4770 6030
1119 39 1124 72 Ι

204 359 266 488 aci
299 430 304 438 ,
783 347 1050 416 nvsrrromo
1072 349 1177 415 nnn.
1198 347 1380 416 onarsv.
1408 351 1638 415 aas-1554.
2148 354 2210 415 aas

1494 512 1496 516 ,
1909 463 2210 532 A19313163clt.

206 565 289 608 mus.
334 541 403 606 Nos
425 548 551 620 autem,
579 549 682 623 quum
702 539 839 604 dicimus
862 538 946 602 nihil
975 539 1010 602 in
1032 558 1067 602 se
1089 558 1183 621 opor·
1235 538 1404 603 novamini
1432 538 1548 621 spiritu
1572 540 1692 603 mentis
1719 547 1848 605 vestrae
1877 452 1910 605 el
1936 539 2062 606 induite
2088 562 2211 607 novum

206 638 275 696 tere
298 628 464 692 hominem
486 627 607 691 intueri
628 621 714 708 quod
731 625 838 708 ipsum
857 624 1042 689 animosum
1058 621 1182 702 reddat,
1236 623 1402 688 hominem
1423 624 1480 707 qui
1507 623 1686 689 secundum
1708 625 1818 689 Deum
1840 633 1968 692 creatus
1991 633 2040 690 est
2061 627 2096 690 in
2117 627 2210 692 iusti-

207 715 422 797 intelligimus
443 712 528 776 nihil
550 733 623 777 esse
637 732 738 795 penes
754 712 863 793 ipsum
881 710 973 775 ouius
989 708 1110 774 fiducia
1128 707 1184 772 de-
1236 710 1283 774 tia
1302 715 1336 773 et
1361 710 1533 781 sanctitate
1560 711 1716 774 veritatis.
1759 711 1844 775 Item
1870 710 1953 796 (001.
1975 716 2003 790 3,
2024 710 2072 796 9):
2102 713 2211 778 Nolite

207 802 284 867 beat
303 799 479 881 superbire.
516 797 637 880 Quare,
661 798 689 862 si
710 796 798 873 libet,
820 817 920 879 quam
937 795 1036 860 homo
1053 795 1104 860 sui
1124 814 1184 858 no·
1235 795 1369 859 mentiri
1384 795 1535 874 invicem,
1559 797 1650 860 exuti
1667 797 1771 861 veteri
1788 797 1920 861 bomine
1938 819 2014 863 cum
2031 799 2211 865 actionibus

205 887 313 951 titiam
340 882 461 949 habere
491 884 601 961 debet,
631 885 677 948 ita
697 883 891 966 partiamur:
920 889 958 945 ut
977 882 1083 963 primo
1104 878 1184 958 loco,
1237 882 1313 960 suis,
1337 887 1370 945 et
1390 880 1496 945 induti
1514 891 1650 961 'novum
1673 883 1728 964 qui
1749 891 1927 948 renovatur
1948 882 2211 967 adagnitionem

205 993 303 1056 quem
324 973 360 1034 in
378 972 479 1035 finem
500 978 628 1036 creatus
649 970 700 1048 sit,
723 976 757 1034 et
778 967 871 1032 donis
888 988 955 1031 non
972 972 1185 1033 contemnan-
1237 973 1270 1032 et
1291 968 1468 1051 imaginem
1490 968 1560 1032 eius
1582 968 1638 1050 qui
1660 970 1783 1033 creavit
1803 968 1906 1034 illum.
1945 968 2049 1035 Vides
2070 978 2108 1034 ut
2128 971 2210 1037 ima·

209 1057 259 1124 dis
278 1057 455 1140 praeditus,
478 1064 620 1139 reputet;
638 1076 704 1138 qua
720 1054 916 1138 cogitatione
933 1051 976 1118 ad
994 1051 1098 1118 divini
1116 1052 1185 1118 cul·
1237 1053 1348 1137 ginem
1365 1053 1428 1117 Dei
1451 1053 1694 1136 intorpretatur,
1718 1055 1977 1119 conformitatem
1994 1075 2094 1138 quam
2116 1058 2210 1139 spiri-

205 1152 260 1209 tus
282 1145 432 1225 vitaeque
456 1143 585 1206 futurae
607 1140 851 1206 meditationem
871 1140 1046 1216 excitatum
1067 1137 1185 1202 deinde
1237 1144 1290 1203 tus
1317 1145 1429 1203 noster
1456 1137 1555 1204 habet
1582 1160 1658 1204 cum
1686 1140 1843 1220 Domino,
1875 1141 1932 1206 ubi
1959 1149 2091 1206 terrena
2117 1144 2211 1209 sorde

206 1251 284 1295 suas
304 1227 484 1307 facultates,
508 1229 560 1294 vel
583 1236 669 1293 certe
686 1225 879 1292 facultatum
900 1225 1045 1308 inopiam
1062 1245 1185 1306 expen-
1237 1232 1432 1309 repurgatus
1464 1224 1549 1288 nihil
1581 1225 1646 1290 nisi
1678 1225 1849 1291 coelestem
1878 1227 2055 1309 puritatem
2087 1230 2209 1312 spirat?

207 1315 278 1394 dat;
306 1335 371 1397 qua
392 1322 562 1397 perspecta
583 1336 650 1379 non
672 1333 766 1378 secus
788 1318 884 1394 atque
910 1312 945 1374 in
968 1310 1111 1374 nihilum
1132 1330 1185 1374 re·
1239 1310 1392 1376 Similiter
1412 1330 1508 1392 wien
1529 1310 1605 1375 olibi
1626 1311 1707 1376 docet
1728 1311 1849 1397 (acor.
1864 1316 1893 1391 3,
1907 1310 1971 1398 18),
1994 1311 2059 1377 Dei
2078 1315 2212 1398 plotium

185 1391 321 1466 'dactus
350 1401 386 1464 in
419 1407 567 1465 extrema
591 1400 778 1465 confusione
808 1399 921 1462 iaceat
976 1396 1053 1461 Huc
1079 1393 1186 1460 tondit
1236 1398 1283 1461 tta
1303 1396 1498 1478 maleam
1517 1396 1604 1460 abis
1624 1399 1850 1478 rcprcesattcri
1870 1399 1905 1462 ia
1926 1398 2094 1482 wanpelio,
2122 1407 2156 1465 at
2177 1402 2212 1467 ia

206 1488 297 1571 prior
318 1485 541 1562 consideratio,
564 1493 603 1549 ut
620 1485 714 1568 quale
732 1484 775 1548 sit
792 1483 934 1549 officium
952 1504 1048 1548 suum
1067 1502 1184 1565 agnos·
1237 1483 1305 1547 eius
1330 1483 1497 1566 imaginem
1524 1482 1780 1564 transformemur
1806 1485 1940 1565 miritae
1965 1486 2066 1549 sandi
2092 1487 2211 1567 cirtae,

207 1580 274 1652 cat;
298 1571 410 1651 altera,
433 1571 511 1654 quid
532 1571 573 1636 ad
594 1572 702 1654 ipsum
724 1568 958 1652 praestandum
980 1568 1096 1633 valeat.
1132 1568 1185 1631 De
1236 1567 1318 1632 cibit
1338 1567 1549 1652 ambiguitatis
1570 1568 1729 1650 relinquit,
1757 1570 1833 1650 quia
1859 1571 1961 1654 imago
1987 1571 2061 1652 ipsc
2080 1572 2213 1638 interius

204 1666 359 1740 utraque,
381 1665 479 1741 prout
498 1659 597 1723 series
619 1655 755 1739 docendi
776 1664 900 1738 poscet,
924 1655 1064 1748 sparsim
1085 1674 1105 1717 a
1125 1674 1185 1717 no·
1237 1656 1279 1719 sit
1305 1655 1429 1719 auimcc
1455 1653 1581 1733 bauai,
1609 1659 1718 1736 siper
1742 1656 1938 1736 spirdaciau
1957 1659 2213 1740 reponentem

205 1745 256 1810 bis
279 1743 464 1810 disseretur
1121 1746 1130 1771 ⁸
1237 1742 1273 1805 ia
1293 1741 1380 1805 nobis
1401 1741 1599 1804 inacurctar.
1643 1741 1734 1824 Ergo
1756 1740 1798 1805 ad
1819 1742 1997 1826 imaginem
2014 1743 2079 1807 Dei
2100 1744 2211 1809 condi-

296 1835 323 1894 6.
368 1831 457 1894 Ante
479 1851 557 1894 vero
575 1850 674 1910 quam
692 1828 734 1892 ad
752 1828 907 1891 miseram
925 1828 1022 1890 istam
1043 1825 1184 1890 hominis
1237 1833 1291 1892 tus
1312 1827 1409 1891 homo
1431 1827 1471 1891 iis
1493 1825 1621 1891 dotibus
1640 1825 1809 1909 praeditus
1830 1827 1900 1907 fuit,
1924 1848 2007 1910 quae
2027 1829 2211 1901 beneficen-

206 1916 424 1980 oonditionem
458 1913 705 1980 describendam
737 1911 982 1997 aggrediamur,
1002 1910 1026 1996 ¹)
1068 1932 1185 1994 operae
1237 1914 1318 1977 tiam
1338 1912 1492 1977 creatoris
1518 1912 1739 1995 largissimam
1764 1934 1843 1997 erga
1868 1915 1976 1996 ipsum
2003 1920 2209 1981 testarentur.

206 2002 348 2082 pretium
371 2007 421 2065 est
440 2006 551 2065 tenere
571 2000 676 2082 qualis
693 2001 800 2082 prima
817 2020 877 2063 sua
893 1997 1076 2062 conditione
1094 2018 1184 2061 crea·
1237 2000 1405 2064 Bonorum
1426 1998 1515 2062 enim
1535 2019 1630 2062 omne
1652 2020 1756 2082 genus
1776 2000 2023 2082 participatione
2045 2022 2120 2066 cum
2141 2003 2210 2085 ipso

207 2093 262 2151 tus
283 2086 382 2150 fuerit
403 2085 509 2150 homo.
555 2085 749 2151 Cavendum
772 2093 822 2149 est
842 2085 929 2149 enim
952 2105 1003 2160 ne,
1028 2083 1107 2147 dum
1124 2104 1184 2148 na·
1238 2084 1449 2162 adhaerebat,
1477 2105 1589 2149 eorum
1610 2106 1699 2149 nexu
1719 2092 1876 2167 perpetuo
1898 2105 1974 2151 cum
1995 2107 2033 2150 eo
2055 2088 2210 2169 victurus,

208 2172 328 2237 turalia
355 2172 497 2236 bominis
524 2172 612 2236 mala
639 2154 913 2248 demonstranlus,
944 2191 983 2233 ea
1015 2167 1185 2234 videamur
1238 2172 1266 2235 si
1287 2171 1328 2253 in⁴
1344 2191 1383 2235 ea
1408 2168 1504 2234 modo
1525 2191 1625 2251 quam
1650 2177 1820 2254 acceperat
1845 2172 2033 2256 integritate
2060 2176 2210 2240 stetisset

206 2257 249 2322 ad
270 2263 408 2321 naturae
429 2266 576 2322 autorem
597 2258 727 2322 referre.
760 2256 803 2320 In
824 2256 886 2321 hoc
908 2256 995 2319 enim
1012 2261 1185 2337 praetextu
1237 2257 1364 2320 Verum
1390 2277 1457 2319 non
1480 2255 1536 2320 diu
1558 2257 1661 2334 stetit,
1692 2255 1831 2322 sedena
1881 2258 2008 2322 rotinus
2038 2259 2212 2343 ingratitu-

207 2365 242 2409 se
264 2343 386 2408 habere
408 2344 487 2408 satis
508 2343 704 2409 defensionis
725 2350 820 2425 putat
840 2342 999 2424 impietas,
1023 2341 1050 2404 si
1070 2341 1184 2404 obten-
1237 2342 1312 2423 dine
1334 2349 1382 2405 tot
1403 2341 1465 2407 sibi
1486 2341 1611 2406 collatis
1631 2342 1797 2408 beneficiis
1817 2344 1853 2407 in
1878 2344 1885 2357 '
1933 2366 1991 2408 um
2007 2366 2043 2410 se
2060 2344 2210 2411 reddidit

208 2429 286 2494 dere
308 2437 415 2512 queat,
438 2429 595 2512 quidquid
612 2429 712 2494 habet
732 2429 803 2493 vitii
822 2450 841 2492 a
857 2428 929 2491 Deo
946 2424 1183 2508 quedammodo
1236 2427 1302 2493 Hic
1330 2428 1388 2492 illa
1415 2426 1561 2492 coelestis
1589 2429 1698 2511 imago
1723 2429 1858 2495 inducta
1879 2439 1912 2495 et
1938 2429 2109 2495 obliterata
2136 2432 2211 2512 fuit3

114 2559 122 2578 ι
207 2515 388 2597 profectum
416 2538 495 2580 esse.
545 2516 614 2581 Nec
643 2514 783 2592 dubitat,
812 2515 840 2578 si
861 2512 1084 2595 redarguitur,
1108 2534 1183 2576 cum
1237 2514 1313 2596 quia
1333 2534 1393 2595 per
1412 2520 1584 2595 peccatum
1604 2515 1712 2579 aDeo
1735 2515 1895 2580 alienatus
1914 2514 1937 2600 ¹)
1959 2515 2057 2580 simul
2075 2538 2096 2581 a
2111 2517 2212 2582 bono-

207 2601 280 2666 Deo
313 2602 382 2683 ipsc
415 2602 544 2685 litigare
572 2601 764 2684 culpamque
786 2600 820 2663 in
841 2620 916 2664 eum
938 2598 1182 2675 transscribere,
1236 2621 1311 2664 rum
1337 2600 1484 2663 omnium
1511 2600 1738 2665 communione
1759 2602 1942 2666 necessario
1963 2601 2099 2681 excidit,
2128 2624 2212 2686 quae

209 2687 302 2752 cuius
323 2688 439 2752 merito
461 2710 519 2752 rea
540 2689 657 2771 agitur.
690 2687 736 2750 Et
757 2686 813 2768 qui
834 2684 1016 2768 religiosius
1037 2684 1125 2765 loqui
1143 2682 1183 2748 de
1235 2685 1368 2750 nonnisi
1399 2685 1530 2767 inipso
1556 2684 1670 2750 haberi
1698 2694 1843 2768 possunt.
1888 2687 1941 2751 Ita
1968 2686 2004 2751 in
2030 2687 2137 2753 locum
2159 2711 2211 2753 ea-

208 2773 344 2837 numine
365 2772 471 2837 videri
491 2774 619 2851 volunt,
647 2772 786 2837 libenter
807 2778 919 2836 tamen
940 2770 1184 2835 excusationem
1235 2771 1387 2854 pientiae,
1399 2772 1540 2849 virtutis,
1553 2772 1746 2851 sanctitatis,
1763 2774 1920 2851 veritatis,
1932 2773 2212 2858 iustitiae,quibus

208 2879 330 2941 pravae
358 2880 436 2924 suae
462 2859 641 2925 voluntatis
673 2863 808 2941 captant
839 2879 859 2920 a
885 2863 1023 2920 natiuae
1051 2876 1182 2920 accusa-
1236 2857 1437 2921 ornamentis
1458 2856 1553 2920 illurn
1574 2858 1733 2923 vestiebat
1745 2858 1810 2922 Dei
1831 2858 2213 2940 similitrdo„ccsserunt

208 2943 349 3029 tione32)
373 2966 439 3007 non
460 2947 639 3028 cogitantes
651 2965 686 3009 se
696 2944 808 3008 Deum
824 2940 958 3026 quoque,
981 2941 1183 3006 licetobscu·
1236 2944 1422 3008 teterrimae
1443 2948 1569 3025 pestes,
1592 2944 1787 3027 ignorantia,
1808 2944 2009 3027 impotentia,
2031 2946 2211 3029 impuritas,

208 3031 292 3109 rius,
321 3029 491 3113 sugillare,
521 3031 613 3096 citius
634 3032 669 3094 in
692 3029 922 3094 contumeliam
942 3026 1115 3105 recideret,
1139 3028 1183 3091 si·
1236 3029 1379 3107 vanitas,
1407 3029 1579 3093 iniustitia:
1608 3030 1725 3112 quibus
1746 3031 1885 3095 miseriis
1907 3031 2081 3097 immersus
2104 3039 2137 3097 et
2157 3033 2213 3097 ob-

99 3193 101 3197 ,
207 3116 286 3198 quid
314 3117 386 3181 vitii
411 3118 518 3181 inesse
545 3124 682 3180 naturae
713 3116 913 3197 probaretur.
966 3111 1079 3193 Quum
1106 3117 1184 3196 ergo
1236 3113 1367 3179 volutus
1403 3113 1518 3179 iisdem
1546 3136 1639 3180 suam
1668 3136 1794 3198 quoquc
1825 3117 2015 3200 progeniem
2044 3118 2211 3203 implicuit

207 3201 378 3269 videamus
400 3223 534 3267 carnem
554 3202 681 3266 inhiare
703 3201 911 3284 subterfugiis
933 3199 1092 3277 omnibus,
1111 3199 1183 3281 qui·
1236 3201 1318 3265 Eius
1336 3201 1424 3264 enim
1443 3201 1621 3284 imaginem
1634 3201 1782 3266 referunt
1801 3223 1823 3267 a
1835 3223 1898 3285 quo
1917 3202 2043 3269 ducunt
2054 3204 2214 3289 originem

206 3288 269 3354 bus
291 3295 457 3370 utcunque
479 3286 662 3372 derivarit)
686 3309 706 3352 a
727 3309 761 3351 se
782 3286 944 3351 malorum
962 3306 1098 3350 suorum
1115 3284 1183 3349 cul·
1235 3293 1270 3351 et
1289 3287 1434 3368 parentis
1456 3286 1507 3350 sni
1527 3286 1704 3369 pollutione
1726 3288 1939 3353 contaminati
1959 3298 2148 3356 nascuntur.

206 3392 284 3456 pam
312 3375 492 3453 existimat,
521 3374 597 3438 huic
624 3373 768 3438 malitiae
790 3372 963 3455 diligenter
984 3370 1183 3435 obviandum
1322 3373 1351 3435 8.
1370 3371 1463 3437 Haec
1474 3378 1524 3437 est
1534 3371 1753 3438 haereditaria
1762 3375 1925 3457 corruptio
1935 3396 2035 3458 quam
2044 3385 2214 3459 peccatum

207 3467 265 3524 est
310 3459 425 3543 Itaque
447 3461 493 3525 sie
514 3459 686 3525 tractanda
709 3466 759 3524 est
785 3458 922 3521 humani
944 3457 1074 3540 generis
1097 3456 1183 3522 cala
1237 3458 1394 3540 originale
1416 3463 1544 3523 veteres
1566 3459 1955 3542 nuncuparunt'peccati
1974 3461 2133 3527 vocabulo
2154 3483 2213 3526 na·

206 3546 314 3625 mites,
337 3546 599 3627 utpraecidatur
615 3547 723 3611 carnis
739 3544 884 3609 malitiae
901 3544 1006 3608 omnis
1024 3543 1183 3626 tergiver-
1237 3550 1330 3607 turae
1363 3551 1461 3608 antea
1489 3543 1592 3609 bonae
1621 3554 1654 3609 et
1679 3567 1783 3627 purae
1809 3545 2075 3629 depravationem
2105 3546 2212 3631 desig·

207 3631 299 3708 satio,
323 3638 357 3694 et
376 3632 500 3697 iustitia
521 3633 656 3697 Domini
679 3632 719 3697 ab
741 3630 830 3694 omni
851 3629 1101 3706 insimulatione,
1124 3649 1183 3692 ne·
1238 3635 1363 3694 nantes.
1408 3627 1484 3710 Qua
1511 3629 1551 3694 de
1582 3651 1618 3695 re
1645 3631 1784 3696 multam
1812 3653 1888 3698 cum
1915 3632 2103 3716 Pelagianis
2135 3653 2212 3697 con·

207 3715 286 3779 dum
309 3717 544 3796 criminatione,
569 3717 767 3797 vindicetur;
795 3717 842 3782 sic
863 3723 988 3793 tamen,
1017 3722 1097 3779 uta
1121 3735 1183 3797 pu·
1238 3716 1449 3781 certationem
1476 3715 1671 3781 habuerunt
1716 3717 1803 3781 Nam
1824 3719 1879 3783 isti
1899 3738 2001 3800 quum
2022 3718 2212 3783 evinceren-

206 3800 337 3865 rissima
367 3804 506 3869 veritate
538 3826 605 3869 non
637 3804 862 3869 deflectamus:
894 3823 977 3885 quae
1005 3799 1085 3865 adeo
1117 3821 1183 3865 non
1237 3802 1477 3866 turmanifesto
1489 3803 1670 3885 scripturae
1682 3803 1867 3868 testimonio
1878 3809 2053 3886 'peccatum
2070 3805 2212 3886 aprime

207 3886 408 3969 suffragatur
429 3890 611 3954 istiusmodi
633 3890 791 3968 absurdis,
814 3895 853 3954 ut
872 3888 914 3953 ad
931 3885 1109 3952 refellenda
1124 3908 1185 3970 per
1237 3887 1370 3952 bomine
1390 3887 1559 3953 transiisse
1580 3889 1616 3952 in
1637 3895 1740 3954 totam
1758 3889 1990 3972 posteritatem,
2013 3889 2213 3956 cavillaban·

207 3992 242 4038 se
265 3972 395 4038 abunde
418 3976 567 4054 sufficiat,
589 3976 646 4041 ubi
667 3979 811 4058 primuni
829 3974 1032 4057 intelligitur.
1236 3979 1292 4038 tur
1313 3973 1481 4039 transiisse
1498 3995 1557 4057 per
1573 3975 1797 4054 imitationem,
1815 3996 1882 4041 non
1897 3975 2119 4059 propaginem.
2148 3977 2213 4041 Er·

295 4062 323 4122 7.
358 4058 446 4123 Nam
461 4067 630 4143 parentem
648 4062 795 4126 omnium
812 4066 961 4125 nostrum
973 4058 1082 4124 Adam
1093 4079 1183 4123 crea·
1237 4079 1278 4142 go
1299 4059 1375 4124 boni
1402 4059 1466 4125 viri
1492 4061 1529 4122 in
1550 4060 1611 4126 hoc
1638 4061 1862 4141 elaborarunt,
1890 4082 1927 4127 ac
1948 4080 2027 4144 prae
2048 4061 2120 4127 aliis
2142 4062 2213 4127 Au·

76 4120 80 4127 ¹
208 4153 280 4209 tum
301 4165 372 4210 esso
394 4154 522 4210 constat
544 4146 585 4210 ad
607 4148 784 4230 imaginem
801 4154 835 4211 et
851 4144 1098 4211 similitudinem
1108 4143 1181 4208 Dei.
1237 4145 1402 4228 gustinus,
1436 4152 1474 4209 ut
1500 4145 1723 4227 ostenderent,
1757 4169 1818 4213 nos
1844 4168 1911 4213 non
1939 4147 2041 4213 ascita
2068 4148 2214 4232 nequitia

208 4228 284 4312 Quo
310 4231 474 4296 indicatur
499 4232 623 4297 factum
644 4254 714 4298 esse
742 4233 934 4316 participem
956 4230 1086 4294 divinae
1112 4235 1183 4293 tum
1237 4231 1414 4313 corrumpi,
1443 4229 1502 4296 sed
1527 4233 1708 4316 ingenitam
1729 4234 1938 4300 vitiositatem
1965 4234 2006 4299 ab
2028 4238 2121 4298 utero
2142 4254 2213 4298 ma·

208 4317 401 4400 sapientiae,
424 4329 496 4381 tum
515 4318 672 4396 iustitiae,
696 4325 767 4384 tum
787 4319 933 4396 virtutis,
957 4323 1028 4380 tum
1047 4315 1184 4398 integri·
1236 4317 1296 4381 tris
1314 4317 1440 4382 afferre.
1469 4315 1567 4398 Quod
1583 4319 1722 4385 inficiari
1739 4341 1886 4385 summae
1902 4319 2124 4403 impudentiae
2140 4318 2210 4383 fuit

208 4403 300 4480 tatis,
323 4403 579 4482 tumveritatis,
609 4411 680 4468 tum
701 4405 914 4470 innocentiae.
960 4402 1074 4484 Neque
1095 4400 1183 4464 enim
1237 4400 1306 4467 Sed
1332 4401 1587 4488 Pelagianorum
1618 4413 1651 4470 et
1683 4403 1964 4471 Ocelestianorum
1994 4406 2212 4471 temeritatem

207 4489 452 4571 probabilis¹est
468 4510 581 4554 eorum
597 4511 697 4568 error,
716 4491 773 4573 qui
789 4487 1035 4554 similitudinem
1053 4492 1086 4551 et
1101 4487 1184 4551 ima·
1236 4510 1303 4553 non
1329 4488 1503 4554 mirabitur
1528 4490 1584 4572 qui
1605 4511 1647 4555 ex
1672 4491 1761 4555 illius
1781 4493 1885 4557 sancti
1907 4493 1970 4557 viri
1991 4491 2212 4556 monumentis

208 4573 318 4657 ginem
339 4574 405 4639 Dei
425 4575 461 4641 in
482 4574 650 4640 dominatu
671 4576 719 4640 illi
740 4574 860 4641 tradito
880 4574 1006 4652 locant;
1036 4593 1074 4637 ac
1096 4573 1124 4637 si
1145 4593 1183 4636 eo
1235 4574 1439 4658 perspexerit
1466 4595 1566 4657 quam
1591 4576 1714 4642 fuerint
1734 4577 1770 4641 in
1792 4577 1864 4643 aliis
1886 4578 2037 4644 omnibus
2066 4576 2212 4660 perditae

207 4659 276 4725 solu
296 4656 408 4726 Deum
429 4661 550 4726 referre
572 4661 748 4742 diceretur,
771 4662 847 4744 quia
868 4661 1064 4728 constitutus
1084 4658 1184 4722 fircrit
1235 4660 1352 4725 frontis
1372 4660 1503 4725 bestiae.
1544 4660 1643 4728 Oerte
1664 4685 1731 4727 non
1749 4661 1940 4748 ambiguum
1962 4671 2012 4729 est
2033 4661 2119 4748 quod
2135 4684 2212 4728 con·

207 4746 355 4809 omnium
377 4747 568 4815 animalium
589 4747 738 4814 dominus
760 4756 794 4813 et
811 4748 941 4813 arbiter.
986 4745 1059 4809 Nisi
1075 4745 1183 4810 maius
1235 4747 1348 4811 fitetur
1367 4745 1479 4814 David
1501 4746 1603 4832 (Psal.
1626 4752 1675 4828 51,
1695 4746 1740 4832 7),
1761 4770 1796 4814 se
1816 4751 1852 4814 in
1873 4748 2099 4832 iniquitatibus
2121 4748 2212 4832 geni-

207 4829 355 4896 subesset
370 4832 447 4900 huic
464 4835 643 4899 sententiae
663 4834 800 4917 pondus,
822 4855 891 4898 non
903 4833 997 4897 toties
1018 4836 1183 4914 repetere-
1236 4838 1315 4913 tum,
1339 4838 1373 4896 et
1392 4832 1429 4896 in
1449 4840 1582 4915 peccato
1604 4855 1701 4900 conce
1723 4841 1795 4900 tum
1817 4844 1971 4900 amatre.
2005 4835 2082 4899 Non
2104 4834 2214 4920 argrit

205 4924 262 4980 tur
289 4939 310 4982 a
340 4918 442 4984 Mose.
486 4919 534 4985 Et
551 4920 676 4986 Paulus
701 4941 832 4985 omnem
854 4918 894 4985 de
916 4920 980 4984 ista
996 4938 1031 4982 re
1053 4923 1182 4983 contro-
1236 4916 1302 4983 illia
1322 4919 1426 5001 patris
1448 4923 1506 4982 aut
1525 4921 1641 4986 matris
1663 4855 1795 5001 dalea
1817 4921 1883 5000 scd,
1906 4942 1970 5005 quo
1991 4921 2056 4986 Dei
2076 4942 2156 5005 erga
2177 4941 2213 4985 se

205 5003 348 5067 versiam
365 5002 490 5069 dirimit
506 5026 608 5089 quum
624 5007 671 5072 ita
687 5006 830 5088 loquitur
850 5005 950 5090 (Ilph.
969 5009 1000 5083 4,
1019 5003 1090 5087 23):
1113 5003 1182 5067 Re-
1235 5004 1414 5069 bonitatem
1434 5003 1553 5070 melius
1574 5005 1792 5087 commendet,
1815 5008 1965 5092 propriae
1986 5007 2212 5091 perversitatis

202 5206 310 5345 3)AE
333 5210 517 5336 :ffidr‘ssua
532 5209 601 5266 1550
632 5217 659 5265 et
683 5227 753 5282 seqq.
838 5209 869 5278 2)
901 5211 1073 5265 excusatione
1101 5206 1179 5262 1553.
1302 5277 1316 5330 1

309 5317 316 5330 .
533 5295 603 5351 seqq.
1317 5277 1331 5346 )
1349 5277 1414 5332 add.
1432 5277 1513 5331 homo
1532 5276 1601 5332 1550
1618 5284 1642 5332 ct
1660 5293 1729 5350 seqq.
