4770 6030
228 341 288 402 751
800 333 1066 400 INSTITUTIO
1088 336 1192 400 REL.
1217 334 1398 401 effluam
1424 338 1654 398 isca-1554.
2165 339 2229 400 752

225 525 311 609 quod
340 548 406 590 non
433 525 477 588 sit
508 546 549 588 ex
576 524 675 607 vulgo
706 524 891 602 hominum,
915 531 973 588 aut
993 515 1117 606 raptor,
1145 531 1203 587 aut
1255 523 1405 605 quillitas.
1451 431 2228 608 1113333333113333113115111113111131131-

227 614 375 689 13133133,
401 617 459 674 331
481 609 623 687 3131133;
646 610 799 692 quoniam
821 609 871 673 bis
893 610 1201 674 13133333113331-
1255 617 1330 671 tura
1362 630 1422 672 nos
1455 609 1604 672 hortetur
1633 607 1675 671 ad
1707 607 1907 673 reddendam
1934 610 1993 673 soli
2021 610 2094 673 Deo
2121 610 2228 676 laudis

224 700 308 775 bato,
328 697 469 761 decimas
488 695 581 760 daret
598 697 837 777 omniumquae
854 695 1047 777 possidebat.
1076 696 1202 777 Aperta
1254 694 1505 772 confessionem,
1534 694 1591 757 ubi
1618 693 1658 757 13
1685 694 1810 758 iustitia
1836 696 1953 777 agitur.
2004 696 2112 777 Atque
2145 696 2227 760 adeo

224 784 424 849 confessione
452 783 599 865 agnoscit
626 802 695 846 esse
717 781 781 844 Dei
809 780 945 859 donum,
974 801 1073 862 quam
1103 780 1201 844 habet
1254 780 1342 845 hunc
1367 781 1467 843 finem
1495 780 1639 844 Domino
1670 780 1770 844 fuisse
1796 787 1935 844 testatur
1957 781 2121 861 apostolus
2149 803 2226 846 con-

224 869 396 946 iustitiam3
425 867 481 932 sed
504 868 579 949 quia
600 868 725 932 iustum
746 888 781 931 se
802 886 872 931 osse
894 866 1042 942 confidit,
1065 865 1200 931 discedit
1253 865 1407 929 ferendae
1439 865 1532 930 nobis
1564 866 1599 928 in
1632 864 1764 930 Christo
1802 867 1961 944 11311133,
2000 873 2037 929 31
2069 868 2227 932 iustitiam

224 975 245 1018 a
270 955 352 1018 facie
380 954 443 1018 Dei
472 955 622 1036 ingratus
651 959 684 1017 et
711 951 848 1017 odiosus.
893 953 1094 1017 Publicanus
1122 974 1200 1016 suae
1253 972 1347 1014 suam
1375 949 1620 1016 demonstraret
1670 951 1751 1014 Mox
1778 973 1855 1015 vero
1883 951 1987 1033 qualis
2015 951 2072 1016 illa
2100 954 2143 1017 sit
2170 953 2227 1018 de-

224 1040 405 1122 iniquitatis
424 1039 593 1122 agnitione
621 1039 824 1103 iustificetur.
870 1039 959 1102 Hinc
981 1037 1092 1102 videre
1113 1038 1199 1114 lieet,
1254 1037 1447 1100 monstratio
1480 1037 1660 1120 subiungit:
1701 1058 1818 1118 nempe
1851 1037 1879 1101 si
1912 1037 1999 1101 33133
2032 1037 2086 1101 ille
2120 1040 2226 1104 iustus

223 1132 347 1208 quanta
375 1127 418 1189 sit
444 1124 682 1189 humiliationis
711 1131 840 1187 nostrae
869 1124 976 1206 gratia
998 1145 1108 1188 coram
1130 1124 1200 1187 Do·
1252 1130 1474 1204 cognoscatur,
1498 1144 1535 1187 ac
1556 1122 1735 1187 iustificans
1757 1144 1833 1187 eum
1854 1124 1909 1203 qui
1931 1131 1981 1186 est
2002 1145 2044 1187 311
2063 1122 2127 1188 113
2148 1125 2226 1188 Ι333

223 1213 327 1275 mino:
357 1218 394 1275 ut
420 1232 487 1274 non
515 1217 624 1291 pateat
651 1209 876 1291 suscipiendae
902 1210 1038 1273 Domini
1071 1210 1199 1274 miseri-
1253 1206 1378 1271 Christi
1400 1207 1509 1293 (Rom.
1531 1212 1628 1286 3,25.
1649 1207 1714 1291 26).
1759 1207 1862 1272 Vides
1888 1210 2047 1273 iustitiam
2067 1210 2130 1273 Dei
2159 1232 2225 1274 non

224 1297 352 1363 cordiae
384 1304 512 1378 pectus,
546 1297 610 1359 nisi
638 1297 725 1359 omni
754 1296 904 1377 propriae
932 1294 1099 1377 dignitatis
1132 1295 1200 1376 opi·
1253 1294 1331 1357 satis
1363 1293 1536 1377 illustrari,
1570 1294 1634 1358 nisi
1660 1302 1693 1357 et
1725 1292 1812 1358 solus
1840 1302 2011 1359 censeatur
2039 1296 2157 1372 iustus,
2191 1305 2226 1359 31

224 1384 322 1447 31333
353 1404 485 1464 prorsus
518 1404 667 1446 vacuum.
720 1381 812 1446 Haec
845 1381 900 1445 ubi
934 1381 1117 1463 occupavit,
1150 1379 1205 1443 illi
1251 1379 1498 1443 immerentibus
1526 1380 1669 1443 iustitiae
1696 1380 1837 1462 gratiam
1859 1380 2097 1445 communicet?
2151 1380 2225 1446 Hac

224 1468 347 1534 claudit
374 1467 507 1532 aditum.
556 1465 653 1546 Quod
685 1488 727 1531 ne
749 1468 801 1531 cui
830 1466 965 1530 dubium
992 1466 1090 1542 foret,
1124 1487 1199 1531 cum
1251 1464 1377 1528 ratione
1410 1464 1482 1528 vult
1514 1486 1610 1528 omne
1638 1486 1673 1529 os
1702 1465 1861 1542 obturari,
1891 1474 1924 1529 31
1950 1465 2129 1530 obnoxium
2161 1467 2224 1532 sibi

223 1554 285 1618 hoo
306 1553 461 1618 mandato
484 1552 636 1617 dimissus
664 1559 714 1618 est
736 1551 888 1617 Christus
915 1573 936 1615 a
960 1558 1053 1633 patre
1074 1552 1111 1614 in
1133 1558 1199 1614 133-
1251 1548 1343 1613 reddi
1370 1549 1560 1615 universum
1586 1551 1763 1631 mundum;
1796 1552 1872 1633 quia
1905 1553 2095 1634 quantisper
2128 1552 2227 1617 habet

223 1661 304 1718 ram,
326 1645 364 1704 ut
385 1639 623 1722 evangelizaret
643 1637 848 1720 pauperibus,
871 1637 1057 1702 mederetur
1078 1639 1199 1702 contri·
1251 1635 1357 1711 homo,
1381 1635 1466 1717 quod
1487 1637 1522 1699 in
1544 1657 1638 1700 suam
1659 1635 1879 1701 defensionem
1895 1636 2054 1719 loquatur,
2075 1638 2140 1701 Dei
2157 1639 2228 1721 glo-

224 1726 267 1791 tis
300 1724 408 1801 corde,
447 1724 652 1806 praedicaret
680 1724 816 1806 captivis
848 1723 1047 1800 libertatem,
1080 1723 1198 1787 clausis
1251 1721 1320 1784 3133
1342 1721 1492 1784 nonnihil
1515 1721 1648 1787 decedit.
1684 1721 1739 1788 Sic
1759 1722 1846 1804 apud
1863 1723 2070 1787 Ezechielem
2087 1723 2153 1807 (20,
2168 1726 2226 1807 43)
2262 1790 2271 1808 ¹

224 1813 433 1894 apertionem,
457 1810 680 1875 consolaretur
700 1810 903 1892 languentes,
927 1808 1019 1873 daret
1040 1808 1106 1871 illis
1129 1808 1197 1890 glo·
1251 1806 1359 1884 docet,
1383 1814 1580 1888 quantopere
1608 1829 1649 1871 311
1678 1808 1899 1891 recognitione
1920 1816 2050 1873 nostrae
2071 1808 2225 1890 iniquita-

224 1898 308 1961 riam
335 1918 395 1979 pro
423 1897 543 1972 cinere,
572 1896 679 1959 oleum
705 1917 765 1976 pro
790 1895 893 1973 luctu,
928 1894 1066 1976 pallium
1091 1893 1198 1958 133113
1250 1892 1292 1955 tis
1314 1912 1434 1955 nomen
1463 1914 1559 1956 33313
1588 1893 1813 1977 glorificemus.
1865 1894 2143 1972 Recordabimini,
2172 1896 2225 1958 in·

223 2004 283 2065 pro
313 1983 430 2064 spiritu
459 1982 615 2046 moeroris
637 1981 713 2065 (Ies.
735 1984 784 2058 61,
807 1980 848 2064 1).
894 1978 1084 2045 Secundum
1111 1979 1198 2043 istud
1250 1978 1334 2059 quit,
1364 1978 1508 2056 via-rum,
1542 1986 1574 2042 et
1600 1980 1748 2043 omnium
1776 1977 1936 2044 scelerum
1964 1980 2091 2062 quibus⁴
2108 1980 2224 2061 polluti

223 2067 417 2132 mandatum
438 2068 568 2131 nonnisi
584 2067 769 2131 laborantes
786 2071 819 2129 et
835 2073 986 2130 oneratos
1003 2064 1045 2129 ad
1066 2066 1197 2146 partici-
1251 2064 1343 2127 estis:
1378 2070 1411 2126 et
1433 2063 1643 2145 displicebitis
1666 2066 1758 2130 vobis
1780 2066 1814 2129 in
1841 2074 2015 2147 conspectu
2036 2074 2160 2144 vestro,
2189 2068 2225 2129 in

222 2153 367 2236 pandam
384 2174 478 2217 suam
503 2153 749 2217 beneficentiam
765 2153 885 2216 invitat
907 2150 1042 2236 (Mat-th.
1064 2155 1112 2229 ll,
1131 2149 1196 2234 28).
1250 2148 1400 2213 omnibus
1427 2149 1560 2214 malitiis
1590 2172 1670 2232 quas
1698 2152 1918 2229 commisistis3
1952 2158 1986 2215 et
2012 2152 2120 2216 scietis
2149 2153 2226 2234 quia

311 2242 360 2301 22.
405 2239 495 2320 Ergo
524 2239 552 2303 31
582 2236 707 2302 Christi
735 2239 897 2301 vocationi
924 2237 1031 2302 locum
1054 2236 1131 2300 dare
1158 2236 1198 2298 li-
1251 2255 1311 2317 ego
1339 2235 1518 2313 Dominus,
1546 2257 1647 2317 quum
1673 2236 1861 2302 benefecero
1889 2237 1980 2302 vobis
2008 2247 2141 2320 propter
2167 2259 2226 2301 no-

223 2325 295 2402 bet,
325 2325 462 2398 facessat
481 2323 594 2406 procul
615 2324 720 2387 omnis
745 2344 764 2386 a
791 2323 883 2388 uobis
905 2330 976 2386 tum
999 2322 1196 2406 arrogantia,
1250 2341 1326 2383 meu
1352 2341 1477 2399 meum,
1507 2328 1540 2384 et
1567 2342 1633 2386 non
1660 2321 1840 2386 secuudum
1866 2322 1989 2388 scelera
2015 2331 2126 2388 vestra
2152 2344 2225 2405 pes-

224 2416 298 2473 tum
320 2411 485 2474 securitas.
515 2409 579 2473 Illa
602 2431 644 2473 ex
665 2408 767 2473 stulta
788 2410 938 2492 propriae
959 2408 1103 2473 iustitiae
1124 2429 1198 2490 per·
1250 2406 1341 2469 sima.
1387 2404 1425 2470 Si
1453 2406 1534 2471 haec
1563 2409 1597 2471 in
1619 2429 1699 2472 vera
1722 2408 1787 2472 Dei
1808 2409 1924 2472 notitia
1945 2410 2166 2487 continentur,
2190 2416 2227 2474 31

224 2496 375 2561 suasione
402 2496 562 2573 nascitur,
591 2494 647 2559 ubi
675 2495 771 2558 homo
794 2495 915 2558 habere
937 2516 971 2558 se
994 2492 1117 2576 ahquid
1138 2515 1199 2575 pu·
1249 2492 1399 2574 propriae
1432 2492 1612 2574 iniquitatis
1645 2495 1841 2558 conscientia
1868 2496 1971 2559 attriti
2002 2495 2095 2558 nobis
2128 2495 2226 2559 1333-

223 2587 289 2659 131,
316 2582 408 2646 cuius
433 2581 550 2645 merito
577 2580 664 2663 apud
690 2581 800 2644 Deum
829 2578 1087 2658 commendetur;
1117 2579 1199 2643 haec
1250 2577 1356 2641 facere
1378 2577 1520 2661 indignis
1542 2579 1635 2643 illum
1657 2587 1854 2661 3333131333,
1878 2579 1956 2661 quid
1977 2601 2096 2663 magno
2115 2588 2226 2644 nostro

224 2668 324 2733 etiam
361 2668 432 2730 sine
468 2666 537 2730 ulla
568 2687 704 2749 operum
736 2666 945 2748 persuasione
970 2687 1049 2729 3333
1083 2670 1196 2747 331331.
1250 2662 1337 2726 malo
1365 2669 1545 2743 tentamus,
1572 2666 1625 2729 vel
1655 2664 1756 2730 ullam
1782 2666 1977 2748 particulam
1998 2687 2039 2729 311
2066 2667 2128 2730 1313
2150 2686 2227 2748 gra-

224 2752 324 2819 Multi
346 2753 434 2816 enim
454 2757 648 2834 peccatores,
671 2752 747 2833 quia
764 2752 919 2816 vitiorum
937 2749 1106 2815 dulcedine
1128 2751 1199 2814 ine·
1250 2750 1353 2812 tuitae
1381 2749 1593 2834 benignitatis
1616 2751 1711 2816 laude
1732 2751 1875 2816 Domino
1903 2750 2076 2816 suffurari?
2124 2749 2226 2815 Simi-

223 2838 321 2904 briati
344 2837 408 2902 Dei
427 2837 585 2903 iudicium
606 2859 672 2901 non
694 2838 856 2920 cogitant,
885 2845 1044 2918 tanquam
1064 2844 1199 2901 veterno
1250 2833 1325 2898 liter
1346 2834 1503 2899 Ieremias
1526 2835 1570 2921 (9,
1591 2837 1656 2923 23),
1678 2836 1757 2901 1313
1779 2837 1911 2902 elamat:
1934 2859 1976 2901 ne
1995 2836 2152 2920 glorietur
2174 2859 2227 2901 sa·

223 2923 365 3007 quodam
386 2923 599 3006 obstupefacti
621 2925 737 3000 iacent,
761 2944 803 2986 ne
826 2923 972 3006 aspirent
993 2921 1035 2987 ad
1057 2921 1199 2986 oblatam
1250 2920 1343 3001 piens
1375 2921 1410 2984 13
1442 2921 1602 3002 sapientia
1627 2945 1700 3001 3113,
1733 2929 1790 2987 331
1816 2923 1907 2988 dives
1934 2924 1969 2986 in
1998 2922 2120 2988 divitiis
2149 2925 2225 3002 suis,

222 3010 286 3076 3111
313 3009 578 3074 misericordiam
628 3009 675 3072 At
702 3030 780 3073 vero
806 3030 873 3072 non
900 3009 1009 3072 minus
1031 3009 1199 3072 excutien·
1252 3014 1309 3069 aut
1337 3006 1429 3071 fortis
1456 3008 1491 3070 in
1517 3008 1707 3073 fortitudine
1729 3029 1801 3086 sua3
1829 3008 1886 3074 sed
1912 3009 1968 3090 qui
1990 3009 2163 3092 gloriatur,
2192 3011 2226 3072 in

224 3095 285 3159 dus
318 3094 393 3159 talis
425 3102 550 3177 torpor,
583 3116 682 3177 quam
715 3093 898 3159 abiicienda
929 3095 1065 3176 quaevis
1096 3094 1198 3157 nostri
1251 3091 1393 3157 Domino
1416 3091 1585 3175 glorietur:
1609 3116 1718 3159 annon
1739 3095 1854 3173 innuit,
1877 3093 1917 3159 de
1939 3095 2043 3178 gloria
2060 3095 2124 3159 Dei
2144 3116 2227 3159 non·

224 3179 433 3259 confidentia,
461 3200 524 3261 quo
551 3179 696 3262 expediti
729 3180 771 3244 ad
798 3179 969 3245 Christum
992 3180 1198 3257 festinemus;
1251 3176 1336 3240 nihil
1358 3177 1514 3259 deperire,
1537 3180 1565 3243 si
1587 3181 1623 3243 in
1644 3181 1818 3262 semetipso
1840 3179 1936 3246 homo
1958 3179 2139 3264 gloriatin?

223 3286 288 3348 quo
312 3267 406 3331 vacui
435 3273 468 3329 et
494 3267 597 3330 ieiuni
624 3266 755 3348 impleri
784 3267 887 3347 ipsius
914 3266 1006 3331 bonis
1033 3286 1198 3348 queamus.
1336 3267 1387 3327 24.
1431 3264 1484 3328 Ita
1506 3272 1555 3329 331
1582 3287 1675 3331 sane:
1705 3286 1874 3347 nunquam
1901 3267 1936 3330 in
1963 3268 2032 3348 ipso
2058 3288 2136 3331 vere
2158 3266 2227 3349 glo-

223 3352 403 3434 Nunquam
433 3353 521 3416 enim
543 3352 592 3415 illi
614 3352 693 3416 satis
715 3350 930 3430 confidemus,
958 3352 1022 3416 nisi
1044 3351 1084 3415 de
1106 3351 1199 3415 nobis
1251 3350 1384 3427 riamur,
1407 3350 1471 3413 nisi
1492 3359 1604 3416 nostra
1626 3352 1730 3436 gloria
1751 3353 1881 3434 penitus
1904 3351 2053 3417 abdicati.
2093 3351 2225 3431 Contra,

223 3439 354 3521 penitus
376 3437 482 3502 diffisi.
526 3437 705 3520 Nunquam
726 3437 762 3500 in
788 3439 858 3519 ipso
880 3438 959 3502 satis
981 3438 1107 3501 animos
1136 3439 1199 3500 eri·
1252 3435 1313 3500 hoc
1341 3434 1529 3500 habendum
1557 3447 1606 3502 331
1633 3437 1828 3503 catholicum
1857 3439 2039 3502 theorema:
2071 3437 2228 3503 adversus

224 3546 354 3609 gemus,
383 3524 449 3588 nisi
475 3525 567 3605 prius
594 3525 630 3587 in
658 3523 751 3587 nobis
773 3523 922 3588 deiectos.
966 3523 1143 3605 Nunquam
1165 3524 1199 3586 in
1251 3521 1361 3585 Deum
1390 3520 1537 3603 gloriari,
1566 3523 1748 3606 quicunque
1770 3524 1805 3588 in
1826 3545 1861 3588 se
1881 3523 2071 3607 gloriantur.
2117 3522 2227 3606 Siqui-

224 3611 295 3692 ipso
327 3630 388 3673 nos
421 3608 500 3673 satis
534 3609 724 3685 solabimur,
766 3610 830 3673 nisi
862 3610 896 3673 in
928 3609 1022 3673 nobis
1055 3607 1198 3673 desolati.
1252 3604 1327 3671 dem
1347 3607 1394 3671 113
1416 3605 1548 3672 demum
1569 3607 1662 3673 reddi
1683 3611 1860 3674 obnoxium
1880 3611 1952 3674 Deo
1974 3609 2133 3673 mundum
2152 3631 2227 3675 cen·

226 3695 363 3761 Gratiae
394 3716 472 3778 ergo
504 3696 569 3760 Dei
600 3694 893 3777 apprehendendae
925 3717 962 3759 ac
995 3694 1199 3774 obtinendae,
1252 3699 1302 3757 set
1323 3693 1447 3759 Paulus
1469 3694 1579 3777 (Rom
1601 3699 1629 3773 3,
1652 3694 1719 3779 19),
1749 3694 1828 3759 1331
1848 3717 1982 3777 prorsus
2004 3694 2156 3776 adempta
2178 3705 2228 3760 est

225 3780 350 3845 abiecta
382 3779 512 3862 quidem
543 3801 677 3862 prorsus
710 3782 813 3845 nostri
844 3781 978 3859 fiducia,
1015 3781 1090 3844 freti
1123 3802 1200 3845 vero
1253 3778 1439 3844 hominibus
1465 3781 1599 3862 quaevis
1627 3780 1788 3863 gloriandi
1817 3782 1962 3846 13313113.
2007 3779 2150 3844 Proinde
2173 3781 2227 3843 Ie·

225 3865 295 3930 sola
320 3865 475 3930 bonitatis
503 3867 572 3930 eius
600 3866 794 3930 certitudine
822 3866 930 3931 idonei
957 3888 1083 3944 sumus,
1111 3865 1197 3944 dum,
1253 3866 1337 3929 33133
1364 3863 1431 3950 (45,
1453 3866 1525 3950 25),
1555 3888 1656 3949 quum
1681 3868 1943 3932 iustificationum
1963 3865 2066 3930 Israel
2096 3866 2132 3928 in
2153 3866 2227 3930 Deo

224 3957 263 4015 ut
290 3951 337 4014 ait
365 3951 579 4034 Augustinus,
594 3950 619 4036 ¹)
652 3960 765 4016 nostra
792 3952 910 4017 merita
936 3952 1041 4030 obliti,
1076 3950 1201 4016 Christi
1251 3949 1319 4013 fore
1347 3949 1532 4030 denuntiat,
1560 3951 1651 4016 addit
1671 3953 1769 4017 simul
1791 3962 1824 4018 et
1852 3951 1997 4029 laudem;
2025 3952 2117 4032 quasi
2139 3951 2227 4016 dice·

225 4035 312 4101 dona
345 4036 579 4120 amplectimur.
634 4037 686 4100 Ne
723 4038 852 4121 longius
885 4038 939 4102 hic
980 4039 1199 4116 immoremur,
1252 4043 1316 4112 ret,
1339 4036 1375 4100 in
1397 4035 1485 4102 huno
1506 4039 1606 4102 finem
1629 4060 1649 4102 a
1670 4039 1813 4103 Domino
1838 4038 2008 4104 iustificari
2029 4037 2161 4116 electos,
2190 4046 2228 4101 ut

225 4122 404 4188 habeamus
426 4123 575 4200 brevem,
603 4122 661 4188 sed
687 4124 875 4206 generalem
897 4129 1082 4205 certamque
1104 4145 1200 4206 regu-
1251 4123 1288 4187 in
1316 4123 1396 4203 ipso,
1419 4144 1485 4187 non
1513 4123 1589 4188 alibi
1617 4124 1805 4207 glorientur.
1841 4122 1990 4204 Qualiter
2019 4130 2129 4188 3111313
2156 4124 2226 4187 133-

225 4207 307 4272 1313;
348 4230 423 4272 3331
456 4208 496 4272 31
523 4208 764 4291 partioipandos
797 4209 927 4274 divinae
960 4209 1200 4275 misericordiae
1252 4207 1323 4272 dari
1352 4231 1411 4273 nos
1438 4211 1473 4272 in
1492 4210 1636 4274 Domino
1664 4213 1849 4290 conveniat,
1879 4211 2027 4293 proximo
2049 4231 2148 4275 versu
2170 4209 2226 4273 do-

224 4294 349 4358 fruotus
371 4301 603 4376 comparatum,
624 4296 734 4376 quise
756 4296 872 4378 ipsum,
892 4317 959 4360 non
977 4295 1048 4359 dieo
1066 4295 1199 4373 iustitia,
1253 4304 1372 4358 cuerat.
1421 4296 1548 4378 Nempe
1575 4303 1612 4359 ut
1640 4297 1784 4362 iuremus
1812 4318 1882 4362 3333
1910 4298 1946 4361 13
1966 4297 2108 4361 Domino
2134 4295 2226 4358 iusti-

225 4400 308 4461 quae
330 4380 421 4444 nulla
448 4387 512 4457 cst,
536 4379 593 4446 331
615 4402 702 4445 vana
729 4388 926 4464 ventosaque
948 4381 1092 4445 iustitiae
1119 4380 1201 4443 ima-
1253 4381 1316 4445 1133
1337 4390 1466 4446 nostras
1488 4390 1521 4445 31
1543 4382 1768 4446 fortitudinem
1791 4391 1944 4448 nostram.
1991 4381 2139 4447 Observa
2161 4402 2227 4444 non

227 4466 1201 4549 31333331133311333131333313313333133333111311
1253 4467 1341 4550 exigi
1369 4467 1550 4550 simplicem
1577 4469 1825 4541 confessionem,
1860 4467 1918 4533 331
1945 4470 2128 4533 iuramento
2151 4488 2226 4531 con·

225 4550 449 4633 impedimenti
476 4553 539 4616 Dei
569 4553 802 4617 beneficentiae
824 4558 983 4634 quantum
1010 4551 1045 4614 in
1067 4572 1101 4614 33
1130 4552 1199 4633 1333
1253 4553 1432 4632 firmatam;
1461 4554 1601 4619 331313
1622 4555 1730 4620 333313
1750 4576 1814 4636 qua
1841 4555 2025 4619 humilitate
2048 4552 2228 4636 defungen-

226 4637 409 4719 acquiescit.
1254 4637 1333 4702 dum
1357 4647 1460 4720 putes.
1510 4640 1624 4722 Neque
1653 4640 1706 4706 hic
1735 4648 1886 4706 causetur
1914 4641 2074 4723 quispiam
2103 4661 2138 4702 se
2171 4661 2227 4701 ne-

314 4727 363 4786 23.
409 4723 518 4805 Atque
545 4725 676 4786 omnino
706 4721 836 4803 quidem
858 4720 921 4785 duo
952 4721 1005 4785 hic
1028 4723 1201 4806 praecipue
1253 4745 1416 4806 quaquam
1433 4724 1574 4808 gloriari,
1598 4725 1685 4805 dum,
1708 4728 1790 4792 citra
1808 4727 2038 4810 arrogantiam,
2062 4724 2228 4806 propriam

226 4806 402 4890 spectanda
424 4816 512 4873 srmt:
541 4815 578 4872 ut
599 4808 741 4871 Domino
771 4806 895 4870 illibata
917 4813 1055 4883 constet,
1086 4831 1123 4875 ac
1144 4830 1200 4875 ve-
1253 4811 1411 4874 iustitiam
1432 4813 1647 4895 recognoscit;
1669 4813 1744 4877 talis
1762 4813 1849 4876 enim
1871 4811 2051 4876 aestimatio
2073 4829 2228 4873 essenon

226 4890 287 4956 luti
309 4901 397 4958 sarta
419 4901 513 4970 tecta,
537 4914 597 4958 333
617 4892 735 4975 gloria;
758 4893 963 4957 conscientiis
981 4914 1059 4958 vero
1080 4896 1200 4960 nostris
1252 4903 1359 4977 potest
1384 4899 1464 4979 quin
1486 4897 1639 4962 fiduciam
1660 4904 1808 4981 generet,
1836 4919 1896 4961 neo
1917 4895 2037 4960 fiducia
2058 4894 2136 4975 quin
2158 4894 2228 4976 glo·

228 4999 337 5043 coram
359 4981 460 5061 ipsius
486 4978 618 5055 iudioi0,
648 4976 775 5059 placida
796 4979 887 5061 quies
907 5001 945 5044 ac
972 5000 1088 5045 serena
1110 4989 1200 5045 tran·
1253 4982 1337 5045 riam
1361 4983 1475 5064 pariat.
1526 4983 1773 5048 Meminerimus
1807 5003 1884 5066 ergo
1916 4982 1950 5043 in
1983 4985 2052 5042 tota
2085 4979 2228 5044 iustitiae

884 5069 890 5087 ⁸
1254 5066 1471 5148 disputatione
1498 5071 1600 5133 finem
1621 5069 1709 5133 hunc
1730 5090 1800 5133 esse
1826 5064 2052 5148 spectandum,
2081 5072 2119 5128 ut
2140 5066 2228 5130 illius

1252 5152 1325 5217 laus
1361 5175 1461 5237 33333
1498 5154 1678 5219 1)31313331
1716 5151 1819 5219 solida
1856 5153 2048 5234 integraque
2086 5159 2225 5217 maneat.

296 5251 326 5318 1)
343 5253 383 5303 De
403 5251 476 5302 verb.
495 5258 581 5318 apost..
600 5250 818 5320 3311380143
1253 5235 1524 5322 Quandoquidem
1555 5241 1590 5304 in
1623 5237 1931 5304 demonstrationem
1962 5238 2107 5311 iustitiae
2138 5260 2226 5317 suae,

230 5152 432 5160 *wr-
