4770 6030
863 402 866 406 ,
976 357 1344 425 PROLEGOMENA.
1436 370 1439 377 ’
2016 366 2157 433 XXXV

156 548 444 630 comprehenditur
471 549 673 614 ternionibus
702 549 919 632 quadraginta
945 556 978 612 et
1004 548 1110 613 tribus
1132 567 1271 629 quorum
1292 556 1402 632 tamen
1425 549 1488 614 duo
1514 552 1670 632 postremi
1690 573 1786 616 suum
1808 552 1960 616 foliorum
1982 576 2157 620 numerum

157 680 225 723 non
255 659 430 724 absolvrmt
456 659 601 744 (A-Z;
624 659 745 744 a-v).
794 661 942 744 Paginae
969 666 1048 725 sunt
1069 660 1374 742 quinquagenorum
1401 667 1434 725 et
1462 670 1694 743 quaternorum
1720 684 1876 729 versuum
1900 665 2097 747 quingentae
2124 675 2158 732 et

156 772 313 853 quinque,
342 772 388 834 ita
415 779 528 835 tamen
557 773 704 855 signatae
726 779 762 836 ut
783 793 813 854 p.
836 776 905 835 168.
929 773 978 836 bis
999 778 1117 848 exstet,
1147 792 1178 854 p.
1199 776 1271 836 408.
1301 773 1421 836 omissa
1448 773 1499 838 sit
1544 772 1586 837 Ι6
1607 774 1676 837 fine
1703 776 1861 857 repetitur
1882 797 1924 839 ex
1946 776 2042 841 titulo
2064 786 2157 863 typo-

156 882 275 966 graphi
304 904 424 947 nomen
451 905 525 948 cum
552 884 629 947 anni
652 893 738 948 nota
783 884 868 968 Typi
893 884 1062 965 utriusque
1085 883 1236 948 editionis
1257 883 1373 962 iidem,
1402 884 1521 949 menda
1549 884 1648 948 huius
1670 892 1800 950 nostrae
1828 887 1968 965 rariora,
1997 888 2025 953 61
2046 896 2157 955 tamen

155 1016 194 1059 ea
215 995 323 1077 capita
345 997 511 1077 exceperis
533 1015 616 1077 quae
637 1017 725 1060 6666
745 995 889 1076 primum
910 1016 952 1058 ex
974 993 1105 1060 Oalvini
1128 995 1256 1060 schedis
1278 996 1490 1079 autographis
1513 997 1602 1078 operi
1624 997 1747 1061 inserta
1768 1004 1854 1062 sunt

311 1107 529 1171 Accesserrmt
550 1106 655 1183 enim,
679 1107 803 1170 utiam
825 1109 1027 1184 monuimus,
1051 1108 1086 1170 in
1109 1106 1171 1171 hac
1193 1127 1319 1189 queque
1340 1107 1482 1172 editione
1502 1107 1607 1171 multa
1629 1116 1663 1172 et
1684 1108 1792 1191 ampla
1812 1108 2050 1188 additamenta,
2074 1132 2157 1193 quae

156 1217 289 1299 quidem
310 1219 426 1282 faciem
448 1219 555 1300 operis
577 1239 643 1281 non
664 1225 836 1282 mutarunt
861 1219 966 1301 qualis
988 1240 1030 1282 ex
1051 1216 1194 1282 secunda
1215 1239 1313 1299 quam
1334 1218 1477 1283 diximus
1498 1220 1686 1284 recensione
1708 1221 1892 1299 exstiterat,
1921 1220 1979 1289 sed
2000 1231 2034 1285 et
2054 1230 2157 1288 mate-

156 1329 282 1392 riarum
311 1329 431 1393 molem
458 1337 622 1393 auxerunt
649 1337 682 1393 et
711 1329 942 1412 disputationis
968 1330 1092 1412 copias,
1121 1331 1167 1394 ita
1193 1337 1231 1395 ut
1251 1330 1405 1394 volumen
1427 1329 1489 1397 hoo
1517 1332 1632 1413 quinta
1652 1331 1719 1395 fere
1741 1338 1834 1413 parte
1856 1333 2005 1415 proxime
2028 1340 2156 1399 antece-

156 1439 237 1504 dens
260 1448 401 1523 superet.
446 1440 533 1506 Ecce
554 1461 637 1523 quae
658 1461 737 1523 prae
760 1442 896 1506 caeteris
917 1441 953 1505 16
975 1462 1109 1506 censum
1132 1441 1188 1506 hic
1210 1442 1357 1507 veniunt.
1403 1442 1513 1505 Tertio
1535 1443 1635 1525 capiti
1656 1442 1741 1525 quod
1763 1442 1803 1506 de
1824 1443 1897 1526 lege
1919 1451 2051 1522 tractat,
2081 1445 2157 1510 sub·

155 1552 265 1615 iunxit
287 1550 446 1616 Calvinus
474 1573 595 1617 novum
618 1551 657 1617 de
678 1554 771 1618 votis.
816 1551 914 1633 Quod
935 1560 1089 1635 quartum
1110 1553 1231 1631 fuerat,
1260 1551 1301 1617 de
1322 1553 1387 1618 fide
1414 1554 1622 1636 inscriptum,
1652 1562 1686 1619 61
1707 1554 1874 1637 apostolici
1897 1555 2036 1640 symboli
2059 1577 2157 1639 argu-

155 1670 268 1727 menta
289 1662 480 1745 explicabat,
503 1664 571 1728 iam
592 1665 627 1727 in
649 1672 789 1746 quatuor
811 1664 905 1749 (Cap.
925 1665 1136 1750 V.-VIH.)
1160 1664 1343 1747 dispescuit,
1366 1665 1491 1730 inserta
1512 1666 1660 1733 breviore
1682 1666 1909 1732 dissertatione
1932 1668 1972 1731 de
1992 1668 2155 1732 creatione

155 1784 189 1838 et
211 1774 350 1857 angelis,
373 1784 407 1838 et
427 1776 586 1858 longiore,
615 1777 681 1840 imo
703 1775 907 1860 longissima,
941 1775 981 1841 de
1002 1776 1137 1842 ecclesia
1158 1777 1291 1858 eiusque
1313 1783 1400 1840 statu
1423 1776 1482 1841 sub
1502 1779 1646 1842 romanis
1667 1778 1874 1859 pontificibus
1896 1779 2001 1844 indies
2021 1799 2154 1861 corrup·

155 1887 252 1963 tiore,
283 1907 348 1967 qua
376 1887 473 1950 611661
501 1908 541 1951 66
561 1888 749 1969 complexus
762 1894 828 1951 “est
849 1909 931 1970 quae
954 1888 1033 1952 olim
1059 1889 1235 1969 separatim
1257 1886 1366 1970 (1536.
1390 1886 1469 1970 Gap.
1489 1888 1548 1952 VI.
1583 1894 1673 1954 1539.
1698 1888 1777 1972 Gap.
1797 1890 1909 1975 XIV.)
1932 1889 1972 1953 de
1994 1899 2155 1973 potestate

153 1997 371 2063 ecelesiastica
393 1998 597 2063 disseruerat
624 1999 780 2063 Proxime
798 2001 965 2081 sequentia
982 2000 1044 2064 sibi
1062 2007 1212 2064 scemate
1229 1999 1435 2080 respondent,
1454 1999 1531 2064 solis
1548 2002 1694 2066 numeris
1711 2002 1854 2080 mutatis,
1874 2000 1952 2083 Cap.
1973 2002 2156 2066 ΙΧ.-ΧΙ.

154 2109 249 2192 (olim
277 2109 471 2193 V.-V11.)
498 2109 538 2175 de
566 2112 781 2196 poenitentia,
812 2112 851 2176 de
880 2112 1109 2181 iustificatione
1131 2117 1164 2174 ct
1184 2111 1324 2187 meritis,
1355 2109 1395 2174 de
1422 2111 1637 2176 similitudine
1664 2118 1698 2176 et
1726 2098 1912 2177 differentia
1933 2113 1974 2175 V.
1999 2121 2032 2178 et
2053 2113 2093 2177 N.
2119 2113 2154 2177 Τ.

154 2221 237 2285 Post
257 2220 316 2285 illa
337 2223 480 2304 reperies
503 2222 566 2285 duo
588 2223 696 2303 capita
717 2222 812 2306 (XII.
837 2230 870 2286 61
888 2223 1004 2307 XHI.)
1034 2244 1115 2305 quae
1143 2243 1240 2286 suum
1261 2222 1369 2286 locum
1390 2230 1634 2303 permutarimt;
1664 2244 1802 2304 quorum
1824 2223 1973 2303 alterum,
1997 2224 2036 2288 do
2058 2225 2156 2288 liber·

153 2341 222 2396 tate
243 2333 436 2411 christiana,
457 2334 564 2398 fuerat
586 2333 749 2399 decimum
770 2335 904 2398 tertium
926 2336 961 2398 in
983 2334 1124 2398 editione
1143 2332 1365 2417 praecedenti,
1386 2332 1541 2412 alterum,
1565 2334 1605 2398 de
1627 2334 1856 2400 traditionibus
1878 2335 2046 2411 humanis,
2070 2356 2155 2400 novo
2224 2382 2227 2387 -

153 2444 250 2509 titulo
272 2451 424 2510 centones
446 2467 489 2510 ex
510 2467 547 2509 eo
569 2446 670 2510 refert
690 2444 775 2528 quod
796 2455 893 2510 antea
914 2446 1077 2512 decimum
1098 2451 1252 2528 quartum
1273 2445 1389 2523 fuerat,
1412 2443 1452 2509 de
1473 2452 1632 2528 potestate
1654 2445 1877 2511 ecclesiastica
1913 2446 1970 2510 Nil
1992 2448 2155 2512 variatum

154 2557 189 2618 in
218 2557 296 2622 locis
323 2557 363 2621 de
392 2557 704 2640 praedestinatione,
734 2557 774 2621 de
801 2557 959 2636 oratione,
988 2557 1091 2639 deque
1120 2557 1332 2622 sacramentis
1361 2555 1456 2640 (Oap.
1476 2556 1711 2621 VIR—XII.
1736 2578 1823 2621 nunc
1844 2558 1931 2622 XIV
1933 2558 2154 2643 .-XVIH.).

154 2669 243 2732 Huic
275 2676 440 2751 postremo
473 2670 590 2732 merito
617 2660 705 2734 nun'c
743 2668 912 2733 subiunxit
943 2668 1026 2734 illud
1053 2668 1138 2750 quod
1168 2668 1208 2733 de
1235 2670 1447 2735 sacramentis
1475 2669 1629 2733 ecclesiae
1659 2688 1814 2732 romanae
1841 2669 2060 2750 peculiaribus
2087 2671 2157 2753 agit

154 2779 250 2863 (Cap.
269 2780 370 2844 XIX.
394 2781 472 2844 olim
494 2769 606 2864 XVI.)
634 2787 730 2862 atque
757 2781 804 2845 ita
833 2780 874 2845 61
900 2803 975 2846 eum
1003 2780 1152 2844 ordinem
1172 2779 1269 2844 rediit
1289 2800 1385 2862 quem
1405 2782 1440 2844 in
1461 2780 1601 2844 editione
1628 2780 1775 2862 principe
1803 2787 1966 2858 tenuerat,
1997 2780 2156 2862 capitibus

154 2893 261 2957 trihus
284 2891 435 2956 editionis
457 2893 536 2956 anni
560 2895 641 2955 1539
663 2892 864 2970 intermediis
887 2893 950 2958 alio
973 2893 1147 2957 translatis.
1192 2891 1396 2957 Libertatem
1418 2892 1508 2955 enim
1535 2891 1749 2957 christianam
1769 2899 1802 2955 61
1833 2898 2027 2973 potestatem
2054 2891 2155 2955 eccle-

154 3005 321 3069 siasticam
344 3003 436 3087 (olim
459 3003 538 3086 (lap.
553 3003 652 3067 XHI.
676 3011 710 3068 et
731 3003 842 3088 XIV.)
865 3004 1066 3071 commodius
1086 3005 1153 3068 iam
1175 3023 1274 3085 supra
1296 3011 1498 3084 exposuerat,
1520 3001 1686 3084 politicam
1708 3002 2022 3067 administrationem
2044 3001 2158 3067 eadem

155 3115 196 3179 de
219 3137 316 3180 causa
339 3115 471 3179 demum
490 3116 639 3180 omnihus
661 3116 739 3180 locis
761 3137 851 3180 mere
873 3116 1063 3199 theologicis
1086 3115 1241 3180 absolutis
1263 3120 1404 3188 tractare
1424 3114 1567 3178 decrevit
1589 3111 1684 3198 (Oap.
1702 3113 1781 3178 XX.
1794 3113 1872 3178 olim
1883 3114 1986 3199 XV.).
2021 3112 2158 3179 coronis

153 3228 262 3311 operis
283 3228 407 3291 intacta
428 3227 551 3292 mansit
570 3228 618 3291 ita
640 3232 677 3291 ut
697 3227 733 3289 16
755 3249 884 3292 summa
910 3229 1017 3311 capita
1044 3228 1142 3291 huius
1164 3227 1280 3291 tertiae
1302 3225 1452 3290 editionis
1472 3225 1593 3308 viginti
1615 3231 1648 3290 et
1674 3247 1778 3290 unum
1799 3233 2020 3291 numerentur.
2066 3223 2159 3305 Quas

154 3340 217 3405 tibi
239 3340 497 3422 significavimus
525 3339 587 3403 hac
610 3340 681 3404 vice
703 3340 806 3403 factas
828 3342 1038 3417 mutationes,
1061 3359 1134 3417 eae,
1163 3344 1322 3421 quantum
1343 3336 1386 3401 ad
1406 3343 1578 3401 externam
1599 3358 1710 3402 rerum
1731 3337 1976 3419 dispositionem
1998 3345 2156 3419 spectant,

152 3453 286 3516 omnino
309 3450 498 3516 emendasse
526 3451 668 3533 priorem
695 3451 850 3515 videntur
879 3471 1016 3534 eamque
1038 3457 1331 3532 συστηματικωτὲραν
1357 3448 1538 3514 reddidisse
1565 3451 1733 3533 magisque
1756 3454 2022 3531 argumdnwruffl
2051 3456 2158 3511 rectae

153 3564 273 3626 rationi
295 3571 554 3628 consentaneam.
601 3560 694 3641 Quae
719 3568 828 3627 autem
850 3564 1042 3645 simpliciter
1063 3563 1129 3627 suis
1154 3562 1234 3628 loeis
1257 3561 1369 3626 addita
1391 3567 1482 3639 sunt,
1511 3581 1551 3625 ea
1571 3561 1714 3625 maxime
1736 3561 1890 3625 ecclesiae
1912 3579 2067 3623 romanae
2091 3568 2157 3622 tra·

152 3673 293 3739 ditiones
314 3676 511 3757 impugnant
532 3683 565 3738 et
587 3673 629 3738 ad
650 3674 892 3739 reformandam
914 3675 1113 3739 christianae
1135 3674 1298 3739 societatis
1321 3673 1587 3742 constitutionem
1610 3672 1782 3754 pertinent.

1012 4000 1203 4082 EDITIO
1224 4000 1297 4080 IV.
1422 4061 1424 4069 .

672 4161 1125 4237 666666666666616
1148 4169 1335 4234 amatu
1356 4167 1419 4232 m.
1447 4170 1538 4230 1545.
1559 4165 1630 4230 ue.
1703 4203 1705 4208 »

310 4344 422 4425 Ipsam
449 4342 534 4407 hano
556 4340 732 4406 secundam
754 4343 879 4407 Rihelii
905 4342 1080 4408 editionem
1106 4341 1349 4409 accuratissime
1371 4340 1473 4404 refert
1492 4339 1591 4403 etiam
1613 4338 1724 4417 tertia,
1753 4339 1801 4403 ita
1822 4340 1938 4405 utrix
1960 4340 2086 4418 sitque
2108 4336 2155 4399 al·

154 4462 262 4518 teram
284 4455 325 4519 ab
346 4454 450 4518 altera
471 4453 799 4536 distinguere-queas.
844 4454 895 4519 Ne
915 4462 1025 4519 166166
1047 4455 1153 4521 levius
1173 4476 1245 4518 rem
1265 4460 1408 4518 tractare
1430 4450 1616 4530 videamus,
1646 4449 1745 4514 etiam
1765 4451 1863 4516 huius
1884 4451 2023 4514 formam
2044 4448 2155 4530 paucis

154 4564 339 4631 describere
361 4566 475 4648 placet
503 4565 649 4629 ’1116166
672 4571 734 4629 est:
758 4563 1023 4633 INSTITUTIO
1042 4564 1355 4650 QHRI-lsrmuaa
1374 4571 1586 4627 66666666
1607 4570 1707 4625 6166
1719 4561 1725 4647 Ι
1737 4584 1815 4627 uere
1833 4561 1964 4626 demum
1984 4579 2042 4623 suo
2061 4557 2155 4621 titulo

154 4677 364 4761 respondens.
392 4678 396 4760 Ι
422 4677 561 4742 Auctore
591 4676 707 4742 Ioanne
731 4675 869 4742 Galatiae.
895 4677 901 4765 Ι
925 4679 1065 4743 Ioannes
1086 4676 1261 4744 Sturmius.
1287 4677 1475 4760 11011111Εὸ
1504 4683 1684 4739 0111111118
1716 4683 1819 4738 110110
1846 4677 2063 4735 1011Ιὸ81110
2090 4664 2154 4752 Ill-l

154 4788 240 4854 dicio
258 4840 403 4854 ......
424 4804 496 4874 [octo
512 4806 647 4874 666166]
667 4839 812 4854 ......
833 4797 1008 4855 assecutus.
1035 4789 1040 4873 1
1065 4789 1205 4854 Additus
1226 4794 1271 4853 est
1292 4786 1393 4851 Iader
1421 4784 1709 4868 locupletissimae]
1728 4784 1884 4848 Habacac.
1906 4787 1931 4846 1.
1952 4780 1957 4866 Ι
1977 4779 2155 4863 Quousque

153 4900 318 4965 Domine?
339 4902 344 4985 l
363 4900 563 4984 Arpattorati
578 4923 639 4984 per
667 4902 890 4967 vandalicum
913 4900 1240 4986 1111611661116666
1262 4900 1384 4966 Martio
1404 4898 1408 4981 Ι
1428 4907 1528 4961 111110
1546 4907 1713 4961 mam.

311 5014 364 5078 De
391 5012 521 5078 Oalvini
550 5013 805 5095 praefationibus
832 5034 899 5078 non
925 5014 1082 5097 estquod
1109 5013 1264 5079 lectorem
1289 5031 1463 5099 moremur.
1507 5010 1635 5073 Verum
1663 5008 1702 5072 de
1724 5005 1856 5071 editoris
1878 5004 2154 5088 argentoratensis

154 5124 274 5190 studiis
296 5125 402 5188 textui
424 5125 794 5220 praemissishabemus
815 5125 975 5209 quaedam
997 5132 1112 5190 notatu
1132 5145 1201 5189 non
1221 5122 1366 5206 indigna.
1410 5122 1457 5186 111
1480 5119 1642 5185 Summum
1669 5125 1937 5202 argumentorum
1958 5123 1991 5181 et
2016 5115 2155 5180 Iudicem

154 5235 301 5302 locorum
331 5236 589 5320 theologicorum
615 5238 708 5302 novis
735 5239 822 5304 euris
849 5227 1034 5318 adornavit,
1059 5244 1198 5320 unoque
1219 5234 1341 5300 scilicet
1362 5255 1429 5298 non
1451 5232 1494 5297 ad
1516 5233 1633 5299 seriem
1654 5229 1852 5312 capitumet
1878 5228 2089 5383 ppginarum,
2115 5234 2155 5291 ut
