4770 6030
128 371 130 376 ·
186 373 249 434 ses
731 365 1065 449 OAP.V111.(1V.)
1110 362 1641 448 smomsxemofflo.
2129 371 2205 467 sm¹

184 485 296 550 32203
315 480 418 534 0221.

184 558 249 622 nisi
273 576 378 621 errare
404 467 465 618 dm
486 575 579 635 posse
607 553 753 631 mneilia;
785 559 842 617 aut
866 553 897 617 si
923 558 1042 631 errari,
1070 552 1160 633 nefas
1206 557 1381 634 pastorum,
1403 553 1615 634 episcoporum
1636 553 1763 617 nomina
1791 554 1885 636 (quae
1904 558 1970 618 tam
1989 555 2071 636 falso
2094 554 2192 620 obten-

184 664 250 708 esse
274 648 377 706 tomen
403 660 510 703 oerum
536 660 669 718 eernere,
698 644 752 703 aut
778 659 839 703 non
867 640 1023 703 assentari
1048 638 1161 702 errori·
1211 639 1254 713 di,
1277 658 1373 718 quam
1394 658 1462 702 ocre
1482 639 1636 720 usurpari
1657 638 1804 721 possunt)
1832 659 1888 703 nos
1909 640 2095 722 impmiant,
2118 661 2192 723 quo·

184 729 265 793 bus?
309 727 416 808 Nemee
443 725 535 791 aliud
555 725 690 803 intendo,
717 745 813 805 qurum
839 724 911 788 inde
932 744 1026 805 posse
1047 724 1159 805 collipi,
1211 724 1318 787 minus
1339 729 1367 788 et
1388 723 1557 802 verborum,
1575 729 1604 788 et
1618 744 1726 789 rerum
1742 725 1932 790 dommentis
1948 727 2065 804 moniti,
2086 747 2192 792 omnes

184 815 333 897 spiritum
358 817 500 876 sanctum
520 812 566 876 sic
586 812 665 893 pias
691 810 810 891 alioqui
836 814 864 873 et
885 814 1009 873 sanctas
1029 810 1161 890 synodos
1212 810 1350 873 omnium
1376 810 1509 890 spiritus
1537 811 1579 875 ad
1605 810 1707 875 diuini
1735 810 1819 875 oerbi
1849 812 1991 894 repulam
2018 813 2190 896 epipamus,

183 900 383 984 pubemasse‚
405 904 440 962 ut
461 897 588 962 interim
609 897 733 977 aliquid
754 897 800 960 eis
820 895 1003 959 humanitus
1024 895 1160 959 madere
1212 915 1270 976 quo
1287 895 1453 976 probemus
1473 916 1548 959 num
1570 916 1608 959 cn
1629 895 1697 960 Deo
1718 897 1788 961 sint.

185 987 311 1063 sinmet,
343 983 384 1047 ne'
412 983 548 1068 nimium
580 982 757 1048 luminibus
789 980 1016 1062 muhderemus.
1073 979 1160 1044 Haec
1301 984 1369 1044 166.
1418 980 1572 1061 Quoniam
1587 981 1792 1062 probavimus
1811 1002 1873 1046 non
1894 1002 1959 1047 esse
1975 984 2082 1048 Mam
2103 982 2192 1048 ecole-

185 1073 281 1137 multo
306 1070 418 1135 nulior
444 1074 488 1132 est
521 1069 682 1146 sententia,
715 1088 811 1150 quom
842 1067 902 1132 illa
931 1065 1077 1148 Greporii
1105 1081 1159 1134 Na·
1212 1066 1279 1129 siae
1304 1070 1484 1147 potestatem
1517 1067 1679 1149 eripendae
1717 1088 1812 1132 nonae
1842 1069 2013 1146 doctrinae,
2047 1069 2192 1134 dicamus

186 1171 347 1239 „imenso
376 1155 499 1220 nullius
526 1174 666 1235 unquam
692 1154 815 1219 concilii
842 1173 875 1216 se
902 1153 1020 1217 uidisse
1048 1153 1161 1216 bonnm
1211 1171 1293 1215 num
1313 1151 1351 1214 de
1372 1156 1521 1232 potestate
1547 1172 1642 1233 quam
1663 1152 1712 1217 illi
1733 1152 1872 1217 tribuunt
1892 1154 1928 1217 in
1949 1155 2122 1234 scripturae
2144 1154 2193 1219 in·

183 1245 286 1324 hrum.
331 1241 417 1305 Nam
440 1241 495 1321 qui
521 1241 634 1305 asserit
661 1239 770 1303 omnia
794 1240 862 1303 sine
889 1239 1059 1320 exceptione
1079 1238 1161 1302 male
1212 1235 1432 1318 terpretotione.
1484 1238 1552 1302 Nos
1581 1243 1657 1302 certe
1693 1239 1817 1303 libenter
1843 1240 2047 1318 concedimus,
2075 1240 2106 1304 si
2132 1259 2191 1322 quo

186 1329 330 1406 desiisse,
359 1347 419 1392 non
445 1327 580 1390 multum
607 1325 785 1390 aumritatis
810 1324 880 1389 illis
905 1323 1060 1405 relinquit.
1110 1323 1161 1388 De
1213 1322 1250 1386 de
1269 1323 1407 1406 damnate
1425 1323 1544 1388 incidat
1564 1323 1750 1404 disceptatio,
1772 1324 1895 1388 nndlum
1916 1345 1980 1391 osse
1996 1345 2050 1401 nec
2066 1325 2187 1404 nulius,

181 1412 429 1496 promocialibus
449 1413 589 1477 masiliis
609 1413 792 1475 mentionem
819 1429 957 1475 smrsum
974 1410 1091 1491 fucere,
1113 1409 1162 1473 ni·
1212 1428 1266 1472 nee
1292 1409 1404 1473 certius
1429 1409 1614 1487 runedium,
1642 1429 1737 1490 quom
1764 1411 1795 1474 si
1816 1431 1958 1476 verorum
1979 1412 2190 1492 episcoporum

187 1499 234 1564 hil
253 1501 320 1563 iam
346 1518 464 1563 necesse
483 1503 542 1576 est,
570 1495 694 1577 quondo
722 1517 760 1560 en
780 1494 976 1579 ponentibus
996 1497 1161 1560 aeshmare
1212 1494 1348 1574 sporadas
1369 1496 1534 1574 conveniat,
1555 1494 1610 1559 ubi
1631 1499 1854 1561 controversum
1875 1497 1986 1579 dopma
2007 1497 2189 1561 enadiatur.

182 1590 363 1666 promptum
384 1588 436 1663 est,
457 1588 608 1664 meantum
629 1582 807 1646 autoritatis
828 1581 937 1646 habere
958 1581 1091 1646 debeant.
1213 1577 1316 1644 Mtdto
1340 1580 1421 1644 enim
1443 1579 1521 1660 plus
1542 1581 1692 1662 ponderis
1719 1579 1839 1646 habebit
1864 1582 2017 1647 mummii
2043 1583 2188 1663 definitio,
2310 1627 2312 1633 ι

276 1675 345 1734 165.
391 1668 479 1767 Μ
507 1670 607 1733 nostri
640 1667 862 1745 Romanenses,
896 1667 951 1730 ubi
983 1667 1018 1730 in
1048 1685 1161 1731 causae
1214 1666 1248 1729 in
1279 1686 1375 1747 quam
1405 1667 1605 1731 communiter
1637 1666 1833 1732 ecclesiarum
1864 1673 2020 1748 pastores,
2053 1668 2190 1733 inuocato
2256 1718 2258 1723 2

186 1777 262 1821 suae
293 1757 466 1837 defensione
502 1755 608 1820 munia
639 1753 773 1818 rationis
805 1753 974 1835 praesidia
1007 1752 1162 1817 tabescere
1216 1749 1334 1816 Christi
1354 1752 1478 1833 spiritu,
1501 1754 1713 1832 consenserint,
1736 1773 1831 1834 quam
1851 1753 1882 1817 si
1899 1754 2028 1834 quisque
2048 1771 2188 1819 seorsum

186 1842 246 1906 sibi
267 1842 377 1920 vilent,
400 1842 442 1906 ad
461 1845 632 1905 cutrernum
656 1840 739 1904 iliad
760 1840 970 1920 miserumque
989 1838 1162 1922 suffupium
1212 1837 1297 1901 domi
1329 1842 1500 1928 conceptam
1527 1838 1643 1918 populo
1669 1839 1814 1918 traderet,
1848 1838 1895 1903 uel
1920 1840 2020 1922 pauci
2051 1839 2188 1904 homines

186 1929 364 1993 concedant:
392 1927 516 1992 etiarnsi
543 1930 641 1990 mente
666 1929 695 1989 et
714 1925 841 1989 consilio
862 1924 983 2006 stupidi
1003 1924 1068 2006 ipsi
1088 1925 1159 2003 sint,
1207 1923 1328 2004 privati
1350 1944 1418 1987 eam
1447 1923 1628 2004 conficerent.
1671 1923 1795 1990 Deinde
1819 1925 1874 1988 ubi
1895 1925 2009 1989 collecti
2030 1925 2065 1988 in
2088 1944 2187 1990 unum
2240 1982 2246 2000 ,

188 2015 292 2077 animo
324 2034 395 2077 oero
426 2018 455 2077 et
485 2012 639 2077 uoluntate
666 2011 865 2092 nequissimi,
904 2031 1028 2077 manere
1058 2015 1161 2074 tamen
1212 2014 1285 2072 sunt
1306 2010 1449 2091 episcopi,
1471 2009 1660 2074 connnodius
1681 2011 1716 2074 in
1737 2031 1893 2076 comnmu
1913 2010 2089 2090 nechoram,
2111 2009 2189 2091 quid

188 2098 313 2163 verbum
329 2097 470 2176 Dmnini,
492 2098 574 2178 quod
588 2096 787 2179 praepositis
803 2095 921 2162 obedire
942 2095 1031 2161 mou.
1070 2095 1161 2160 Itane
1212 2094 1288 2172 sibi,
1311 2099 1339 2159 et
1359 2116 1421 2176 qua
1440 2095 1559 2176 forma,
1579 2095 1745 2160 docendum
1767 2091 1825 2176 sit,
1851 2118 1889 2161 ne
1910 2097 2077 2161 diversitas
2098 2096 2189 2177 offeru-

188 2184 281 2249 oero?
314 2183 396 2264 Quid
417 2183 658 2265 sipraepositos
679 2203 743 2247 esse
759 2202 871 2265 nepem
893 2183 949 2264 qui
969 2183 1047 2248 tales
1064 2181 1161 2246 sunt?
1213 2180 1352 2245 dicdum
1378 2181 1496 2262 pariat.
1554 2181 1672 2258 Tertio,
1705 2181 1786 2245 hanc
1818 2183 1974 2246 rationem
2000 2181 2189 2263 praescribit

191 2270 263 2333 Non
289 2270 372 2333 enim
392 2271 471 2351 plus
495 2269 557 2333 sibi
584 2289 733 2352 arropare
759 2267 877 2347 deberit,
904 2288 999 2350 qinom
1020 2268 1163 2333 hubumit
1216 2265 1340 2332 Paulus
1357 2268 1392 2330 in
1410 2267 1624 2331 diiudicandis
1640 2267 1832 2352 doctrinis(l
1849 2267 1923 2332 Cor.
1941 2273 1988 2344 14,
2003 2267 2068 2351 29).
2102 2267 2189 2331 Nam

189 2356 292 2433 Iosne,
314 2355 369 2435 qui
389 2360 417 2418 et
432 2355 584 2436 propheto
606 2353 738 2419 Domini
758 2354 820 2435 fuit
841 2358 869 2418 et
889 2354 1024 2418 eximius
1041 2359 1161 2436 pastor.
1213 2373 1310 2432 mum
1329 2352 1464 2434 sinpulis
1484 2352 1616 2418 ecclesiis
1637 2351 1786 2416 adrhuat
1805 2354 2071 2430 diiudicationem,
2092 2357 2190 2417 osten·

110 2481 115 2491 ·
189 2441 373 2505 Audiamus
394 2445 504 2519 autem
526 2439 640 2520 qubus
660 2440 760 2505 uerbis
784 2440 991 2531 inaupuretur
1011 2441 1046 2504 in
1067 2460 1163 2504 suum
1213 2439 1260 2503 dit
1281 2440 1353 2519 quis
1373 2439 1408 2502 in
1427 2437 1622 2522 pronioribus
1643 2439 1750 2502 causis
1770 2439 1823 2530 sit
1838 2440 1912 2503 ordo
1933 2439 2061 2520 aperuii:
2082 2456 2190 2519 rumpe

187 2547 304 2590 munus
325 2548 346 2590 a
368 2524 503 2590 Dmuino
525 2526 602 2610 (Ios.
625 2532 651 2604 l,
672 2530 699 2589 7.
719 2524 763 2609 8).
809 2525 882 2589 Non
900 2527 1028 2604 recedat,
1050 2526 1161 2606 inquit,
1213 2529 1249 2588 ut
1269 2525 1409 2590 eeclesiae
1429 2526 1510 2588 inter
1529 2543 1563 2588 se
1583 2543 1771 2589 mmmunem
1791 2524 1990 2607 capnitionem
2007 2525 2189 2605 suscipiant.

188 2614 328 2677 acinacen
350 2613 426 2694 lepis
446 2611 484 2676 ab
502 2633 553 2677 ore
573 2617 633 2690 tao,
652 2612 706 2676 sed
725 2611 922 2676 meditaberis
942 2612 978 2674 in
999 2633 1032 2676 eo
1054 2611 1163 2677 diebus
1214 2612 1316 2692 Atque
1336 2612 1382 2674 ita
1403 2630 1458 2675 nos
1478 2610 1546 2691 ipse
1562 2610 1690 2690 pietatis
1717 2629 1826 2674 sensm
1847 2609 1989 2688 instituit,
2011 2615 2046 2672 ut
2065 2611 2096 2673 si
2116 2609 2189 2689 quis

189 2719 224 2762 ac
244 2698 397 2777 metibus,
423 2717 518 2778 neque
545 2698 588 2762 ad
613 2699 784 2776 deuterum
813 2717 911 2778 neque
931 2698 973 2762 ad
999 2699 1162 2762 domham
1213 2697 1312 2761 turbet
1338 2697 1495 2761 ecclesiam
1519 2696 1658 2779 dopmate
1685 2696 1848 2774 inusitato,
1876 2699 1966 2777 atque
1990 2716 2023 2760 eo
2043 2714 2094 2758 res
2116 2714 2189 2775 prr·

188 2783 370 2848 declinabis:
396 2789 471 2847 tuno
496 2784 612 2865 diripes
639 2783 725 2847 oium
751 2788 839 2846 tuam
863 2787 891 2847 et
911 2783 1063 2867 intellipes
1083 2803 1161 2848 eam.
1213 2783 1324 2860 ueniat,
1346 2788 1382 2846 ut
1400 2784 1443 2847 sit
1457 2782 1635 2864 ρεείεεεὶαει
1651 2803 1673 2846 a
1691 2784 1834 2864 praviore
1846 2781 1988 2860 dissidio,
2010 2781 2189 2845 conueniant

189 2868 250 2934 Illi
270 2870 367 2951 ipitur
388 2869 572 2952 spirituales
590 2868 678 2933 nobis
698 2874 788 2933 erunt
803 2868 963 2950 praetecti,
985 2870 1078 2952 quia
1100 2870 1163 2952 lepe
1208 2869 1352 2949 primum
1373 2869 1529 2946 ecclesiec-
1555 2869 1761 2948 quaestionem
1783 2868 1978 2949 propositam
1999 2866 2188 2943 examinent;

188 2955 320 3019 Domini
351 2976 446 3037 neque
476 2955 537 3019 huc
570 2974 668 3034 neque
695 2955 772 3020 illuc
803 2955 961 3034 definient
1013 2956 1100 3036 Quod
1131 2955 1162 3019 si
1213 2954 1345 3031 demum
1368 2955 1453 3018 iusta
1474 2954 1665 3019 discussione
1681 2950 1794 3033 habia,
1828 2953 2021 3035 testudinum
2039 2972 2076 3015 coc
2092 2951 2189 3030 scrip·

106 3061 108 3064 ·
188 3042 277 3105 nulla
298 3041 497 3106 haesitatione
523 3040 704 3122 accipiendo
730 3045 774 3105 est
794 3041 975 3120 quonrmois
995 3046 1161 3123 pastorum
1213 3045 1285 3104 tura
1306 3045 1464 3122 menam
1479 3042 1658 3121 proferant:
1675 3060 1755 3121 quae
1775 3039 2039 3105 etdubitationcm
2056 3039 2090 3102 in
2102 3035 2189 3119 plebe

188 3127 340 3205 doctrino,
363 3147 511 3208 quorsum
530 3127 678 3191 attinmat
698 3127 784 3191 toties
803 3131 926 3206 tamque
946 3128 1075 3192 sollicite
1095 3125 1162 3191 Do
1211 3125 1304 3203 tolet,
1327 3130 1354 3190 et
1374 3145 1408 3190 os
1429 3124 1565 3189 obstruat
1585 3125 1736 3206 improbis
1756 3131 1784 3190 et
1802 3126 1926 3208 cupidis
1946 3123 2129 3201 bominibus,
2150 3142 2190 3188 ne

188 3212 267 3274 mini
296 3232 363 3275 ooce
389 3233 445 3277 nos
471 3213 645 3290 admoneri,
674 3232 713 3277 ne
733 3211 1072 3294 pseudoprophetarum
1099 3232 1162 3277 ser·
1207 3231 1338 3295 perpere
1357 3211 1496 3292 amplius
1517 3211 1660 3276 audeant.
1706 3210 1760 3277 Sic
1779 3216 1881 3276 exorto
1902 3210 1999 3289 Ario,
2021 3216 2125 3275 coacta
2144 3212 2190 3273 est

189 3297 272 3359 riom
298 3299 568 3362 auscultarmnus?
618 3297 736 3375 Nolite,
766 3298 869 3379 inquit
894 3297 1054 3363 Dominus
1082 3297 1159 3380 (Ier.
1213 3298 1346 3362 nicaena
1365 3296 1516 3379 synodus,
1539 3317 1618 3378 quae
1637 3317 1699 3362 sua
1719 3299 1884 3362 autoritate
1904 3301 1932 3360 et
1952 3294 2111 3361 sceleratos
2132 3295 2190 3357 im-

191 3385 240 3458 23,
265 3382 329 3464 16),
351 3383 463 3446 andire
484 3383 574 3448 uerba
591 3383 815 3466 prophetarum
835 3383 891 3465 qui
906 3385 1094 3466 prophetant
1113 3405 1163 3449 uo-
1208 3384 1262 3466 pii
1282 3383 1418 3447 hominis
1439 3387 1565 3448 conatus
1585 3383 1692 3466 trepit,
1719 3389 1747 3448 et
1768 3403 1880 3465 pacem
1900 3382 2035 3446 restituit
2055 3379 2190 3445 ecclesiis

179 3468 252 3544 .bis;
273 3467 440 3530 oanitutem
461 3469 543 3531 enim
564 3490 618 3534 oos
638 3470 750 3548 docent,
772 3474 800 3533 et
820 3489 881 3534 non
898 3490 936 3534 en
952 3492 1004 3535 ore
1020 3470 1161 3535 Domini.
1213 3488 1293 3550 quas
1313 3474 1484 3548 umaomat,
1506 3474 1534 3533 et
1555 3474 1710 3533 adunam
1731 3468 1848 3535 Christi
1863 3468 2065 3545 divisim,
2082 3469 2190 3531 contra

190 3552 566 3636 Item(Motth.7,15):
592 3560 691 3619 enode
717 3555 801 3620 robis
826 3577 848 3619 a
873 3555 968 3636 falsis
991 3556 1162 3639 prophetis,
1214 3554 1399 3637 saorilepum
1419 3556 1489 3620 eius
1509 3555 1629 3638 dopma,
1652 3555 1795 3620 asseruit.

190 3640 245 3719 qui
271 3638 397 3702 omniunt
423 3638 465 3702 ad
487 3657 540 3701 eos
564 3640 600 3702 in
619 3641 728 3704 oestdu
755 3642 874 3718 ouium,
901 3642 1088 3708 intrinsecus
1108 3663 1164 3706 ou
1304 3644 1373 3705 167.
1421 3647 1525 3722 Quum
1545 3641 1655 3706 deinde
1674 3661 1770 3706 nouas
1787 3639 1893 3705 turbas
1914 3643 2063 3704 moverent
2083 3635 2189 3701 Euno-

190 3731 249 3788 tem
269 3729 342 3788 sunt
369 3724 439 3806 lupi
465 3743 624 3812 rapaces„
647 3724 785 3791 Frustra
813 3726 998 3793 etIoannes
1017 3750 1074 3793 nos
1094 3728 1163 3793 hor·
1215 3727 1300 3791 mius
1327 3731 1355 3791 et
1382 3725 1600 3805 Macedonicis,
1629 3727 1730 3791 simili
1754 3727 1888 3792 remedio
1915 3746 2021 3790 eorum
2046 3723 2191 3788 insaniae

190 3815 320 3888 iaretnr,
347 3815 384 3873 ut
403 3808 571 3891 probemus
595 3810 743 3890 spiritus,
770 3813 923 3894 uuusquid
949 3836 987 3880 erc
1008 3814 1075 3879 Deo
1102 3814 1165 3878 sint
1215 3833 1376 3878 occursum
1392 3817 1436 3877 est
1447 3833 1506 3895 per
1523 3813 1882 3895 constantinopolitanam
1898 3813 2057 3894 synodum.
2087 3808 2190 3890 Ephe·

192 3896 223 3980 (1
244 3896 388 3973 Ioan.4,
412 3895 453 3979 1).
503 3894 564 3960 Cui
596 3895 713 3961 indicio
743 3919 782 3963 ne
815 3899 917 3982 onpeli
949 3901 1074 3980 quidem
1102 3901 1165 3964 eei-
1215 3899 1285 3963 sino
1311 3899 1437 3964 concilio
1462 3899 1631 3981 prollnpatu
1655 3903 1700 3963 est
1730 3898 1870 3964 Nestorii
1900 3899 2053 3979 impietas.
2102 3895 2191 3960 Haec

190 3987 318 4046 omniur
340 3980 430 4066 (Gal.
453 3986 480 4059 l,
499 3981 549 4064 8),
571 3981 685 4046 nodum
701 3988 793 4048 satan
814 4004 884 4049 cum
900 3988 970 4051 suis
986 3987 1164 4052 mendaciis.
1215 3985 1344 4066 deumne
1364 3983 1403 4048 ab
1424 3984 1514 4049 initio
1539 3985 1604 4066 fuit
1623 3985 1787 4050 ordinaria
1815 3986 1850 4049 in
1871 3984 1995 4048 ecclesio
2021 3982 2102 4045 ratio
2123 4001 2190 4045 con·

197 4068 279 4148 Quid
299 4073 403 4131 autern
428 4067 528 4131 istud:
550 4067 581 4130 si
607 4086 714 4132 caecus
735 4089 857 4135 caecum
883 4072 991 4150 ducat,
1018 4073 1106 4138 ambo
1120 4073 1166 4143 ,in
1215 4070 1386 4136 seruandae
1411 4071 1555 4148 remiis,
1588 4071 1704 4152 quoties
1736 4076 1828 4136 satan
1858 4069 1983 4151 aliquid
2014 4065 2191 4130 machinari

191 4154 311 4233 foveam
337 4152 770 4237 cudent(Matth.15,14)?
800 4177 902 4221 aarum
928 4159 1008 4223 satis
1028 4156 1167 4223 declarat
1216 4162 1360 4239 coeperim
1413 4154 1476 4221 Sed
1505 4157 1750 4235 meminerimus,
1783 4178 1845 4223 non
1876 4154 2018 4220 mundus
2048 4151 2189 4229 saeculis,

193 4240 326 4303 multum
351 4240 496 4304 interesse
522 4239 630 4319 quoles
657 4245 800 4321 pastores
824 4243 1013 4321 audiantur,
1045 4264 1099 4308 nec
1125 4249 1165 4309 te·
1216 4244 1263 4307 oel
1283 4243 1372 4320 locis,
1394 4241 1500 4306 haberi
1522 4242 1727 4320 Atliauasios,
1756 4242 1916 4320 Basilios,
1946 4238 2079 4323 Gprillos
2099 4242 2128 4302 et
2148 4237 2191 4300 si-

193 4345 275 4389 mere
307 4345 409 4388 murus
441 4326 637 4390 audiendos?
688 4326 792 4405 Quare
823 4349 885 4392 non
909 4334 954 4393 est
988 4330 1070 4409 quod
1096 4331 1166 4394 suis
1216 4330 1305 4394 miles
1326 4349 1415 4393 verae
1435 4328 1591 4393 dodmnae
1610 4329 1755 4407 uindices,
1775 4349 1851 4410 quos
1871 4334 1942 4391 tunc
1961 4326 2120 4390 Dmninus
2140 4342 2191 4387 eu·

193 4431 249 4475 nos
268 4411 369 4475 titulis
390 4410 590 4489 absterreant,
618 4431 677 4491 quo
698 4412 733 4474 in
748 4414 1020 4495 participationem
1040 4415 1166 4479 trahant
1217 4416 1331 4479 citauit.
1366 4413 1437 4478 Imo
1454 4415 1617 4497 copitemus
1636 4415 1712 4495 quid
1729 4414 1850 4496 Ephesi
1870 4416 1905 4478 in
1927 4413 2060 4477 secundo
2077 4407 2191 4491 synodo

192 4516 268 4560 suae
298 4498 469 4575 caudatis·
502 4517 598 4576 quum
630 4497 793 4562 videamus
823 4504 942 4580 contra,
975 4502 1166 4583 simpulorem
1218 4502 1370 4580 accirierit,
1392 4500 1446 4564 ubi
1468 4501 1649 4582 eutychiana
1668 4500 1805 4564 huermis
1825 4499 1969 4564 obtinuit:
1991 4501 2114 4562 samiae
2130 4516 2192 4560 mo

194 4581 329 4646 Dmnino
360 4603 470 4646 arram
500 4583 600 4663 tuisse
630 4583 834 4662 ubsturendi,
862 4605 900 4648 ne
932 4587 1035 4650 alieno
1064 4606 1166 4651 errore
1217 4588 1334 4653 moriae
1366 4588 1417 4651 oir
1440 4585 1634 4664 Flauianus,
1662 4587 1698 4650 in
1723 4586 1872 4650 cnsilium
1896 4587 2008 4648 medus
2035 4602 2105 4646 cum
2132 4581 2192 4646 uli-

193 4669 266 4732 duci
286 4689 342 4732 nos
358 4673 551 4749 pateremur,
573 4669 629 4733 sub
650 4689 830 4750 quacunque
851 4671 986 4735 nominis
1009 4672 1099 4737 larua
1121 4673 1167 4736 la-
1217 4678 1289 4752 quot
1314 4674 1384 4755 piis
1417 4673 1514 4751 ciris,
1554 4672 1653 4737 mulio
1675 4672 1831 4736 'eiusmodi
1865 4670 1988 4752 tthitia
2020 4669 2190 4751 desipnatu
2235 4749 2237 4752 Ι

192 4759 259 4818 teat.
305 4754 392 4818 Nam
419 4755 449 4818 si
474 4776 582 4818 oerum
604 4760 648 4819 est
675 4755 800 4819 verbum
821 4755 967 4836 Domini,
997 4757 1078 4821 caeci
1099 4758 1167 4837 qui·
1220 4757 1338 4838 Nempe
1359 4760 1435 4839 quia
1454 4759 1520 4824 illic
1542 4757 1721 4837 Dioscorus,
1742 4757 1830 4822 homo
1845 4757 1997 4838 factiosus
2013 4759 2041 4818 et
2056 4753 2192 4835 pessimi

193 4861 250 4919 que
264 4841 382 4918 duces,
411 4842 475 4904 sioe
501 4842 669 4919 antistites,
696 4843 762 4906 sive
782 4842 962 4924 praesides,
984 4844 1049 4907 sioe
1065 4843 1168 4923 ponti·
1218 4843 1334 4920 animi,
1363 4864 1423 4908 non
1449 4849 1552 4908 autem
1582 4845 1716 4925 spiritus
1743 4843 1876 4908 Domini
1896 4840 2102 4922 praesidebat.
2145 4839 2192 4904 At

190 4927 262 5005 dces
287 4928 445 5004 dieantur,
473 4927 554 4991 nihil
575 4933 720 5008 possunt,
748 4949 842 5008 mam
862 4949 937 4992 suos
961 4933 1111 4993 consortes
1131 4929 1167 4992 in
1218 4948 1279 4991 non
1300 4933 1366 4991 erat
1386 4928 1452 4992 illic
1476 4930 1609 4994 molesia.
1643 4929 1766 4993 Fateor.
1789 4930 1862 4992 «sic
1883 4927 1965 4993 enim
1987 4926 2109 4989 mnriino
2129 4930 2191 4989 sta—

192 5011 274 5075 idem
300 5033 410 5093 rapere
431 5013 664 5094 praecipitium.
711 5014 813 5094 Quare
839 5015 929 5080 nulla
957 5014 1166 5094 conciliorum,
1219 5019 1283 5090 tuo,
1317 5033 1378 5076 non
1398 5015 1466 5078 ideo
1493 5015 1621 5078 interire
1641 5016 1677 5078 in
1703 5014 1828 5079 ecclesia
1848 5013 2019 5090 oudatmm
2047 5013 2141 5075 etiam
2161 5011 2192 5075 si

1219 5099 1257 5163 ab
1279 5119 1340 5163 uno
1361 5099 1486 5162 concilio
1507 5101 1718 5180 opprimatur,
1740 5100 1794 5165 sed
1815 5099 2000 5164 mirabiliter
2016 5119 2037 5161 a
2055 5097 2191 5161 Domino

264 5216 292 5284 1)
317 5216 381 5270 add.
400 5216 468 5269 1553
480 5233 532 5285 seq.
618 5219 648 5284 2)
671 5218 876 5286 Hanc§.165.
900 5226 996 5275 auctor
1020 5219 1168 5285 desumpsit
1219 5184 1355 5261 smmi
1390 5188 1425 5247 “t
1455 5184 1569 5247 imm
1600 5205 1657 5250 5¹⁴⁰
1686 5191 1817 5266 timim
1843 5189 1976 5266 ‘merda‘
2001 5189 2030 5247 ά
2059 5186 2190 5265 sulm·

195 5301 227 5338 ece
243 5287 293 5339 illa
310 5287 400 5353 operis
413 5293 495 5353 parte
511 5299 581 5353 quae
598 5288 661 5340 olim
677 5288 769 5354 morat
790 5288 854 5358 Gap.
875 5287 958 5343 XIV.
972 5306 1001 5358 p.
1017 5286 1079 5341 374.
1221 5270 1289 5337 Hoc
1309 5273 1413 5334 aulem
1437 5273 1622 5349 permistum
1643 5290 1709 5336 esse
1729 5291 1817 5354 hoyo,
1845 5278 1882 5336 ut
1901 5291 1975 5335 veru
2000 5274 2041 5334 sni
2062 5274 2090 5334 el
2110 5271 2192 5333 ceria

1935 5371 1971 5426 41
