4770 6030
223 344 286 407 639
800 333 1065 402 INSTITUTIO
1087 336 1192 400 REL.
1212 331 1393 402 offltlsn.
1421 337 1653 403 1539-1554.
2161 340 2224 402 640

838 488 851 502 .
1990 448 2224 518 321730218.

216 532 307 614 puit,·
327 527 436 594 demde
455 525 535 606 quod
563 544 650 589 nemo
672 526 883 607 episcoporum
904 528 969 587 tum
991 524 1142 602 surrenit,
1163 529 1197 587 ut
1248 544 1318 606 erqo
1343 521 1424 587 illud
1449 524 1506 601 sit,
1534 524 1728 604 dqiniamus.
1779 525 1865 608 Neqa
1895 527 1932 590 in
2005 525 2078 589 risti
2103 526 2225 590 nomine

220 637 289 683 eam
310 619 413 682 contra
434 612 612 689 uindicaret,
634 611 689 675 loc
707 611 864 674 silentium
879 610 1017 690 perfidia
1038 629 1099 674 noa
1116 629 1198 674 care-
1249 608 1427 692 mnqreqari
1459 628 1524 687 eos,
1554 610 1609 690 qui
1634 610 1746 675 abiecto
1773 611 1838 676 Dei
1864 612 2025 689 nmndato,
2058 631 2117 692 quo
2145 615 2225 676 uetat

221 703 287 779 lat,·
308 701 354 764 sic
375 699 456 762 enim
478 702 564 761 eram
584 692 761 778 piodiores
781 696 865 759 iuris
886 695 1089 760 ecclesiastici.
1136 693 1198 759 Sed
1248 695 1420 777 quidquam
1439 695 1516 759 addi
1536 694 1623 759 nalo
1644 715 1701 760 suo
1723 700 1778 761 aut
1793 698 1923 775 detrahi,
1940 697 2072 778 proprio
2094 696 2223 761 arbitrio

221 807 316 870 qumn
341 782 545 848 Tlreodoritus
564 782 688 863 referat,
709 781 832 846 libenter
852 781 1011 862 anquecos
1031 781 1198 861 essequod
1249 781 1376 862 quiduis
1397 783 1550 859 statuum
1578 782 1633 861 qui
1655 802 1716 847 non
1737 785 1864 847 mamati
1885 783 2057 863 scripturae
2076 783 2222 861 oraculis,

220 871 337 939 dnmat
354 870 532 966 imperator,
550 873 665 933 constat
680 888 793 932 nouum
812 867 866 932 lma
884 867 994 950 eloquia
1010 870 1082 931 tnnc
1096 867 1198 948 fuisse
1248 866 1302 965 hoc
1323 871 1367 930 est
1387 866 1480 930 unica
1503 867 1657 964 perfectae
1684 869 1856 966 sapientiae
1879 868 2001 951 requla,
2027 868 2065 932 de
2091 888 2148 933 suo
2174 888 2224 933 ca

221 959 582 1105 Μηῦῗέἰηωῖῖηνῗνμνωνί
601 1040 706 1104 orinia
734 1039 799 1103 illis
820 1038 1003 1136 deecclesia
1029 1037 1196 1115 concedam,
1244 952 1591 1118 Ρννῖιννθνίῗνῗέιὲῗινὲιῖῗνὲἷῖνί
1609 953 2223 1123 pgmarbrsilpaeropptruzrmcgphtqrioufflmupg

215 1149 277 1212 pro
298 1147 359 1192 suu
380 1131 480 1191 tamen
501 1126 664 1190 intentione
683 1146 721 1190 ne
739 1145 785 1189 sic
806 1125 931 1206 quedem
948 1124 1079 1188 munau
1096 1122 1197 1187 adluo
1248 1124 1303 1189 sed
1315 1123 1507 1204 penetrarem
1528 1129 1631 1188 notam
1652 1127 1837 1206 apposuerit,
1859 1147 1923 1207 qua
1943 1146 2017 1191 vera
2041 1126 2223 1210 etleqitinm

214 1214 409 1298 profecerint.
454 1211 541 1276 Nam
561 1212 715 1292 quidquid
731 1211 768 1275 de
787 1211 912 1275 ecclesia
928 1210 1052 1288 dieitur,
1074 1210 1110 1274 id
1126 1230 1198 1273 mooe
1249 1208 1288 1273 al
1315 1209 1392 1273 aliis
1424 1209 1619 1289 discerneret,
1657 1231 1713 1276 nos
1745 1211 1823 1277 lanc
1852 1213 2064 1277 inaniorem
2096 1213 2223 1276 minime

158 1326 160 1335 ¹
218 1302 265 1366 ad
292 1299 421 1365 concilia
446 1298 649 1378 transferunt,
683 1317 780 1378 quum
807 1316 912 1360 earnem
944 1296 1085 1377 opinione
1112 1295 1198 1360 ccele-
1248 1295 1397 1378 neqliqere
1423 1296 1565 1360 convenit.
1616 1296 1683 1361 Hoc
1710 1302 1755 1362 est
1775 1303 1920 1379 padum,
1948 1298 2029 1379 quod
2058 1296 2131 1361 olim
2152 1317 2223 1361 nnn

221 1387 305 1451 siam
333 1388 563 1467 repraesentent.
615 1383 685 1446 Imo
711 1383 793 1464 quod
819 1387 885 1446 tam
901 1381 1107 1463 pertinaciter
1131 1401 1197 1445 oon·
1248 1381 1377 1446 leviticis
1397 1379 1602 1446 sacerdotibus
1623 1381 1712 1447 Deus
1732 1385 1870 1466 pepiqit:
1896 1390 1931 1448 ut
1958 1383 2095 1448 docerem
2115 1404 2153 1447 en
2173 1404 2224 1448 ore

222 1473 348 1538 tendunt
368 1471 405 1535 de
426 1470 565 1535 ecclesiae
581 1473 737 1550 potestate,
758 1488 819 1532 non
839 1468 901 1531 alio
922 1467 1048 1532 consitio
1066 1466 1196 1547 faciunt,
1247 1487 1304 1531 suo
1326 1464 1420 1551 (Mal.
1441 1470 1469 1545 2,
1491 1466 1534 1550 7).
1584 1466 1651 1532 Hoc
1672 1488 1794 1551 semper
1820 1491 1842 1534 a
1862 1469 2024 1551 propletis
2044 1469 2223 1550 requisivit,

167 1572 174 1586 ·
221 1559 287 1622 nisi
307 1561 343 1621 ut
362 1576 489 1620 romano
510 1555 652 1636 pontifici
680 1559 707 1619 et
729 1555 797 1619 eius
824 1553 967 1619 satellitio
995 1557 1089 1618 totum
1117 1553 1197 1633 defo
1247 1551 1327 1624 lano
1348 1573 1464 1633 quoqne
1485 1552 1578 1635 lepem
1598 1554 1738 1619 cidenas
1755 1555 1902 1637 apostolis
1921 1556 2022 1637 fuisse
2037 1555 2223 1638 impositam.

221 1648 294 1709 rant
315 1642 395 1724 quod
419 1642 608 1706 intorserint.
651 1639 829 1720 Antequam
857 1659 927 1704 oero
948 1638 1028 1702 lanc
1047 1639 1196 1719 quaestio
1251 1637 1313 1718 our
1334 1637 1388 1703 loe
1403 1644 1532 1718 pactum
1547 1639 1676 1718 uniam,
1698 1661 1820 1706 cosnec
1840 1641 1949 1706 honore
1970 1641 2149 1720 sacerdotii,
2171 1659 2224 1705 nee

220 1749 290 1794 nem
308 1727 451 1810 expedire
472 1727 637 1807 incipiam,
659 1726 720 1790 duo
739 1726 790 1789 trio
810 1724 888 1790 milri
909 1724 1037 1788 brenter
1050 1715 1197 1805 praeferi
1248 1723 1315 1788 uda
1348 1724 1510 1789 auertere
1541 1723 1689 1808 diqnatur
1720 1725 1818 1791 Deus.
1874 1726 1969 1791 Hunc
2000 1726 2115 1790 nodum
2142 1725 2224 1790 mili

217 1834 338 1881 nmesse
359 1818 411 1878 est.
458 1812 545 1893 Quod
566 1811 616 1875 liic
637 1812 770 1894 riqidior
790 1831 862 1875 sum
883 1811 1026 1892 saturus,
1048 1830 1109 1873 non
1129 1810 1196 1874 uteo
1248 1810 1367 1874 solvant
1387 1810 1571 1889 aduersarii,
1594 1812 1625 1874 si
1645 1811 1737 1876 uelint
1755 1813 1848 1894 tidem
1864 1833 1966 1877 meam
1982 1811 2140 1876 dommum
2150 1811 2224 1894 pla

220 1920 295 1979 esse,
316 1900 533 1980 qnodqoetusta
554 1897 682 1963 concilia
699 1897 829 1961 minoris
848 1897 974 1978 faciam,
996 1917 1091 1977 pram
1108 1896 1195 1960 decet.
1248 1896 1327 1975 citis,
1350 1897 1430 1960 citra
1450 1894 1515 1960 Dei
1536 1895 1668 1977 omium,
1691 1899 1878 1980 mancipare.

229 1987 363 2053 Vmeror
391 1985 472 2049 enim
498 1986 537 2047 ea
563 2004 601 2048 ar
628 1985 746 2061 aniano,
775 2003 889 2064 suoque
916 1983 951 2045 in
977 1981 1086 2046 innare
1110 1981 1196 2063 apud
1338 1984 1407 2044 156.
1453 1980 1541 2045 Nam
1566 1984 1648 2062 quod
1675 1984 1708 2047 in
1735 1984 1859 2049 ecclesia
1885 2004 2043 2048 remanere
2066 1984 2223 2048 ceritum

222 2091 325 2138 omnes
351 2090 416 2135 csse
437 2070 535 2150 cupio.
580 2067 642 2133 Sed
662 2068 713 2133 lic
733 2073 778 2133 est
798 2069 915 2150 aliquis
941 2069 1066 2132 modus:
1093 2071 1128 2130 ut
1149 2067 1196 2130 ni·
1247 2087 1307 2130 non
1327 2070 1459 2147 putant,
1488 2068 1553 2132 nisi
1580 2069 1660 2132 inter
1679 2075 1822 2151 pastores
1842 2075 1966 2148 masten
1993 2088 2046 2133 nec
2067 2069 2224 2134 namon
2277 2104 2279 2110 ·

222 2157 268 2222 til
294 2156 407 2221 scilicet
436 2152 556 2219 Olunta
583 2155 748 2238 daoqetm.
800 2153 900 2219 Porro
927 2153 980 2218 loc
1004 2158 1048 2218 est
1078 2151 1197 2218 Christi
1247 2153 1351 2234 ipsam
1370 2153 1546 2232 consistere,
1573 2155 1638 2218 nisi
1658 2156 1694 2218 in
1715 2156 1854 2220 conciliis
1870 2155 2064 2239 qeneralilus
2085 2156 2223 2234 emineat,

221 2244 284 2321 ius,
306 2247 342 2305 nt
362 2240 498 2306 conciliis
518 2240 660 2305 omnibns
677 2240 867 2321 praesideat,
886 2260 939 2304 nec
956 2239 1071 2304 socium
1088 2238 1196 2303 lateat
1247 2238 1378 2302 multum
1400 2237 1483 2302 abest
1501 2240 1577 2320 quin
1598 2241 1634 2304 id
1654 2261 1762 2306 oerum
1782 2261 1902 2323 semper
1920 2241 2026 2323 tuerit,
2047 2241 2167 2305 sicem
2188 2241 2226 2305 de

223 2328 374 2392 nominem
395 2328 430 2390 in
449 2326 512 2389 ista
533 2326 689 2408 diqnitate.
736 2327 825 2391 Tunc
846 2331 949 2390 autem
969 2326 1091 2390 demum
1103 2345 1196 2405 prae
1247 2324 1317 2387 suis
1338 2323 1523 2404 temporibus
1543 2325 1717 2391 testimonia
1737 2327 1825 2392 nolis
1846 2328 2036 2408 reliquerunt
2048 2326 2243 2408 prophetae·
2322 2388 2324 2395 ,

222 2414 324 2480 sidem
352 2413 434 2490 dico,
462 2410 515 2474 nii
535 2416 630 2477 totum
651 2431 824 2476 consessum
844 2411 932 2476 verbo
954 2416 981 2475 et
1001 2412 1118 2493 spiritu
1139 2431 1195 2474 sua
1248 2408 1332 2473 Erat
1353 2409 1476 2474 Iesaiac
1497 2415 1627 2492 tempore
1648 2412 1773 2478 ecclesia
1794 2412 2000 2495 Ierosolqmis,
2022 2433 2118 2494 quam
2135 2411 2224 2477 Deus

222 2499 408 2564 moderatur.
451 2496 573 2561 Deinde
593 2497 674 2577 quod
695 2498 801 2561 minus
822 2497 961 2562 conciliis
982 2496 1081 2561 tribuo
1102 2516 1197 2577 quam
1248 2495 1384 2578 nondum
1409 2495 1593 2561 deseruerat.
1636 2496 1688 2562 De
1711 2499 1892 2580 pastoribus
1920 2499 2063 2563 cerasia
2089 2498 2224 2580 loquitur

179 2584 180 2588 ’
222 2584 399 2650 adomsarii
419 2586 542 2664 petunt,
571 2603 632 2647 non
659 2604 696 2647 ea
724 2603 820 2647 eausa
844 2583 960 2664 facere,
988 2581 1110 2662 quoda
1131 2601 1197 2646 corr-
1250 2581 1326 2666 (Ios.
1354 2584 1411 2660 56,
1438 2582 1509 2665 10).·
1546 2583 1750 2665 speculatores
1773 2585 1841 2650 eius
1867 2586 1949 2649 caeci
1979 2604 2095 2662 omnes,
2128 2603 2223 2664 neque

223 2671 307 2735 ciliis
326 2674 475 2746 metuam,
503 2669 596 2748 qnasi
617 2668 742 2733 illorum
763 2689 876 2734 causae
896 2669 1118 2752 nrffraqentur,
1145 2688 1197 2732 no-
1248 2667 1420 2748 quidqnam
1439 2673 1602 2747 noverunt;
1630 2689 1733 2735 omnes
1753 2689 1844 2735 canes
1863 2670 1958 2747 inuti,
1985 2690 2038 2734 nec
2057 2668 2157 2733 culed
2177 2669 2223 2734 la·

222 2761 305 2821 strae
326 2775 395 2820 uero
421 2754 484 2818 sint
511 2755 674 2818 contraria
720 2754 808 2818 Nam
827 2753 899 2839 ut¹)
921 2755 964 2819 ad
985 2753 1112 2835 plenam
1130 2754 1197 2819 doc
1248 2759 1349 2831 trare,·
1377 2753 1509 2818 iacentes
1533 2754 1707 2834 dormiunt,
1724 2836 1728 2841 Ι
1747 2760 1775 2820 et
1805 2761 1912 2821 amant
1937 2755 2162 2834 dormitionem,
2195 2759 2223 2818 et

223 2842 323 2906 trinae
347 2845 470 2905 nostrae
497 2840 758 2920 approbationem,
787 2846 814 2905 et
841 2842 934 2905 totins
954 2840 1098 2922 papismi
1117 2860 1198 2904 eaer-
1243 2843 1387 2921 pastores
1412 2839 1478 2921 ipsi
1498 2839 1580 2903 nihil
1600 2839 1701 2905 sciunt
1726 2861 1780 2906 nec
1805 2842 1979 2925 intelliqnnt
2000 2847 2027 2906 et
2047 2842 2082 2905 in
2101 2842 2223 2906 univer-

221 2928 347 3006 sionem,
370 2925 488 2990 abunde
508 2925 595 2989 uerbo
613 2925 744 2991 Dmnini
762 2927 1044 3005 instructisumus,
1066 2931 1101 2989 nt
1116 2923 1199 2989 nilil
1249 2945 1320 2989 sum
1345 2923 1513 3006 ’respiciunt
1540 2926 1583 2988 ad
1603 2926 1673 2991 rias
1698 2947 1785 2992 suas.
1827 2927 1976 2992 Durabat
2001 2947 2118 3010 quoqne
2139 2926 2224 2992 ecole-

218 3017 381 3096 praeterea
402 3011 557 3091 requirere
577 3032 757 3095 maqnopere
778 3033 855 3093 opus
871 3012 931 3077 sit:
952 3012 1007 3090 ita,
1028 3012 1060 3076 si
1075 3031 1127 3076 res
1139 3010 1198 3090 flu-
1248 3011 1300 3075 sia
1320 3011 1363 3074 ad
1383 3015 1501 3092 tempus
1521 3010 1680 3077 Iererniae.
1723 3012 1906 3079 Audiamus
1932 3013 2008 3095 quid
2029 3014 2066 3079 de
2089 3013 2224 3095 pastori·

222 3099 303 3182 qitet,
325 3117 439 3179 maqna
460 3099 706 3179 exponique
727 3099 807 3163 satis
826 3098 869 3163 sit
888 3097 930 3162 ad
951 3102 1128 3178 utriunque,
1150 3117 1198 3161 oe
1249 3096 1307 3160 aa
1334 3096 1433 3160 dicat:
1464 3118 1486 3161 a
1508 3096 1658 3178 propheta
1686 3119 1783 3179 aspre
1809 3099 1852 3163 ad
1879 3099 2064 3164 sacerdotem
2095 3099 2224 3180 quisque

204 3189 295 3257 tera.
312 3182 441 3248 concilia
461 3181 549 3247 nobis
568 3182 812 3248 subministrant.
1249 3186 1381 3247 sectatur
1408 3182 1604 3247 mendacium
1625 3181 1670 3268 (6,
1692 3183 1755 3269 13).
1800 3184 1896 3249 Item:
1912 3184 2080 3267 prophetae
2100 3185 2225 3250 menda·

313 3273 382 3332 155.
428 3267 539 3353 ²)Iam
559 3268 650 3333 dere
670 3270 744 3351 ipsa
767 3270 938 3351 loquamm.
984 3268 1022 3334 Si
1042 3289 1080 3332 erc
1100 3268 1199 3350 scrip·
1250 3269 1333 3333 cium
1354 3267 1539 3349 prophetant
1560 3269 1738 3334 innomine
1758 3291 1837 3350 meo,
1866 3291 1963 3352 quma
1983 3291 2035 3355 eqo
2055 3291 2116 3336 non
2136 3270 2225 3335 mise

101 3410 103 3413 ,
223 3355 306 3419 turis
330 3355 478 3436 quaesit
504 3354 699 3419 mneiliorum
728 3356 879 3420 autoritas
905 3355 1080 3436 quaeritur,
1109 3353 1199 3418 nulla
1249 3354 1312 3418 rim
1333 3373 1397 3433 eos,
1420 3374 1517 3436 neque
1532 3357 1745 3437 praeceperim
1765 3357 1811 3420 eis
1833 3359 1898 3440 (14,
1920 3355 1983 3439 14).
2026 3355 2077 3421 Aa
2097 3377 2135 3420 ne
2150 3377 2225 3438 pro-

223 3444 322 3506 eestat
347 3439 501 3505 illustrior
519 3439 704 3522 prmnissio,
732 3461 828 3521 quam
852 3441 888 3504 in
913 3440 971 3505 lac
994 3438 1112 3505 ommi?
1132 3460 1198 3504 sen·
1250 3441 1311 3504 liei
1331 3440 1464 3503 ninrium
1485 3441 1520 3504 in
1539 3441 1708 3505 recitandis
1728 3442 1796 3506 eius
1817 3441 1918 3507 omlis
1938 3443 2056 3521 simus,
2085 3442 2224 3526 ἱερανινννν

223 3527 333 3593 tertia:
354 3525 409 3590 uti
427 3527 489 3591 duo
511 3531 567 3591 aut
586 3531 648 3591 tres
667 3528 839 3610 conqreqati
859 3527 894 3590 in
916 3527 1036 3592 nomion
1052 3545 1117 3590 meo
1132 3526 1198 3607 fue
1250 3524 1328 3607 qu'ae
1349 3530 1406 3589 toto
1427 3526 1570 3591 vicesimo
1596 3527 1683 3591 tertio
1704 3528 1802 3608 eapite
1820 3532 1848 3592 et
1868 3527 2105 3611 quadraqesimo
2126 3528 2225 3609 scrip

223 3613 302 3691 rint,
324 3611 390 3677 illio
410 3612 445 3675 in
465 3612 564 3677 medio
585 3631 690 3677 eornm
710 3633 781 3677 sum
803 3612 937 3695 (March.
959 3615 1007 3691 18,
1027 3612 1093 3696 20).
1144 3610 1199 3676 Ve-
1249 3613 1298 3676 sit.
1345 3611 1433 3675 Tunc
1453 3632 1491 3676 en
1509 3612 1608 3676 attera
1624 3617 1716 3694 parte
1735 3612 1834 3678 nililo
1854 3614 1964 3677 mit‘nrs
1984 3614 2020 3677 in
2040 3614 2159 3678 eosdem
2175 3614 2224 3676 in·

223 3717 296 3762 rann
316 3698 351 3762 id
371 3697 468 3762 nililo
492 3697 599 3762 minus
619 3700 654 3762 in
674 3698 900 3780 particularem
926 3698 1064 3780 quemuis
1085 3701 1199 3762 coetum
1249 3695 1410 3762 celebatur
1419 3696 1570 3762 Enecliel.
1597 3695 2226 3782 Coniuratio,inquit(22,25scqq.),pro-

224 3783 371 3863 competit,
391 3803 486 3863 quam
505 3784 541 3847 in
562 3785 725 3849 concilium
746 3784 930 3849 uniumsale.
969 3784 1077 3864 Neque
1097 3787 1199 3847 tamen
1244 3782 1411 3867 plectarum
1428 3784 1464 3847 iu
1484 3784 1584 3849 medio
1605 3783 1681 3863 eius,
1703 3785 1784 3849 siat
1804 3785 1848 3849 leo
1868 3785 1995 3867 mrqiens
2015 3789 2042 3848 et
2062 3784 2117 3864 qui
2138 3784 2225 3865 rapit

224 3868 261 3932 in
287 3888 320 3931 eo
344 3866 448 3932 lueret
473 3870 661 3949 quaestionis
686 3870 802 3949 nodus;
834 3871 889 3935 sed
914 3870 995 3952 quod
1022 3869 1132 3934 addim
1155 3873 1199 3934 est
1244 3869 1416 3952 praedam
1443 3869 1612 3935 sacmdotes
1637 3870 1706 3934 eius
1731 3869 1922 3935 ammonent
1947 3869 2041 3952 leqem
2070 3888 2172 3933 meam
2199 3874 2227 3933 et

225 3952 371 4030 condutio,
400 3953 446 4016 ita
471 3954 594 4018 demum
619 3956 685 4037 fore
708 3953 866 4020 Christum
892 3956 927 4021 in
947 3956 1047 4021 medio
1068 3955 1197 4034 concilii,
1244 3955 1490 4037 profanandum
1514 3960 1622 4020 saneta
1642 3976 1727 4035 mea,
1757 3976 1811 4020 nec
1836 3955 2003 4020 discrimen
2021 3955 2158 4036 feceruut
2179 3955 2226 4019 in-

225 4038 256 4103 si
276 4038 312 4101 in
331 4057 388 4102 suo
409 4040 528 4104 nomine
544 4046 743 4124 conqreqetur.
780 4043 883 4124 Quare
904 4047 939 4106 ut
959 4041 1076 4106 millies
1087 4041 1199 4123 episco
1249 4047 1295 4105 ter
1314 4044 1453 4105 sendum
1473 4046 1501 4106 et
1516 4041 1705 4123 profanmn5
1720 4047 1754 4129 'et
1774 4047 1892 4124 cadem
1912 4060 1991 4122 quae
2011 4038 2170 4124 snmnnqit
2190 4042 2225 4105 in

219 4143 337 4207 perum
363 4124 490 4188 cmnilia
517 4127 672 4190 nominent
693 4128 885 4206 aduersarii,
910 4148 1028 4210 parum
1041 4147 1200 4208 promove
1250 4147 1320 4191 eum
1340 4146 1473 4191 sensnm.
1518 4125 1645 4191 Similes
1672 4128 1881 4208 querimoniae
1901 4127 2029 4208 passim
2048 4132 2169 4192 aestuat
2188 4127 2224 4190 iu

224 4209 315 4308 lunt·
341 4228 404 4306 neo.
417 4214 486 4308 ante
511 4212 640 4293 efficient
660 4217 695 4275 ut
719 4213 881 4278 credamus
908 4215 988 4312 quod
1009 4213 1198 4310 contendunt,
1245 4211 1414 4295 prophetis,
1436 4215 1472 4276 ut
1491 4211 1572 4276 nilril
1589 4213 1665 4310 fam.
1677 4213 1870 4312 frequentius
1889 4217 2038 4278 reanrat.
2196 4297 2201 4309 Ι

223 4299 1006 4479 ttotitfflitttttstfflltsttttt
1020 4317 1199 4465 mm
1250 4297 1697 4449 ...estimat
1713 4300 1796 4449 m
1813 4303 1899 4449 m
1912 4297 2225 4450 incarn

217 4467 369 4549 prolique
389 4469 523 4549 episcopi
543 4468 693 4533 adversus
716 4467 873 4535 Christum
894 4471 1082 4552 conspirare,
1104 4489 1199 4550 quam
1249 4481 1325 4534 nam
1346 4469 1469 4551 quidem
1491 4474 1583 4548 esset;
1611 4491 1718 4534 oerum
1737 4471 1829 4535 aliter
1853 4470 1919 4551 fore
1944 4471 2077 4551 spiritns
2098 4473 2225 4535 sunus

223 4552 294 4618 loni
316 4557 343 4617 et
364 4553 457 4634 proli
485 4554 520 4617 in
542 4554 610 4617 eius
631 4555 751 4620 nomnen
777 4557 865 4619 coire.
910 4555 1019 4620 Huius
1041 4555 1088 4619 rei
1115 4554 1199 4619 luae-
1250 4556 1448 4621 denuntiauit.
1494 4553 1591 4621 Olera
1618 4557 1700 4620 enim
1724 4561 1798 4622 surrt
1820 4554 1908 4620 Petri
1935 4555 2043 4620 vala:
2074 4555 2225 4637 Querrnrd⁴

223 4639 302 4704 lento
327 4639 414 4704 nolis
445 4638 619 4704 documento
650 4645 723 4704 sunt
743 4640 889 4721 plurium
914 4641 1050 4719 macta,
1077 4660 1156 4722 quae
1177 4662 1199 4707 a
1250 4642 1383 4722 modum,
1405 4640 1717 4725 inquit(2Petr.2,
1740 4641 1781 4728 1),
1802 4641 2115 4723 fueruntinpopulo
2132 4640 2225 4707 reteri

224 4723 338 4788 talibus
364 4724 502 4790 conciliis
522 4725 674 4808 prodme.
726 4724 788 4791 Sed
818 4725 873 4790 loo
898 4731 1006 4809 postea
1037 4726 1198 4791 uidemur.
1245 4727 1541 4810 psendoprophetae,
1566 4728 1613 4792 sic
1639 4731 1666 4792 et
1692 4728 1772 4793 irter
1797 4747 1851 4793 ros
1870 4731 1960 4793 eun
1977 4726 2057 4807 falsi
2081 4727 2223 4805 dederes,

226 4808 320 4874 Nunc
336 4813 456 4875 tantum
476 4832 537 4877 mro
558 4811 646 4877 aerbo
667 4812 839 4894 respondeo,
860 4810 1019 4877 (ilirism
1035 4812 1116 4878 nilit
1130 4813 1199 4895 pol·
1250 4818 1348 4878 sectas
1369 4813 1556 4896 perditionis
1582 4813 1784 4879 insinuantes.
1840 4813 1952 4894 Viden,
1980 4817 2015 4877 ut
2041 4833 2101 4878 non
2122 4834 2144 4877 a
2158 4811 2225 4894 ple-
2316 4854 2321 4874 .

224 4895 326 4974 liceri,
347 4897 413 4961 nisi
432 4897 477 4963 iis
495 4899 606 4979 quiin
626 4918 683 4964 suo
703 4899 825 4964 nomine
845 4903 1071 4983 conqreqantur.
1115 4899 1199 4981 Quid
1250 4899 1327 4965 boiis
1358 4899 1519 4964 imminere
1543 4899 1721 4981 periculum
1742 4899 1921 4982 praedicat,
1953 4898 2008 4963 sed
2033 4897 2072 4964 al
2099 4898 2143 4963 iis
2168 4898 2225 4979 qui

228 5036 287 5043 ff„
304 5037 430 5043 „-
1250 4985 1404 5050 doctorum
1420 4991 1449 5051 et
1462 4989 1627 5066 pastorum
1642 4985 1731 5050 titulo
1747 5006 1781 5050 se
1796 4984 2016 5051 nominitant?
2049 4983 2224 5062 Praeterea,

295 5116 565 5181 uniuscunque.
651 5120 682 5188 e)
702 5121 802 5175 Narro
817 5123 917 5189 capon
940 5119 1198 5188 r111.§§.155-
1249 5071 1365 5151 mm
1391 5092 1413 5135 α
1436 5069 1556 5135 amm
1583 5070 1717 5156 (Matth.
1738 5075 1788 5149 24,
1811 5075 1845 5133 ¹¹
1867 5077 1900 5134 et
1918 5069 1974 5153 24)
2002 5073 2030 5134 et
2055 5071 2125 5134 θέω
2154 5090 2225 5168 “9⁹

228 5181 288 5320 10ὶὶ
289 5201 323 5305 Ινν
336 5190 584 5323 ainwa}
585 5191 688 5311 &auito
709 5190 789 5320 aliter
811 5196 956 5245 maantam
978 5192 1009 5243 iu
1026 5189 1067 5243 ed.
1085 5205 1111 5243 a
1130 5187 1198 5243 1539
1243 5156 1400 5323 {tm
1414 5156 1624 5323 amena
1631 5162 1680 5305 ραι
1697 5155 1924 5322 ww
1938 5175 2069 5306 m
2085 5155 2225 5307 w
