4732 6030
972 331 1339 399 PROLEGOMJINA
2001 337 2162 405 XXXIX

154 524 274 590 eadem
295 544 377 605 quae
400 534 434 587 et
460 521 657 605 praecedens
679 522 778 586 editio
807 521 989 587 exhibebat.
1036 523 1155 587 Textui
1183 522 1406 587 Institutionis
1433 520 1553 586 dantm
1574 523 1804 604 quaterniones
1830 527 2001 610 sexaginta
2022 536 2055 591 et
2075 549 2162 592 unus

154 635 281 720 (a-z;
304 635 431 713 A—Z;
454 633 644 717 Aa—Pp),
672 635 813 717 paginae
837 637 898 696 976
926 636 1124 700 tricenorum
1152 642 1186 698 et
1213 655 1415 698 novenorum
1437 654 1601 699 versuum
1651 634 1789 699 Accedit
1811 636 2037 703 catechismus
2059 660 2162 720 usque

145 746 202 827 'gd
222 769 296 832 pag.
319 750 397 809 1031
424 745 604 829 (Qq-Tt)
627 745 813 828 procedens.
863 745 994 811 Indices
1017 746 1059 810 ad
1081 746 1203 811 calcem
1226 745 1362 810 subiecti
1384 744 1485 808 iidem
1506 745 1561 827 qui
1583 744 1619 809 in
1641 748 1776 811 caeteris
1798 747 1890 812 libris
1912 750 2161 832 genevensibus,

154 858 202 924 ad
229 858 479 941 Stephanionem
507 858 646 921 formam
674 858 828 939 expressi.
882 859 1004 922 Errata
1031 859 1067 921 in
1095 858 1161 922 fine
1188 863 1345 921 notantur
1371 855 1541 940 pauciores
1570 877 1668 938 quam
1697 857 1885 923 debuerant
1931 861 2017 944 Typi
2039 861 2161 924 minuti

154 970 268 1035 italici
313 968 435 1035 Libelli
457 970 556 1033 facies
578 990 644 1032 non
667 968 842 1051 inelegans.
878 969 1054 1034 Caeterum
1074 969 1278 1051 possidemus
1300 968 1397 1032 huius
1418 965 1570 1031 editionis
1593 966 1656 1031 duo
1679 971 1879 1052 exemplaria
1895 971 2054 1036 haetenus
2076 973 2162 1037 inter

156 1103 194 1148 se
217 1081 346 1146 diversa
367 1088 405 1143 ut
429 1082 464 1144 in
488 1080 589 1144 altero
611 1080 701 1145 urbis
724 1080 880 1147 Generae
901 1102 1022 1145 nomen
1044 1082 1079 1144 in
1100 1079 1195 1144 titulo
1218 1082 1373 1145 omissum
1396 1081 1446 1145 sit

992 1420 1184 1503 EDITIO
1206 1423 1321 1505 VIII.

681 1608 976 1676 amanuensis
999 1611 1059 1674 iv,
1093 1609 1328 1676 ernamur
1350 1613 1394 1676 Π.
1432 1616 1522 1675 1559.
1557 1580 1628 1675 aa.

313 1783 508 1849 Accedimus
530 1782 662 1848 tandem
685 1782 726 1847 ad
748 1784 880 1847 tertiam
901 1782 1081 1846 editionum
1106 1783 1264 1847 familiam
1286 1783 1446 1865 hodieque
1468 1784 1688 1862 notissimam,
1711 1785 1830 1866 quippe
1851 1805 1934 1866 quae
1957 1805 2029 1849 eam
2051 1786 2159 1867 operis

154 1896 299 1960 sormam
320 1903 557 1980 repraesentet,
586 1916 669 1978 quae
697 1893 849 1977 deinceps
878 1915 943 1958 non
966 1894 1107 1977 amplius
1128 1901 1255 1959 mutata
1281 1901 1484 1976 posterorum
1506 1894 1622 1959 studiis
1645 1896 1809 1974 inserviit,
1833 1897 1969 1961 caeteris
1991 1917 2095 1977 paene
2118 1918 2160 1962 ex

156 2008 331 2072 hominum
350 2008 451 2073 oculis
475 2008 616 2071 remotis.
662 2004 765 2070 Cuius
784 2026 888 2070 novae
909 2007 1120 2082 recensionis,
1151 2006 1294 2089 adeoque
1315 2006 1392 2070 novi
1415 2005 1501 2087 quod
1522 2007 1692 2071 verissime
1713 2007 1871 2089 appellari
1898 2008 2019 2090 poterit
2040 2009 2157 2096 operis,

154 2120 223 2182 tria
245 2126 377 2184 exstant
399 2118 636 2202 exemplarium
659 2138 780 2201 genera
799 2118 974 2198 superstite
997 2116 1136 2182 Calvino
1159 2117 1330 2194 editorum,
1354 2138 1450 2198 quae,
1473 2116 1502 2181 si
1522 2117 1662 2182 formam
1684 2126 1855 2183 externam
1876 2121 2058 2202 exceperis,
2082 2120 2160 2185 hac·

156 2240 256 2295 tenus
279 2233 389 2295 omnia
411 2232 595 2295 communia
616 2230 740 2294 habent
761 2235 798 2292 ut
819 2229 854 2292 in
876 2229 916 2293 iis
939 2229 1122 2293 accuratius
1145 2228 1347 2292 delineandis
1368 2229 1468 2292 semel
1489 2230 1590 2293 verba
1611 2230 1724 2293 fecisse
1747 2230 1893 2295 sufficiet.

313 2342 442 2408 uiuus
463 2342 562 2424 primi
583 2342 636 2406 aa
658 2350 721 2406 est:
745 2338 1011 2405 msrmvmo
1033 2329 1343 2424 osai-letiense
1361 2328 1592 2438 religionis,
1615 2329 1657 2409 in
1680 2329 1811 2411 libros
1836 2360 1940 2440 qua·
1958 2345 2050 2426 ituor
2072 2366 2160 2409 nuno

155 2454 300 2535 primunr
324 2436 463 2537 digest'a,
488 2454 649 2535 certisque
671 2452 826 2517 distincta
847 2451 1021 2535 capitibus,
1045 2451 1087 2515 ad
1109 2452 1550 2534 aptissimamlmcthodum:
1581 2460 1676 2517 aucta
1698 2455 1797 2517 etiam
1822 2461 1891 2519 tam
1913 2477 2033 2538 magna
2053 2477 2159 2521 acces·

155 2565 250 2629 sione
276 2573 313 2629 vt
346 2564 581 2647 propemodum
607 2585 688 2646 opus
701 2561 705 2654 Ι
718 2584 841 2628 nouum
873 2563 988 2626 haberi
1020 2564 1131 2646 possit.
1158 2564 1162 2646 Ι
1192 2573 1358 2628 ΙΟΗΑΝΝΕ
1395 2573 1555 2627 CALVINO
1583 2573 1762 2627 AVTHORE.
1788 2574 1793 2641 Ι
1822 2554 1951 2637 Oliua,
1980 2555 2160 2637 Roberti

157 2663 377 2774 Stephani.
400 2674 608 2760 laeseras.
628 2682 631 2750 i
652 2685 808 2739 runmx.
831 2674 957 2758 (addito
980 2674 1197 2760 emblemate).

311 2785 633 2851 l'racmittendorur‘n
655 2787 826 2868 quaternio
847 2809 932 2849 unus
955 2787 1024 2850 sive
1045 2794 1117 2850 octo
1137 2787 1229 2865 folia3
1257 2794 1366 2852 textus
1395 2789 1533 2871 triginta
1556 2795 1589 2852 et
1609 2789 1752 2870 quinque
1776 2787 1904 2872 (a—z;
1924 2788 2065 2872 A—M)
2088 2789 2158 2854 sive

157 2900 297 2983 paginae
328 2903 388 2962 564
422 2920 576 2963 versuum
604 2888 909 2981 quinquagenorum
936 2907 970 2961 et
997 2905 1195 2963 octonorum.
1246 2900 1387 2962 Textum
1416 2901 1563 2981 sequitur
1596 2899 1696 2962 index
1723 2901 1867 2982 capitum
1890 2921 1964 2964 cum
1991 2900 2053 2964 hac
2082 2901 2158 2964 sub-

159 3011 345 3092 scriptione:
368 3009 561 3075 Excudebat
582 3010 746 3102 Robertus
769 3008 959 3092 Stephanus
981 3009 1136 3074 Genevae
1158 3011 1257 3074 Anno
1279 3011 1325 3074 Μ.
1333 3011 1374 3074 D.
1382 3011 1475 3075 LIX.
1510 3011 1624 3074 XVII.
1648 3010 1717 3075 Cal.
1742 3010 1923 3093 Septembr.
1969 3011 2158 3077 Finem‘fass

158 3123 206 3188 cit
226 3122 323 3186 index
346 3122 548 3205 theologicus
570 3120 816 3203 quatuordecim
838 3121 990 3185 foliorum
1018 3120 1253 3204 (quaternionis
1275 3130 1308 3188 et
1329 3123 1487 3187 ternionis
1506 3120 1638 3206 N-O)
1661 3123 1805 3204 spatium
1827 3123 2005 3203 amplexus.
2049 3126 2159 3207 Atque

157 3234 213 3299 hic
236 3234 371 3299 ultimus
392 3234 454 3297 fuit
475 3234 650 3298 clarissimi
671 3233 807 3296 Roberti
829 3233 932 3314 patris
953 3232 1054 3309 labor,
1077 3234 1141 3298 viri
1162 3234 1202 3297 ab
1225 3234 1405 3298 eruditione
1427 3255 1493 3298 non
1514 3234 1624 3298 minus
1646 3255 1744 3315 quam
1766 3234 1807 3298 ab
1830 3241 1901 3298 arte
1918 3255 1977 3299 sua
1995 3255 2159 3300 commen·

155 3345 267 3409 dandi.
311 3346 398 3410 Nam
419 3345 647 3427 intrapaucos
670 3344 739 3409 dics
761 3343 940 3426 posthanc
963 3343 1140 3408 editionem
1162 3344 1352 3424 absolutam,
1377 3345 1453 3410 ad.
1476 3345 1554 3409 VII.
1585 3344 1633 3408 Id.
1658 3343 1747 3428 Sept.
1776 3346 1841 3409 fato
1864 3367 1922 3410 suo
1945 3346 2076 3410 binetus
2099 3352 2156 3410 cst

314 3456 410 3537 Quod
432 3457 473 3521 ad
496 3478 551 3520 eas
572 3456 647 3520 libri
670 3462 780 3539 partes
802 3455 921 3519 attinet
942 3476 1025 3536 quae
1047 3455 1252 3520 institutioni
1273 3457 1336 3539 ipsi
1358 3457 1523 3539 praemitti
1546 3457 1668 3536 solent,
1699 3458 1856 3539 praefatio
1880 3455 1921 3520 ad
1944 3456 2070 3539 Regem
2089 3457 2158 3521 fere
2221 3531 2228 3540 ι

156 3549 281 3633 intacta
301 3570 438 3646 mansit,
467 3568 608 3632 indicem
634 3589 712 3632 vero
739 3574 1006 3651 argumentorum
1034 3567 1273 3649 alphabeticum
1300 3569 1397 3650 paulo
1424 3570 1491 3633 iam
1518 3569 1572 3633 hic
1599 3568 1842 3650 locupletiorem
1866 3566 2055 3667 Stephanus
2080 3567 2157 3631 folio

154 3681 244 3744 tituli
259 3702 354 3745 verso
375 3680 550 3763 inscripsit.
589 3679 716 3743 Verum
736 3679 773 3741 in
790 3679 841 3743 his
864 3678 910 3742 nil
933 3679 1085 3760 estquod
1102 3700 1161 3744 nos
1189 3680 1276 3745 ultra
1293 3679 1445 3745 detineat.
1482 3680 1589 3744 Multo
1612 3681 1717 3762 magis
1743 3686 1867 3743 attento
1890 3679 1999 3742 ammo
2020 3677 2159 3761 legenda

154 3792 293 3874 epistola
321 3791 451 3857 Calvini
474 3791 515 3854 ad
537 3791 705 3868 lectorem,
734 3798 863 3855 textum
884 3789 1016 3872 quidem
1038 3813 1134 3855 suum
1160 3792 1336 3873 pristinum
1363 3793 1506 3855 referens
1534 3790 1591 3854 sed
1618 3798 1758 3854 auctum.
1803 3790 1890 3854 Nam
1912 3789 1952 3853 de
1975 3791 2082 3873 operis
2105 3791 2157 3855 sui

155 3904 265 3986 prima
286 3904 412 3986 origine
434 3910 467 3967 et
489 3902 629 3967 feliciore
650 3904 756 3968 indies
778 3923 954 3986 progressu
976 3903 1134 3969 nonnulla
1155 3903 1329 3984 praefatus,
1352 3923 1386 3966 se
1408 3903 1566 3966 lectorum
1588 3901 1691 3965 favori
1713 3922 1815 3982 usquc
1843 3901 2039 3984 respondere
2062 3922 2158 3966 cona·

153 4022 229 4078 tum
250 4015 400 4093 affirmat,
421 4036 526 4096 nequo
547 4015 581 4079 id
602 4015 745 4080 secunda
766 4021 897 4079 tantum
918 4014 1060 4078 editione
1081 4021 1241 4092 tentasse,
1270 4014 1326 4077 sed
1354 4015 1480 4096 quoties
1502 4012 1618 4077 deinde
1646 4033 1801 4076 excusum
1831 4013 1931 4077 fuerit
1957 4033 2039 4097 opus
2064 4013 2158 4077 novis

155 4127 392 4192 accessionibus
413 4127 647 4208 locupletatum
668 4126 835 4209 prodiisse.
882 4125 956 4191 Etsi
983 4131 1098 4204 aretem,
1122 4127 1168 4191 sic
1190 4126 1312 4209 porgit,
1341 4124 1456 4190 laboris
1476 4130 1547 4188 turre
1568 4125 1700 4205 irrqrerasi
1721 4145 1768 4188 me
1790 4144 1851 4188 riori
1867 4125 2052 4206 poenitebat,
2079 4143 2158 4186 rian-

156 4259 252 4320 qaum
272 4242 374 4303 temer
399 4237 477 4301 miti
505 4239 584 4303 sotis
610 4238 685 4318 feei,
714 4238 805 4302 darec
826 4240 861 4302 iu
881 4238 960 4301 barre
981 4238 1132 4315 ordinem,
1161 4239 1216 4318 qai
1237 4257 1318 4301 aare
1340 4223 1538 4318 proponitur,
1565 4237 1716 4320 digestam
1739 4237 1809 4317 fuit.
1857 4237 1950 4301 rarae
1970 4257 2018 4300 me
2038 4235 2159 4300 dedisse

156 4350 274 4430 confido
301 4351 382 4431 qrrod
409 4351 547 4413 orarium
574 4350 690 4414 iudicio
710 4349 864 4429 probetur.
917 4347 1001 4413 Oea
1030 4355 1142 4429 querito
1164 4350 1265 4412 stadio
1288 4349 1330 4413 ad
1356 4348 1587 4430 operorn‘borrc
1614 4347 1754 4412 ecelesiae
1776 4347 1838 4411 Dei
1860 4347 2083 4429 qaaere-iatam
2111 4345 2159 4407 ire

156 4459 324 4541 aeterra
347 4461 533 4525 luculentam
553 4462 760 4525 testimonium
776 4461 917 4542 proferre
939 4461 1005 4525 iicet
1025 4461 1106 4542 quod
1122 4462 1271 4542 proxime
1292 4460 1403 4542 tyara,
1426 4462 1502 4524 dara
1523 4459 1738 4523 existimabam
1759 4481 1780 4524 a
1799 4459 1882 4540 febre
1903 4464 2057 4540 quartano
2078 4475 2158 4520 mor-

155 4578 217 4636 tem
238 4573 315 4637 niati
336 4573 524 4650 decreturi,
548 4594 607 4654 quo
628 4574 729 4656 magis
750 4573 876 4655 urgebat
895 4568 1026 4650 acerbae,
1049 4593 1082 4637 eo
1103 4573 1208 4635 micus
1230 4572 1308 4636 milri
1324 4573 1464 4654 peperci,
1487 4572 1578 4636 donee
1599 4571 1713 4635 librrrm
1733 4572 1925 4652 sirperstiian
1946 4568 2156 4646 relinquerem,

154 4686 212 4766 qui
234 4691 298 4748 tom
319 4684 464 4768 bmipnoe
486 4685 615 4765 piorem
642 4684 819 4748 invitationi
843 4685 979 4767 protam
1008 4683 1148 4764 dquam
1173 4685 1355 4766 reperderet.
1399 4683 1540 4765 Reliqua
1561 4684 1627 4747 iam
1648 4684 1726 4746 olim
1747 4684 1784 4746 in
1804 4681 1971 4765 publicum
1994 4679 2157 4761 professus

154 4791 237 4860 erat.
272 4775 432 4862 'Conferri
462 4796 527 4860 hue
554 4804 691 4879 possunt
712 4816 794 4877 quae
816 4796 916 4860 habet
936 4796 1025 4859 Beza
1052 4796 1087 4858 in
1112 4796 1181 4859 vita
1202 4794 1332 4861 calvini
1361 4795 1440 4878 Gap.
1461 4798 1509 4858 20.
1563 4792 1842 4876 Subscriptionem
1872 4814 1960 4856 nuno
1987 4791 2062 4856 fecit
2090 4791 2157 4857 Ge-

155 4928 262 4972 nevae
282 4906 416 4972 Calend.
438 4909 582 4991 Augusti
604 4928 689 4972 anno
710 4907 756 4971 M.
770 4907 812 4971 D.
824 4906 917 4971 LIX.
964 4904 1073 4986 Quam
1096 4906 1243 4989 sequim
1263 4912 1395 4991 praeter
1416 4907 1684 4991 augustinianum
1706 4904 1787 4969 illud
1809 4903 2052 4987 apophthegma
2073 4901 2158 4984 quod

157 5040 261 5103 supra
283 5019 462 5098 retulimus,
484 5019 546 5085 hoc
569 5019 744 5083 distichon:
1347 5037 1351 5040 ’

778 5139 849 5203 Quos
867 5138 971 5191 animus
989 5136 1078 5190 iuerat
1095 5138 1169 5191 tenui
1188 5154 1316 5190 excusare
1333 5138 1433 5203 libello,

775 5234 902 5287 Discendi
921 5233 1011 5286 studio
1029 5250 1155 5302 magnum
1173 5233 1261 5285 secure
1279 5233 1412 5286 volumen.
