4770 6030
81 305 83 310 ’
187 336 269 397 1111
567 379 571 391 .
760 325 1026 396 mauronto
1048 328 1153 394 111.
1175 327 1356 394 1111111.
1378 329 1610 392 111-1114.
2105 330 2192 392 1112

800 496 801 502 ,
1810 427 2194 516 [1111111111.

186 521 309 604 optimo
330 518 442 603 legum
463 540 584 603 genere
605 518 860 602 disputationem
888 517 961 598 quis
983 523 1163 598 exspectet:
1216 515 1259 579 ad
1279 523 1470 598 perpetuam
1490 515 1582 579 illam
1603 515 1748 579 caritatis
1769 515 1919 598 regulam
1940 516 2124 599 exigantur,
2152 525 2193 580 11

189 628 273 689 quae
295 612 329 670 et
348 606 510 670 immensa
530 605 630 683 foret,
661 625 722 669 nec
749 602 931 686 praesentis
958 609 1045 666 11111
1065 621 1164 684 argu-
1215 600 1321 665 forma
1346 599 1480 682 quidem
1506 600 1648 678 varient,
1682 602 1841 666 rationem
1868 601 2011 666 habeant
2039 600 2190 666 eandem.

187 692 299 756 menti.
344 691 464 755 Paucis
483 697 623 767 tantum,
647 697 680 754 et
700 689 794 772 quasi
816 688 852 752 in
874 695 1082 765 transcursu,
1105 706 1164 750 no-
1216 685 1302 749 Nam
1324 684 1479 750 barbaras
1500 685 1574 750 11111
1600 693 1635 749 11
1661 686 1748 752 feras
1768 687 1874 770 leges,
1906 687 2019 769 quales
2045 688 2190 764 fuenmt,

187 776 262 841 tabo
286 776 405 859 quibus
430 775 558 858 legibus
585 777 637 858 pie
665 795 775 840 coram
804 773 876 838 Deo
904 774 954 836 uti
981 773 1098 855 possit,
1131 781 1165 836 et
1218 793 1300 853 quae
1322 772 1410 835 fures
1430 771 1552 835 honore
1572 774 1860 854 prosequebantur,
1884 792 1966 854 quae
1988 774 2192 854 promiscuos

186 863 274 927 inter
296 861 447 926 homines
466 862 531 925 rite
549 860 780 925 administrari.
825 857 922 939 Quod
940 858 1040 922 etiam
1056 859 1165 940 ipsum
1216 857 1318 922 coitus
1345 857 1590 938 permittebant,
1624 856 1770 940 aliaeque
1797 858 1900 922 multo
1928 867 2000 922 tum
2030 856 2191 924 foediores

186 968 320 1030 prorsus
338 947 468 1011 silentio
485 946 749 1023 transmisissem,
769 946 832 1010 nisi
849 943 1068 1026 intelligerem
1077 943 1163 1026 peri·
1215 949 1289 1005 tum
1311 941 1525 1019 absurdiores,
1547 962 1608 1024 pro
1629 941 1757 1025 legibus
1774 942 1942 1008 habendas
1961 944 2095 1008 minime
2112 965 2191 1009 een·

187 1032 297 1099 culose
319 1033 373 1097 hie
393 1054 412 1096 1
434 1032 548 1097 multis
575 1030 728 1096 aberrari.
773 1028 864 1094 Sunt
884 1028 972 1093 enim
997 1030 1055 1112 qui
1077 1036 1164 1094 recte
1216 1046 1284 1090 seo:
1307 1027 1436 1109 quando
1458 1026 1588 1109 quidem
1610 1028 1788 1094 abhorrent
1804 1028 1845 1092 ab
1861 1030 1959 1107 omni,
1981 1050 2047 1093 non
2064 1030 2202 1093 iustitia

129 1171 133 1180 .
186 1118 399 1200 compositam
417 1138 488 1181 esse
505 1117 740 1199 rempublicam
761 1122 891 1198 negent,
909 1135 992 1196 quae
1008 1113 1165 1197 neglectis
1215 1111 1320 1190 modo,
1343 1112 1400 1178 sed
1422 1113 1625 1177 humanitate
1643 1114 1742 1178 etiam
1757 1124 1792 1179 et
1809 1114 2066 1180 mansuetudine.

187 1202 281 1268 Mose
297 1203 446 1285 politicis,
470 1203 698 1266 communibus
714 1201 863 1283 gentium
884 1200 1010 1283 legibus
1028 1200 1162 1284 regitur.
1304 1202 1352 1261 15.
1396 1197 1437 1261 Id
1460 1198 1545 1280 quod
1578 1198 1646 1262 dixi
1673 1199 1808 1281 planum
1834 1201 1907 1278 fiet,
1940 1201 1967 1265 si
1997 1202 2032 1264 in
2062 1199 2190 1284 legibus

187 1286 282 1369 Quae
309 1289 471 1353 sententia
498 1309 598 1369 quam
625 1286 806 1368 periculosa
833 1286 878 1351 sit
902 1294 938 1349 et
964 1284 1162 1363 turbulenta,
1217 1282 1367 1347 omnibus
1388 1282 1452 1348 duo
1474 1283 1555 1348 haec
1576 1293 1615 1347 ut
1636 1284 1728 1351 decet
1746 1286 1946 1350 intueamur:
1967 1285 2049 1368 legis
2068 1287 2190 1350 eonsti-

187 1373 331 1440 viderint
351 1374 419 1452 alii;
441 1372 526 1437 mihi
546 1372 664 1439 falsam
686 1392 818 1436 esseae
843 1369 1003 1448 stolidam,
1030 1369 1163 1434 demon·
1216 1369 1375 1432 tutionem
1408 1379 1442 1433 et
1474 1370 1685 1451 aequitatem,
1718 1372 1810 1435 11111
1841 1372 1967 1436 ratione
1998 1371 2190 1436 constitutio

187 1468 309 1525 1111111
341 1459 421 1523 satis
443 1458 515 1522 crit.
558 1458 623 1523 Est
655 1464 769 1522 autem.
795 1455 997 1522 observanda
1028 1456 1164 1538 vulgata
1214 1452 1288 1535 ipsa
1323 1453 1450 1518 nititur.
1509 1455 1683 1536 Aequitas,
1717 1457 1793 1539 quia
1827 1457 1999 1521 1111111111.
2017 1467 2082 1534 est,
2121 1478 2190 1521 non

186 1545 245 1609 illa
265 1545 407 1627 partitio,
431 1565 514 1626 quae
542 1544 731 1608 universam
752 1541 817 1606 Dei
838 1542 945 1625 legem
966 1562 1025 1624 per
1045 1540 1163 1605 Mosen
1215 1539 1280 1603 nisi
1302 1560 1370 1602 una
1389 1541 1535 1603 omnium
1556 1561 1626 1605 esse
1648 1550 1763 1623 potest,
1786 1541 1857 1606 ideo
1880 1550 1914 1606 et
1933 1541 2060 1625 legibus
2082 1543 2190 1606 omni-

189 1629 460 1706 administratam,
479 1630 515 1692 in
532 1649 648 1705 mores,
668 1628 898 1706 caeremonias,
916 1624 1035 1691 iudicia
1052 1625 1162 1691 distri·
1215 1621 1284 1702 bus,
1305 1644 1365 1706 pro
1388 1626 1511 1708 negotii
1531 1646 1660 1709 genere,
1677 1626 1791 1692 eadem
1808 1629 1974 1711 proposita
1991 1649 2062 1692 esse
2083 1627 2187 1692 debet

187 1715 268 1793 buit,
293 1736 331 1781 11
353 1712 571 1796 dispiciendae
593 1712 742 1796 singulae
767 1721 890 1794 partes:
925 1718 963 1775 ut
983 1711 1162 1776 habeamus
1216 1707 1488 1788 Constitutiones,
1515 1711 1592 1792 quia
1618 1713 1880 1778 circumstantias
1907 1712 2032 1794 aliquas
2055 1714 2188 1792 habent,

188 1799 328 1882 quidex
350 1799 453 1864 iisad
475 1821 536 1864 nos
558 1798 730 1881 pertineat,
754 1796 832 1880 quid
858 1799 976 1861 minus.
1021 1797 1090 1863 Nec
1111 1799 1162 1861 in·
1216 1815 1235 1859 1
1257 1795 1374 1876 quibus
1395 1816 1454 1878 pro
1476 1804 1570 1878 parte
1591 1796 1770 1879 pendeant,
1798 1797 1896 1862 modo
1915 1799 1951 1862 in
1973 1799 2112 1881 eundem
2135 1819 2190 1863 ae-

188 1887 286 1950 terim
312 1886 497 1968 quempiam
524 1891 672 1949 moretur
698 1883 753 1949 hic
786 1882 973 1965 scrupulus,
1006 1880 1095 1964 quod
1120 1883 1163 1947 ad
1215 1881 1348 1961 quitatis
1369 1901 1502 1964 scopum
1530 1903 1643 1947 omncs
1671 1884 1794 1965 pariter
1821 1884 2009 1963 intendant,
2043 1884 2189 1950 diversas

187 1992 296 2036 mores
315 1972 414 2035 etiam
431 1969 552 2035 iudicia
569 1978 602 2034 et
619 1969 839 2034 caeremoniae
880 1969 1032 2032 ertinent.
1062 1968 1163 2033 Vete·
1215 1985 1287 2030 esse
1307 1965 1391 2029 nihil
1413 1965 1511 2030 obest
1556 1967 1629 2030 Iam
1652 1989 1754 2050 quum
1774 1970 1837 2034 Dei
1858 1969 1974 2052 legem,
1999 1991 2099 2052 quam
2119 1991 2190 2035 mo-

189 2077 243 2120 rea
266 2057 355 2121 enim
377 2057 435 2137 qui
455 2056 665 2137 partitionem
687 2054 772 2119 hanc
867 2053 1006 2130 derunt,
1034 2055 1164 2118 tametsi
1215 2050 1319 2114 relem
1340 2072 1503 2130 vocamus,
1527 2062 1654 2118 constet
1675 2075 1742 2118 non
1763 2055 1853 2120 aliud
1879 2077 2071 2138 essequam
2092 2063 2190 2119 netu-

190 2139 273 2205 duas
300 2143 381 2207 istas
412 2141 606 2223 posteriores
634 2148 744 2222 partes
773 2159 840 2202 non
862 2139 1058 2221 ignorabant
1078 2140 1164 2205 circa
1216 2136 1295 2200 ralis
1321 2135 1404 2219 legis
1430 2138 1667 2217 testimonium,
1701 2142 1830 2205 eteius
1861 2142 2077 2206 conscientiae
2106 2163 2189 2223 quae

69 2223 75 2239 “
188 2247 297 2292 mores
318 2247 452 2304 versari,
476 2227 553 2308 quia
575 2235 686 2290 tamen
705 2225 805 2289 salvis
827 2224 971 2289 moribus
991 2226 1114 2289 mutari
1131 2232 1165 2289 et
1215 2221 1386 2286 hominum
1410 2224 1528 2288 animis
1556 2244 1576 2287 a
1600 2224 1672 2289 Deo
1697 2225 1861 2308 insculpta
1888 2234 1951 2291 est:
1984 2234 2055 2291 tota
2081 2226 2188 2306 huius,

189 2312 341 2395 abrogari
361 2318 527 2393 poterant,
555 2310 696 2374 morales
718 2330 785 2374 non
807 2308 969 2374 dixerunt
1014 2310 1161 2375 Primam
1216 2304 1256 2370 de
1274 2327 1340 2389 qua
1357 2328 1444 2373 nunc
1460 2307 1632 2391 loquimur,
1656 2311 1827 2393 aequitatis
1848 2313 1931 2377 ratio
1948 2313 1985 2377 in
2007 2313 2079 2394 ipsa
2094 2334 2190 2395 prae-

189 2396 281 2461 illem
312 2406 439 2479 partem
472 2395 680 2479 peculiariter
712 2395 920 2479 appellarunt
951 2416 989 2459 eo
1021 2397 1162 2474 nomine,
1215 2393 1336 2473 scripta
1362 2404 1420 2457 cst
1463 2394 1608 2460 Proinde
1633 2396 1702 2460 sola
1726 2418 1852 2481 quoque
1884 2399 1956 2479 ipsa
1980 2398 2092 2481 legum
2119 2419 2189 2462 om-

188 2483 272 2548 citra
293 2503 392 2564 quam
412 2503 480 2547 non
501 2489 628 2547 constet
648 2501 727 2546 vera
747 2502 875 2545 morum
897 2480 1060 2545 sanctitas.
1216 2478 1309 2541 nium
1335 2488 1368 2542 et
1396 2500 1511 2561 scopus
1540 2491 1574 2543 et
1600 2482 1715 2564 regula
1741 2490 1776 2547 et
1801 2484 1961 2548 terminus
1988 2485 2032 2548 sit
2052 2492 2187 2566 oportet

279 2572 325 2631 14.
371 2568 445 2631 Lex
466 2569 576 2649 itaque
597 2565 739 2644 moralis,
759 2578 799 2630 ut
818 2564 895 2631 inde
916 2565 1060 2647 primurn
1081 2567 1162 2632 inei·
1214 2563 1269 2628 Ad
1292 2585 1364 2627 eam
1385 2565 1535 2648 regulam
1556 2586 1767 2655 quaecunque
1792 2569 1950 2633 formatae
1972 2577 2068 2634 11111
2087 2569 2186 2651 leges,

188 2654 285 2735 piam,
310 2674 412 2734 quum
434 2652 560 2717 duobus
587 2672 625 2716 ca
647 2652 746 2717 itibus
774 2651 993 2728 contineatur,
1023 2673 1163 2734 quorum
1214 2669 1298 2731 quae
1320 2649 1357 2712 in
1378 2671 1456 2714 eum
1478 2672 1612 2734 scopum
1634 2651 1788 2732 directae,
1823 2675 1907 2737 quae
1928 2676 1966 2719 eo
1987 2654 2123 2718 termino
2144 2654 2186 2717 li·

188 2737 329 2802 1111111
351 2758 436 2820 pura
457 2739 566 2802 Deum
588 2738 611 2801 fi
635 2759 653 2801 e
681 2744 715 2801 et
736 2737 857 2819 pietate
874 2736 993 2814 celere,
1021 2737 1163 2802 alterum
1214 2735 1357 2813 mitatae,
1381 2756 1447 2799 non
1467 2745 1517 2800 est
1538 2757 1596 2801 111
1617 2758 1637 2801 1
1658 2738 1750 2804 nobis
1768 2739 1998 2823 improbentur,
2020 2747 2184 2819 utcunque

187 2825 314 2888 sincera
334 2823 485 2888 homines
508 2821 680 2888 dilectione
699 2822 872 2905 complecti
900 2822 1090 2904 simpliciter
1111 2824 1162 2887 iu·
1214 2819 1268 2884 rel
1290 2841 1310 2884 a
1332 2819 1404 2904 lege
1425 2820 1562 2899 iudaice,
1585 2823 1638 2889 vel
1659 2825 1746 2889 inter
1766 2827 1909 2908 seipsae
1926 2826 2006 2890 alias
2023 2823 2183 2888 differant.

187 2909 256 2973 bet:
290 2930 370 2975 vera
391 2916 441 2972 est
463 2921 658 2990 aeternaque
680 2909 823 2973 iustitiae
851 2906 980 2991 regula,
1014 2909 1163 2991 gentium
1214 2904 1289 2969 Lex
1320 2906 1386 2969 Dei
1415 2907 1520 2971 furari
1552 2908 1710 2991 prohibet
1761 2910 1854 2991 Quae
1885 2912 1981 2976 hirtis
2013 2910 2188 2976 constituta

186 2995 335 3059 omnium
363 3015 400 3059 ac
427 3002 614 3075 temporum
644 2993 830 3058 hominibus
857 2993 1073 3075 praescripta,
1107 2997 1163 3077 qui
1214 2990 1313 3055 fuerit
1343 3011 1447 3073 poena
1478 2993 1514 3056 in
1545 2993 1659 3075 politia
1690 2994 1897 3072 Iudaeorum,
1925 2995 2037 3062 videre
2069 3003 2120 3060 cst
2151 2995 2188 3059 in

188 3079 230 3144 ad
250 3079 315 3144 Dei
343 3078 546 3144 voluntatem
574 3080 677 3144 vitam
699 3099 793 3143 suam
820 3099 1012 3161 componere
1041 3079 1160 3145 volent
1214 3075 1481 3227 1111111121
1526 3079 1678 3143 Aliarum
1702 3084 1850 3163 gentium
1875 3082 2114 3147 vetustissimae
2141 3082 2189 3145 le-

188 3163 358 3246 Siquidem
385 3165 466 3230 haec
488 3175 621 3229 aeterna
647 3172 698 3228 111
718 3172 752 3229 11
777 3162 989 3229 immutabilis
1016 3165 1162 3232 111111-
1214 3181 1273 3244 ges
1299 3162 1423 3226 furtum
1472 3163 1548 3246 1111
1569 3166 1762 3247 puniebant;
1795 3189 1878 3250 quae
1898 3175 2011 3250 postea
2032 3176 2189 3249 sequutae

187 3248 306 3328 luntas,
329 3257 368 3313 ut
388 3272 407 3314 a
428 3251 521 3315 nobis
542 3251 612 3332 ipse
628 3249 760 3332 quidem
777 3248 927 3315 omnibus
945 3249 1079 3329 colatur,
1101 3272 1163 3316 nos
1214 3256 1305 3326 sunt,
1339 3246 1563 3314 discreverunt
1585 3251 1673 3315 inter
1700 3253 1909 3318 manifestum
1935 3262 1969 3318 et
1994 3274 2060 3317 non
2082 3253 2189 3315 mani·

187 3356 265 3400 vero
302 3344 417 3399 mutuo
451 3335 537 3400 inter
570 3355 630 3400 nos
670 3334 853 3418 diligamus
909 3333 1163 3401 Caeremonialis
1213 3332 1341 3397 festum.
1385 3333 1481 3399 Aliae
1509 3334 1551 3399 ad
1578 3336 1729 3401 exsilium
1756 3359 1946 3422 progressae
1978 3349 2071 3416 sunt,
2105 3337 2189 3402 aliae

187 3419 384 3487 Iudaeorum
406 3419 607 3503 paedagogia
627 3421 702 3498 1111,
731 3439 795 3502 qua
815 3419 928 3503 populi
949 3420 1038 3485 illius
1059 3416 1162 3504 quan'-
1215 3417 1257 3482 ad
1289 3419 1446 3502 flagrum,
1480 3419 1562 3485 aliae
1591 3420 1729 3504 denique
1761 3423 1803 3489 ad
1835 3425 1950 3506 capitis
1982 3423 2186 3506 supplicium.

187 3504 264 3570 dam
292 3505 386 3570 velut
415 3506 591 3588 pueritiam
619 3526 771 3572 exercerc
797 3504 940 3570 Domine
967 3506 1078 3571 visum
1103 3518 1161 3587 est,
1213 3503 1351 3568 Falsum
1383 3506 1605 3570 testimonium
1637 3507 1766 3574 talionis
1797 3531 1902 3592 poena
1933 3511 2020 3584 inter
2048 3508 2189 3573 Iudaeos

187 3590 292 3655 donec
314 3592 443 3655 veniret
464 3600 592 3674 tempus
613 3591 696 3656 illud
712 3590 933 3673 plenitudinis,
952 3612 1016 3674 quo
1034 3593 1162 3674 sapien·
1213 3587 1433 3670 plectebatur;
1473 3591 1551 3656 alibi
1589 3594 1683 3676 gravi
1716 3605 1844 3659 tantum
1874 3595 2069 3678 ignominia,
2110 3593 2189 3659 alibi

187 3677 268 3740 tiam
290 3696 384 3740 suam
413 3678 510 3741 terris
534 3676 728 3759 adplenum
749 3677 987 3755 manifestaret,
1017 3697 1055 3742 ac
1074 3680 1162 3743 veri·
1214 3675 1402 3757 suspendio,
1432 3675 1510 3741 alibi
1535 3698 1639 3743 cruce.
1682 3679 1905 3746 Homicidium
1931 3701 2044 3745 omnes
2065 3680 2191 3762 pariter

188 3771 291 3825 tatem
323 3760 493 3826 exhiberet
523 3773 636 3826 earum
674 3783 786 3826 rerum
819 3782 903 3844 quae
940 3769 1011 3826 tum
1047 3763 1162 3846 figuris
1213 3758 1302 3843 leges
1331 3763 1489 3844 sanguine
1517 3762 1731 3840 ulciscuntur,
1765 3764 1902 3831 diversis
1934 3775 2046 3830 tamen
2072 3766 2189 3830 mortis

189 3845 475 3912 adumbrabantur.
519 3847 701 3927 Iudicialis,
734 3848 865 3931 politiae
890 3847 961 3914 loco
988 3847 1054 3913 illis
1076 3847 1160 3928 data,
1213 3846 1395 3928 generibus.
1439 3847 1481 3910 In
1503 3847 1665 3914 adulteros
1687 3850 1763 3915 alibi
1785 3852 1973 3928 severiores,
1992 3851 2070 3916 alibi
2085 3850 2189 3915 levio·

189 3939 296 3997 certas
317 3933 490 4013 aequitatis
512 3947 545 3997 ct
567 3934 710 3997 iustitiae
731 3933 888 3998 formulas
910 3933 1066 4012 tradebat,
1090 3936 1162 4017 qni-
1212 3951 1265 3995 res
1287 3929 1410 3996 edictae
1431 3945 1509 3997 sunt
1529 3954 1661 4015 poenae.
1705 3936 1864 4001 Videmus
1884 3947 2012 4014 tamen,
2041 3936 2188 4000 111111-

187 4014 462 4082 11111111111111
491 4032 524 4082 et
552 4020 660 4101 quiete
686 4020 773 4083 inter
800 4039 835 4083 se
906 4026 1007 4083 erent.
1052 4020 1161 4103 Atque
1212 4016 1301 4080 modi
1323 4015 1511 4083 diversitate
1538 4020 1574 4082 in
1601 4021 1742 4085 eundem
1771 4042 1883 4087 omnes
1910 4024 2011 4087 finem
2038 4020 2185 4086 tendant

152 4128 156 4135 ·
188 4109 226 4167 ut
253 4101 310 4166 1111
342 4105 621 4180 caeremoniarum
653 4105 841 4168 exercitatio
932 4105 1063 4186 pietatis
1090 4107 1161 4188 qui-
1212 4101 1299 4165 Nam
1320 4124 1385 4167 uno
1407 4104 1504 4168 simul
1525 4119 1581 4169 ore
1600 4127 1739 4188 poenam
1759 4109 1974 4191 pronuntiant
1995 4109 2029 4171 in
2047 4128 2086 4171 11
2102 4128 2187 4189 quae

189 4187 264 4252 dem
286 4187 465 4251 doctrinam
486 4190 616 4272 proprie
643 4188 829 4272 pertinebat
856 4190 981 4275 (utpote
1004 4191 1160 4273 111111-
1212 4197 1345 4252 aeterna
1365 4189 1430 4253 Dei
1452 4189 1524 4274 lege
1546 4190 1700 4257 damnata
1721 4203 1798 4258 sunt
1818 4194 1969 4272 facinora,
1991 4191 2192 4275 11111111,

188 4271 343 4338 dacorum
364 4273 532 4338 ecclesiam
559 4275 721 4340 retinebat
748 4276 784 4339 in
805 4274 870 4339 Dei
897 4274 990 4341 cultu
1018 4296 1056 4340 ac
1084 4278 1169 4341 reli-.
1211 4273 1357 4352 micidia,
1389 4274 1492 4349 hirta,
1526 4274 1700 4356 adulteria,
1734 4279 1816 4344 falsa
1838 4280 2038 4357 testimonia;
2068 4276 2186 4343 sedin
2286 4291 2294 4305 ³

187 4359 297 4442 gione)
324 4357 365 4422 ab
386 4360 458 4441 ipsa
484 4367 595 4424 tamen
622 4361 743 4442 pietate
765 4360 923 4443 distingui
943 4369 1086 4443 poterat,
1114 4363 1163 4427 ita
1212 4380 1335 4442 poenae
1356 4359 1452 4424 modo
1478 4382 1544 4425 non
1572 4365 1781 4429 conveniunt
1825 4364 1938 4447 Neque
1965 4385 2044 4430 vero
2070 4362 2105 4427 id
2125 4378 2185 4427 ne—

187 4443 268 4509 haec
289 4444 485 4509 iudiciorum
507 4446 612 4508 forma
638 4449 840 4529 (quanquam
861 4467 929 4510 nen
950 4446 1014 4511 alio
1034 4456 1160 4528 specta-
1212 4465 1301 4510 cesse
1323 4454 1380 4523 cst,
1404 4467 1508 4528 neque
1530 4449 1629 4512 etiam
1646 4449 1784 4531 expedit.
1818 4451 1882 4514 Est
1898 4451 1987 4534 regio
2005 4471 2097 4531 quae,
2119 4449 2184 4513 nisi

186 4527 244 4593 bat
266 4550 364 4611 quam
386 4531 441 4612 qui
464 4531 585 4612 optime
608 4531 733 4596 servari
750 4540 859 4614 posset
880 4553 919 4596 ea
939 4533 1011 4615 ipsa
1032 4533 1158 4612 caritas,
1214 4528 1384 4596 horrendis
1411 4533 1569 4615 exemplis
1593 4534 1628 4597 in
1650 4534 1829 4600 homicidas
1859 4537 1998 4614 saeviat,
2031 4533 2185 4601 caedibus

187 4635 270 4696 quae
298 4623 433 4679 aeterna
459 4617 523 4680 Dei
548 4615 621 4700 lege
650 4617 864 4701 praecipitur)
892 4618 932 4682 ab
960 4618 1031 4699 ipso
1050 4624 1161 4683 tamen
1212 4616 1324 4680 statim
1356 4627 1390 4681 et
1412 4617 1598 4699 ,latrociniis
1628 4619 1796 4702 perdenda
1822 4622 1872 4685 sit
1917 4622 1980 4686 Est
2007 4619 2183 4698 saeculum,

187 4699 369 4764 dilectionis
400 4709 571 4784 praecepto
604 4701 794 4768 distinctum
825 4700 979 4784 quiddam
1011 4701 1159 4769 habebat
1212 4700 1299 4783 quod
1331 4723 1509 4786 poenarum
1542 4706 1751 4771 acerbitatem
1784 4707 1897 4790 augeri
1929 4707 2078 4790 postulet
2121 4705 2186 4770 Est

188 4783 477 4865 Quemadmodum
503 4809 581 4870 ergo
610 4787 702 4852 salra
729 4796 762 4852 et
788 4787 944 4852 incolumi
963 4788 1082 4868 pictate
1103 4790 1160 4854 ab·
1213 4808 1293 4870 gens
1313 4788 1350 4851 in
1377 4790 1494 4855 vitium
1521 4790 1683 4872 quoddam
1704 4793 1908 4875 propensior,
1937 4794 2000 4858 nisi
2026 4792 2185 4856 acerrime

187 4872 296 4954 rogari
324 4879 501 4952 potuerunt
523 4873 759 4951 caeremoniae,
790 4873 838 4938 ita
858 4880 892 4937 et
911 4870 1088 4939 iudiciariis
1108 4874 1161 4940 his
1212 4883 1443 4955 compescatur.
1499 4874 1608 4955 Quam
1639 4877 1803 4961 malignus
1835 4878 1948 4955 fuerit,
1982 4899 2020 4943 ac
2053 4876 2185 4961 publico

187 4955 472 5021 constitutionibus
494 4957 639 5035 sublatis,
661 4965 819 5041 perpetua
838 4957 983 5026 caritatis
1004 4947 1111 5025 officia
1127 4968 1161 5025 et
1212 4959 1298 5023 bono
1318 4959 1458 5035 invidus,
1480 4962 1537 5044 qui
1560 4962 1618 5026 tali
1636 4962 1824 5029 diversitate
1840 4964 2025 5042 offenditur,
2045 4962 2087 5027 ad
2104 4963 2185 5027 reti·

186 5053 359 5188 praecepta
388 5063 521 5105 manere
560 5052 704 5124 possunt.
761 5042 860 5124 Quod
892 5043 920 5108 si
952 5065 1066 5109 vemm
1099 5055 1158 5124 est,
1211 5043 1352 5109 nendam
1373 5046 1455 5130 legis
1472 5048 1537 5111 Dei
1553 5049 1811 5114 observationem
1828 5046 2183 5115 accommodatissima?

201 5125 319 5191 ’bertas
341 5136 427 5190 certe
449 5127 586 5210 singulis
607 5127 758 5211 gentibus
778 5129 893 5194 relicta
919 5136 969 5192 est
990 5130 1158 5210 condendi,
1210 5130 1242 5194 N
1244 5151 1297 5195 am
1318 5132 1403 5213 quod
1424 5133 1564 5198 iactatur
1585 5154 1605 5196 1
1630 5133 1836 5216 quibusdam,
1858 5135 1931 5200 fieri
1952 5133 2184 5200 contumeliam

187 5231 268 5292 quas
290 5211 350 5277 sibi
373 5212 552 5277 conducere
572 5214 790 5296 providerint,
813 5215 914 5300 leges:
943 5234 1025 5297 quae
1047 5223 1159 5281 tamen
1209 5215 1275 5301 legi
1296 5217 1361 5282 Dei
1377 5238 1436 5300 per
1452 5219 1579 5284 Mosam
1595 5218 1689 5299 latae,
1711 5241 1812 5302 quum
1829 5219 1984 5304 abrogata
1998 5219 2057 5285 illa
2077 5239 2185 5285 novae
