4770 6030
224 350 286 412 323
792 288 1066 409 rusnruno
1088 344 1193 413 aun.
1216 344 1396 415 onerer.
1421 346 1652 409 iaec-1554.
1719 433 1738 455 ,
2169 346 2231 408 324

166 616 168 620 ι
222 536 332 619 perbis
354 535 476 601 resistit
495 531 673 596 humilibus
695 537 806 596 autem
828 529 885 595 dat
906 533 1047 616 gratiam
1068 534 1149 620 (Iac.
1167 539 1199 614 4,
1253 534 1361 599 habet
1411 533 1526 615 Neque
1553 553 1631 597 vero
1659 531 1755 616 exigo
1784 539 1820 595 ut
1848 442 1955 596 honld
1968 455 2232 598 beobBcbbbicctiis

224 620 268 707 6).
314 622 399 685 Tum
426 620 461 683 in
485 619 678 683 memoriam
704 638 838 682 rursum
859 618 995 683 veniant
1020 619 1103 685 istac
1125 640 1200 702 pro-
1252 620 1340 684 ultro
1362 617 1470 698 cedat;
1493 625 1534 696 et,
1558 619 1586 682 si
1608 638 1688 698 quas
1709 617 1881 682 facultates
1902 616 2011 694 habet,
2035 618 2075 682 ab
2098 619 2138 682 iis
2160 620 2231 682 ani·

124 755 127 769 .
223 707 408 771 missiones:
436 703 604 769 effundam
626 723 745 785 aquam
773 724 871 785 super
898 703 1063 768 sitientem
1084 710 1118 769 et
1138 706 1200 770 flu·
1252 727 1345 769 mum
1367 711 1513 781 avertat,
1528 725 1590 786 quo
1612 704 1648 767 in
1669 723 1783 767 veram
1804 701 2024 767 humilitatem
2046 704 2229 787 subigatur;

221 793 312 857 mina
338 812 437 873 super
463 789 589 854 aridam
618 788 695 874 (Ies.
722 794 780 866 44,
800 788 844 873 3).
894 790 994 853 Item:
1023 812 1136 856 omnes
1156 792 1201 856 si·
1253 791 1311 856 sed
1331 799 1378 869 ut,
1401 791 1540 872 seposito
1561 793 1720 871 φιλαυτίας
1741 793 1793 851 καὶ
1815 793 1995 871 φιλονεικίας
2016 790 2144 867 morbo,
2167 812 2230 873 quc

221 878 340 942 tientes
365 877 475 943 venite
503 876 545 940 ad
572 896 673 958 aquas
695 873 772 959 (les.
796 878 845 955 55,
868 874 910 960 l).
961 874 1055 956 Quae
1077 883 1200 942 testan-
1253 883 1444 943 excaecatus
1466 897 1568 958 aequo
1591 875 1688 940 altius
1710 874 1751 939 de
1773 896 1808 939 se
1821 875 1928 952 sentit,
1950 875 1985 939 in
2002 877 2111 940 veraci
2130 878 2231 959 scrip-

220 970 285 1041 tur,
304 962 346 1028 ad
363 961 587 1045 percipiendas
604 961 670 1026 Dei
686 959 927 1026 benedictiones
938 961 1046 1028 nullos
1061 962 1199 1041 admitti,
1252 970 1346 1028 turae
1368 962 1498 1045 speculo
1520 983 1555 1026 se
1576 963 1685 1043 ipsum
1704 961 1805 1043 probe
1824 969 2041 1044 recognoscat.

222 1050 286 1115 nisi
313 1070 392 1114 suae
414 1047 615 1131 paupertatis
637 1068 735 1111 sensu
757 1047 968 1112 tabescentes.
1013 1048 1082 1114 Nec
1104 1070 1199 1131 prae·
1340 1052 1389 1112 31.
1434 1049 1482 1114 Ut
1503 1047 1684 1113 secundum
1704 1048 1845 1129 primam
1867 1046 1959 1131 illam
1975 1045 2228 1133 detiOOEm,

221 1135 398 1201 tereundae
420 1133 587 1209 eiusmodi,
610 1131 715 1214 qualis
737 1133 801 1196 ista
821 1139 871 1198 est
891 1133 1016 1198 Iesaiae
1039 1133 1106 1217 (60,
1129 1133 1197 1218 19):
1252 1156 1316 1217 qna
1343 1118 1960 1199 honnmffiffiffrn-mtcslectum*
1973 1139 2006 1196 et
2027 1127 2230 1198 voluntatem

220 1222 372 1286 nouerit
399 1219 539 1302 amphus
565 1219 625 1283 tibi
659 1217 707 1282 sol
741 1217 783 1282 ad
809 1218 987 1284 lucendum
1015 1242 1074 1303 per
1101 1220 1198 1300 diem,
1274 1222 1364 1286 artiti
1391 1243 1520 1298 sumus,
1549 1219 1706 1284 orationis
1733 1217 1812 1283 ordo
1838 1217 2006 1300 procedat,
2037 1219 2106 1284 vim
2133 1221 2229 1284 intel·

220 1328 328 1389 neque
348 1306 428 1370 luna
449 1305 491 1369 ad
512 1302 689 1370 lucendum
712 1325 772 1386 per
793 1313 937 1384 noctem:
965 1306 1023 1371 sed
1050 1307 1112 1371 erit
1140 1307 1198 1372 tibi
1250 1241 1355 1373 lectus
1375 1308 1483 1390 priore
1510 1306 1579 1371 leco
1601 1305 1813 1371 excutiamus.
1859 1305 2043 1386 Perpetnae
2065 1306 2229 1371 caecitatis

220 1393 382 1458 Dominus
403 1393 438 1455 in
458 1392 565 1456 lucem
585 1389 826 1472 sempiternam.
862 1389 1054 1458 Solis'certe
1072 1400 1129 1456 aut
1148 1392 1198 1456 lu·
1250 1392 1297 1457 ita
1317 1415 1392 1457 eum
1411 1392 1582 1470 damnare,
1605 1399 1643 1455 ut
1664 1389 1748 1454 nihil
1769 1390 2004 1474 intelligentiae
2026 1391 2093 1455 ullo
2115 1392 2151 1455 in
2173 1412 2228 1475 ge-

221 1500 283 1544 nae
301 1477 506 1561 splendorem
525 1498 592 1541 non
610 1477 717 1540 aufert
733 1475 895 1542 Dominus
912 1478 1015 1543 servis
1038 1479 1119 1555 suis;
1141 1478 1198 1544 sed
1250 1500 1330 1544 nere
1360 1500 1472 1543 rerum
1498 1477 1661 1559 reliquum
1681 1477 1797 1557 facim,
1826 1498 1894 1540 non
1915 1476 2011 1541 modo
2032 1477 2132 1542 verbo
2154 1478 2227 1557 Dei,

220 1566 296 1648 quia
321 1565 393 1629 vult
419 1564 454 1627 in
480 1563 560 1645 ipsis
586 1562 674 1626 solus
702 1561 860 1645 gloriosus
886 1584 1059 1645 apparere,
1092 1565 1132 1629 ab
1152 1566 1197 1634 iis
1251 1565 1309 1629 sed
1336 1584 1452 1630 sensus
1475 1566 1574 1628 etiam
1595 1563 1778 1629 communis
1806 1562 2029 1645 experimento
2056 1572 2228 1646 repugnat

220 1653 319 1716 etiam
341 1671 423 1733 quae
441 1648 605 1713 habentur
621 1668 735 1712 eorum
751 1649 902 1731 opinione
914 1649 1196 1729 excellentissima,
1249 1650 1410 1715 Videmus
1438 1651 1527 1714 enim
1553 1650 1784 1713 insitum-esse
1809 1648 1956 1712 humano
1982 1649 2114 1733 ingenio
2143 1650 2227 1714 desi·

219 1735 374 1803 fiduciam
396 1757 509 1799 eorum
531 1734 644 1816 procul
667 1741 789 1799 avocat.
1250 1735 1377 1800 derium
1405 1737 1513 1800 nescio
1535 1735 1621 1818 quod
1648 1733 1855 1818 indagandae
1876 1734 2039 1813 veritatis,
2067 1735 2229 1817 adquam

307 1826 357 1886 30.
402 1819 542 1902 Semper
559 1840 637 1884 sane
654 1819 737 1882 mihi
757 1820 971 1885 vehementer
988 1820 1069 1885 illud
1087 1821 1197 1907 Chry·
1249 1824 1384 1887 minime
1411 1823 1585 1903 aspiraret,
1615 1822 1679 1886 uisi
1707 1821 1814 1903 aliquo
1839 1821 1909 1885 eius
1936 1819 2034 1885 odore
2056 1828 2132 1885 ante
2153 1842 2227 1903 per-

220 1909 352 1972 sostemi
366 1907 389 1991 ¹)
408 1907 542 1988 placuit:
562 1904 813 1969 fiandamentum
824 1913 956 1971 nostrae
973 1905 1197 1990 philosophiae
1250 1915 1350 1991 cepto.
1396 1908 1458 1973 llst
1486 1929 1563 1990 ergo
1590 1908 1656 1972 iam
1684 1907 1767 1972 haec
1788 1905 1948 1971 nonnulla
1973 1906 2109 1970 humani
2131 1908 2227 1971 intel·

220 2014 291 2058 esse
304 1993 536 2070 humilitatem
553 1991 659 2073 magis
676 1992 855 2054 etiamnum
871 1991 952 2056 illud
963 1995 1154 2076 Augustini:
1167 1993 1196 2078 ²)
1248 1993 1352 2060 lectus
1374 1994 1616 2076 perspicientia,
1639 2014 1722 2074 quae
1736 1992 1761 2078 ¹)
1790 1993 1938 2057 veritatis
1960 2013 2071 2057 amore
2092 2002 2229 2061 natura,

220 2077 503 2162 quemadmodum,
525 2077 640 2159 inquit,
664 2076 776 2140 rhetor
796 2076 852 2141 ille
873 2085 1008 2161 rogatus
1029 2079 1107 2160 quid
1129 2082 1196 2162 pri·
1249 2079 1325 2144 litor
1345 2081 1488 2164 rapitur;
1517 2080 1610 2145 cuius
1631 2079 1800 2162 neglectus
1821 2079 1856 2143 in
1877 2079 1984 2144 brutis
2005 2079 2227 2144 animantibus

219 2187 312 2229 mum
335 2172 420 2229 esset
440 2164 475 2226 in
495 2163 697 2245 eloquentiae
718 2164 908 2244 praeceptis,
931 2165 1099 2247 respondit
1120 2187 1196 2248 pro·
1250 2168 1359 2249 arguit
1388 2187 1534 2231 craesum
1556 2165 1677 2248 absque
1704 2167 1830 2229 ratione
1852 2185 1994 2229 sensum.
2029 2162 2228 2247 Quanquam
2354 2165 2358 2175 '

218 2251 456 2316 nuntiationem
463 2272 471 2327 ;
489 2248 567 2330 quid
579 2246 766 2325 secundum,
785 2251 1099 2330 pronuntiationem
1118 2252 1195 2334 quid
1249 2252 1330 2316 haec
1352 2253 1585 2335 qualiscunque
1613 2252 1813 2333 appetentia,
1842 2257 2017 2332 antequam
2039 2272 2155 2315 cursus
2177 2253 2227 2316 sui

219 2337 368 2413 tertium,
397 2335 709 2417 pronuntiationem:
739 2333 787 2398 ita
815 2335 843 2398 si
871 2356 924 2399 me
952 2337 1134 2421 interroges
1156 2337 1196 2402 de
1249 2337 1391 2402 stadium
1419 2337 1638 2423 ingrediatur,
1669 2336 1785 2415 deficit,
1815 2338 1892 2418 quia
1919 2358 1996 2401 mox
2024 2335 2166 2402 concidit
2191 2339 2226 2401 in

217 2422 384 2505 religionis
413 2420 609 2485 christianae
642 2421 838 2501 praeceptis,
867 2421 973 2502 primo
999 2422 1142 2487 secundo
1164 2431 1197 2488 et
1248 2425 1438 2489 vanitatem.
1495 2421 1665 2505 Siquidem
1696 2445 1790 2487 mens
1818 2422 1961 2487 hominis
1990 2443 2070 2504 prae
2091 2422 2227 2487 hebetu-

217 2508 314 2572 tertio
358 2514 391 2571 et
423 2525 550 2587 semper
589 2503 785 2586 respondere
817 2505 934 2570 liberet
966 2507 1194 2573 humilitatem.
1249 2508 1324 2574 dine
1354 2517 1477 2576 rectam
1507 2509 1577 2576 veri
1603 2508 1822 2592 investigandi
1849 2508 1938 2572 viam
1965 2514 2076 2572 tenere
2098 2510 2223 2589 nequit;

217 2592 322 2658 Porro
344 2593 562 2657 humilitatem
583 2612 650 2654 non
667 2591 831 2673 intelligit,
854 2592 909 2657 ubi
932 2593 1029 2658 homo
1047 2594 1195 2677 aliquan·
1249 2595 1306 2660 sed
1333 2617 1394 2678 per
1421 2597 1528 2661 varios
1555 2616 1681 2659 errores
1702 2602 1854 2677 vagatur,
1875 2601 1918 2656 ·et
1938 2601 2095 2675 tanquam
2118 2594 2153 2656 in
2171 2600 2223 2658 ,te-

218 2685 271 2744 tae
293 2679 425 2745 virtutis
447 2677 508 2742 sihi
530 2678 679 2742 conscius
707 2697 727 2739 a
749 2678 902 2758 superbia
922 2677 1073 2761 fastuque
1096 2681 1195 2746 absti-
1247 2683 1358 2747 nebris
1375 2681 1537 2764 palpando
1555 2680 1692 2745 subinde
1708 2680 1870 2763 impingit,
1894 2678 1995 2744 donec
2011 2678 2144 2743 tandem
2164 2700 2222 2760 pa·

217 2771 289 2845 net;
321 2764 377 2829 sed
404 2765 460 2828 ubi
487 2763 587 2827 talem
608 2784 644 2827 se
665 2783 743 2827 vere
765 2763 877 2841 sentit,
907 2766 963 2845 qui
985 2765 1114 2830 nullum
1135 2767 1195 2831 ha·
1248 2767 1315 2831 lata
1338 2779 1518 2834 evanescat.
1565 2767 1617 2829 Ita
1638 2767 1811 2831 veritatem
1832 2764 2032 2847 quaerendo,
2060 2766 2224 2846 quamsit

100 2926 102 2932 .
219 2851 295 2916 beat
327 2851 391 2914 nisi
423 2851 460 2912 in
491 2847 676 2912 humilitate
709 2848 887 2932 refugium,
921 2851 1195 2932 quemadmodum
1249 2853 1290 2917 ad
1324 2855 1430 2936 ipsam
1466 2863 1499 2917 et
1530 2850 1751 2935 quaerendam
1778 2858 1812 2915 et
1842 2848 2075 2916 inveniendam
2104 2850 2223 2932 inepta,

218 2937 295 3001 alibi
327 2934 479 3000 declarat.
524 2934 643 3011 Nem0,
671 2934 826 3019 inquit,⁸)
854 2956 889 3000 se
916 2936 1041 3019 palpet;
1074 2938 1114 3004 de
1136 2961 1195 3004 sno
1247 2939 1364 3022 prodit.
1396 2939 1512 3003 Altera
1529 2936 1645 3002 deinde
1656 2938 1801 3001 vanitate
1819 2937 1965 3020 graviter
1981 2935 2121 3000 laborat:
2139 2935 2225 3017 quod

218 3029 351 3087 satanas
373 3028 436 3098 est;
464 3019 498 3083 id
520 3018 607 3083 unde
629 3021 743 3084 beatus
767 3028 825 3098 est,
849 3041 869 3085 a
889 3022 961 3086 Deo
982 3028 1112 3088 tantum
1134 3025 1194 3089 ha-
1248 3027 1283 3089 in
1305 3047 1446 3108 quarum
1471 3045 1582 3088 rerum
1608 3043 1721 3088 veram
1742 3022 1892 3086 notitiam
1918 3021 2107 3086 incumbere
2128 3042 2225 3103 exps-

217 3109 281 3174 bet
316 3105 405 3187 Quid
426 3106 514 3169 enim
536 3105 576 3169 de
598 3113 654 3168 tuo
677 3105 778 3171 habes
796 3107 860 3172 nisi
877 3109 1068 3189 peccatum?
1103 3110 1195 3176 rone
1249 3111 1331 3191 diat,
1360 3111 1489 3193 saepius
1511 3131 1577 3174 non
1599 3108 1763 3173 discernit
1808 3109 1924 3190 Itaque
1951 3108 1987 3170 in
2010 3106 2226 3189 disquirendis

218 3194 279 3258 tibi
298 3200 468 3275 peecatum
489 3189 574 3273 qued
596 3197 689 3255 tuum
711 3198 774 3270 est;
803 3213 882 3256 nam
903 3194 1028 3259 iustitia
1048 3196 1113 3261 Dei
1135 3204 1193 3261 est.
1249 3197 1459 3280 supervacuis
1492 3215 1530 3260 ac
1557 3194 1654 3258 nihili
1686 3193 1784 3258 rebus
1812 3192 1950 3259 ridicula
1976 3193 2163 3258 curiositate
2192 3214 2226 3258 se

218 3278 318 3343 Item:
332 3279 362 3362 ⁴)
393 3275 471 3360 quid
492 3284 622 3341 tantum
645 3276 684 3341 de
706 3286 843 3343 naturae
865 3280 1079 3360 possibilitate
1100 3303 1194 3364 prae-
1248 3291 1392 3366 torquet:
1427 3281 1469 3346 ad
1502 3303 1556 3346 res
1584 3280 1728 3344 maxime
1756 3281 1890 3363 cognitu
1921 3280 2136 3357 necessarias,
2170 3289 2226 3342 aut

219 3363 383 3431 sumitur?
412 3363 600 3441 vulnerata,
628 3364 789 3441 sauciata,
818 3372 952 3443 vexata,
980 3366 1109 3448 perdita
1136 3376 1193 3434 est
1248 3391 1315 3434 non
1338 3368 1486 3446 advertit,
1510 3376 1567 3431 aut
1588 3366 1801 3447 contemptim
1822 3371 1856 3429 et
1876 3386 1951 3429 raro
1973 3364 2129 3443 deflectit3
2157 3372 2226 3428 stu·

218 3451 309 3516 Vera
335 3449 550 3527 confessione,
578 3470 645 3512 non
672 3448 755 3513 falsa
777 3447 963 3515 defensione
984 3473 1065 3534 opus
1086 3453 1193 3519 habet.
1249 3454 1341 3519 dium
1367 3461 1455 3519 certe
1486 3474 1583 3518 suum
1610 3453 1668 3516 vix
1694 3472 1841 3533 unquam
1869 3452 1954 3516 serio
1980 3450 2129 3533 applicat
2173 3450 2226 3514 De

220 3536 316 3602 Item:
329 3536 358 3621 ⁶)
387 3536 510 3618 quanin
531 3536 661 3615 quisque
682 3537 830 3618 meamet
849 3537 930 3617 qnod
949 3539 984 3601 in
1005 3559 1039 3602 ae
1059 3540 1128 3621 ipsc
1148 3542 1197 3605 ni
1248 3562 1312 3623 qua
1343 3541 1505 3622 pravitate
1537 3559 1638 3621 quum
1674 3538 1797 3619 passim
1828 3544 2069 3618 conquerantur
2098 3535 2226 3618 profani

219 3622 265 3687 ιιι
291 3628 350 3700 ert,
378 3628 406 3686 et
432 3620 624 3686 adinterinnr
645 3621 682 3685 de
707 3640 741 3686 se
768 3621 890 3686 nnllam
916 3622 1018 3702 Ιιαιαι,
1047 3628 1196 3690 semein
1249 3627 1437 3708 scriptores,
1460 3646 1572 3690 omnes
1593 3624 1661 3690 fere
1684 3643 1719 3688 se
1740 3645 1780 3687 ea
1801 3623 1999 3706 implicuisse
2020 3621 2225 3705 comperiun-

219 3709 287 3790 ipao
310 3709 464 3790 witfredo
485 3712 565 3785 αααι,
588 3707 666 3771 cena
687 3708 795 3773 senata
815 3713 896 3773 ann.
942 3710 1072 3775 Necesse
1094 3717 1196 3777 autern
1249 3719 1311 3776 tur.
1357 3710 1469 3792 Quare
1497 3707 1629 3775 Solomo
1655 3710 1692 3773 in
1712 3717 1780 3773 tote
1801 3729 1860 3773 suo
1879 3709 2087 3785 Ecclesiaste,
2109 3707 2166 3772 uhi
2187 3727 2227 3772 ea

220 3798 264 3858 eat
288 3799 324 3857 nt
345 3799 536 3858 αααιανααιιαν
557 3793 661 3858 centia
682 3795 851 3876 impietatis
872 3816 979 3875 anno,
1001 3798 1197 3882 confringere
1249 3797 1358 3863 studia
1385 3805 1434 3862 est
1460 3803 1675 3879 persequutus
1703 3795 1738 3859 in
1765 3795 1882 3879 quibus
1910 3794 1971 3859 sibi
1993 3792 2147 3857 videntur
2167 3792 2226 3856 ho·

222 3884 290 3958 tun,
318 3880 549 3944 αααιιαααιααι
576 3900 737 3945 remaneas
764 3881 907 3959 inermia,
934 3882 1197 3950 incantatrices
1249 3884 1355 3949 mines
1386 3882 1482 3949 valde
1514 3902 1643 3964 sapere,
1677 3881 1789 3945 inania
1814 3887 1926 3945 tamen
1952 3900 2022 3964 esse
2050 3887 2083 3943 et
2110 3879 2227 3943 frivola

222 3966 258 4029 in
283 3969 310 4029 te
337 3965 536 4028 cdintoritnn.
587 3966 707 4046 Quanto
738 3969 842 4051 inopis
866 3967 902 4031 in
929 3973 957 4031 te
983 3969 1129 4050 infirmus
1154 3991 1195 4050 ας,
1249 3961 1446 4052 pronuntiat.

222 4055 305 4117 tnnc
334 4051 436 4132 inagis
463 4056 490 4114 te
514 4051 648 4131 ,ananpit
672 4051 840 4117 Dominus.
892 4052 946 4117 Sic
974 4055 1009 4118 in
1032 4054 1198 4121 Penimnm
1336 4059 1386 4118 32.
1436 4054 1550 4135 Neque
1578 4059 1689 4117 tamen
1717 4053 1765 4117 ita
1786 4059 1921 4118 conatus
1943 4052 2013 4115 eius
2041 4071 2170 4133 semper
2191 4051 2227 4115 in

222 4135 527 4220 εῳιααραειαιααιβ)
556 4137 693 4200 insidiae
713 4142 833 4202 menae
854 4141 1013 4205 reminisci
1033 4160 1089 4205 nes
1109 4146 1196 4222 ceint,
1249 4142 1380 4205 irritum
1402 4139 1537 4219 cedunt,
1560 4139 1639 4220 qrun
1662 4136 1784 4222 aliquid
1806 4144 2009 4220 assequatrr,
2032 4137 2227 4218 praesertim

223 4243 282 4306 qno
303 4221 368 4287 Dei
394 4221 547 4285 insidiens
572 4241 789 4304 ennecone&
819 4243 855 4287 ae
876 4224 981 4288 Deam
1002 4228 1132 4291 niardit
1151 4229 1198 4292 cic
1249 4227 1307 4291 ubi
1326 4248 1361 4291 se
1382 4227 1488 4308 ipsam
1509 4223 1551 4289 ad
1572 4225 1727 4290 inferiora
1747 4225 1810 4290 iste
1830 4221 1979 4288 intendit
2013 4220 2103 4303 Quin
2125 4223 2225 4287 etiam

222 4309 310 4374 nobis
341 4308 479 4392 gretiam
512 4325 604 4370 mane
632 4309 853 4388 commendere,
887 4316 922 4374 nt
949 4313 1010 4375 noe¹
1030 4312 1112 4376 nihil
1133 4333 1198 4377 case
1250 4334 1317 4378 non
1345 4313 1391 4376 ita
1418 4310 1548 4394 stupida
1569 4316 1634 4390 est,
1662 4312 1742 4393 quin
1769 4309 1925 4393 exiguum
1946 4307 2101 4390 quiddam
2128 4307 2225 4372 etde

222 4397 377 4461 mnus:
404 4398 486 4458 stare
507 4396 626 4456 anca
646 4392 710 4457 Dei
730 4395 959 4475 misericordie,
986 4418 1083 4477 qnam
1104 4419 1125 4462 α
1145 4419 1198 4463 ne-
1250 4397 1470 4480 superioribus
1492 4396 1620 4476 delibet,
1642 4403 1808 4478 utcunque
1825 4394 2044 4479 negligentius
2064 4392 2130 4458 illis
2149 4413 2225 4476 per·

222 4480 271 4546 bis
290 4481 371 4562 apsis
391 4498 452 4543 non
472 4479 538 4543 nisi
558 4478 636 4541 moli
663 4480 771 4543 sienne.
815 4481 867 4545 Ne
888 4482 942 4547 hic
963 4503 1041 4565 ergo
1064 4481 1104 4547 de
1126 4484 1197 4550 inre
1250 4483 1420 4550 contendis
1451 4490 1560 4562 vacet,
1597 4504 1666 4547 non
1697 4479 1731 4546 id
1765 4479 1896 4563 quidem
1928 4500 2032 4564 aequa
2060 4478 2223 4544 facultate.

222 4574 333 4632 nostro
357 4587 432 4653 curn
453 4566 525 4630 Deo
552 4562 801 4645 contendamus,
829 4588 866 4631 ac
892 4568 920 4631 si
947 4567 1046 4632 saluti
1067 4577 1198 4635 nostrae
1250 4570 1337 4634 Nam
1358 4590 1460 4652 quum
1481 4590 1581 4651 supra
1601 4570 1689 4634 vitae
1705 4567 1887 4650 praesentis
1904 4565 2047 4652 spatium
2065 4565 2223 4641 evehitur,

224 4652 394 4718 decederet
421 4651 507 4735 quod
534 4650 583 4714 illi
610 4650 774 4716 tribuitun
825 4649 995 4735 Siquidem
1022 4661 1060 4735 pt
1085 4663 1198 4722 nostra
1249 4664 1322 4719 tum
1341 4655 1514 4738 praecipue
1536 4654 1669 4720 demum
1696 4653 1900 4740 convincitur
1922 4672 2000 4717 suae
2021 4649 2225 4717 imbecillite-

224 4738 401 4817 humilitas,
420 4740 490 4803 eius
508 4745 558 4802 est
574 4736 727 4816 altitud03
749 4738 796 4802 ita
813 4739 969 4805 confessio
985 4749 1117 4806 nostrae
1135 4742 1198 4807 hu·
1250 4743 1301 4807 tis.
1352 4739 1479 4823 Quare,
1506 4749 1544 4805 ut
1570 4740 1686 4805 melius
1713 4739 1947 4821 perspiciamus
1974 4755 2140 4820 quousque
2165 4756 2226 4817 pro

222 4824 371 4890 militatis
403 4825 645 4890 miserationem
672 4824 742 4889 eius
774 4825 809 4889 in
842 4824 1022 4891 remedium
1047 4835 1197 4911 paratam
1335 4828 1406 4894 ‘bus
1433 4848 1512 4892 suae
1537 4826 1700 4892 ιααιιιιαιιε
1727 4825 1763 4888 in
1783 4843 1978 4906 unaquaque
2000 4843 2035 4886 re
2061 4820 2225 4904 procedat,
2306 4869 2310 4878 .

820 4909 823 4916 ’
1276 4913 1492 4978 'stinctionem
1523 4912 1616 4977 nobis
1648 4930 1827 4993 proponere
1854 4929 1970 4991 operae
1997 4908 2139 4991 pretium
2166 4912 2224 4971 eat

1251 4996 1304 5063 Sit
1324 5018 1402 5082 ergo
1428 4997 1509 5064 haee
1537 4996 1714 5062 distinctio:
1743 5017 1814 5060 esse
1842 4995 1940 5059 aliam
1961 4994 2093 5078 quidem
2114 5013 2226 5058 rerum

251 5135 256 5145 Ι
293 5063 322 5133 1)
344 5065 444 5117 Homil
464 5065 497 5117 de
520 5066 631 5146 perfect.
651 5065 770 5145 evangel.
857 5064 887 5129 2)
909 5066 996 5185 Epist.
1015 5067 1050 5119 56
1067 5067 1144 5150 (llll)
1163 5069 1197 5120 ad
1250 5093 1456 5149 terrenarum
1487 5081 1738 5166 inoeffigonfiam
1788 5080 1887 5145 aliam
1918 5100 1997 5145 vero
2028 5079 2224 5145 coelestium·

223 5134 343 5187 Dioscor.
414 5131 956 5201 3)H0m11.(tmct.)1n10ann.49,.
1025 5137 1056 5203 4)
1078 5139 1137 5189 Lib.
1163 5137 1196 5189 de
1744 5132 1754 5161 r

223 5208 321 5254 notura
343 5206 371 5256 et
393 5203 493 5271 mue,
517 5219 538 5256 c.
562 5200 603 5256 52.
621 5200 663 5254 53.
742 5200 772 5270 ὃ)
795 5203 828 5253 In
851 5200 921 5255 Psal.
939 5202 981 5256 db.
1005 5222 1027 5258 e.
1047 5204 1087 5258 13,
1166 5205 1197 5272 6)
1250 5208 1453 5216 -ψ-ῆ-.-

224 5269 309 5325 Sem,
327 5270 351 5338 1,
369 5268 395 5325 4.
444 5349 454 5365 Ι
1320 5271 1348 5338 1)
1367 5272 1439 5340 quod
1458 5268 1526 5323 1543
1543 5275 1568 5324 et
1584 5282 1653 5338 seqq.
