4770 6030
194 358 256 420 333
748 344 848 413 333.
872 347 951 413 vn
975 346 1068 433 (rr.)
1111 346 1328 415 ernsorr
1348 346 1647 417 3333333333.
1723 395 1725 398 <
2138 353 2203 416 333

191 467 304 534 Alsa
325 463 438 532 ersa
457 461 560 516 3333.

190 542 323 608 3133133.Ι
341 543 366 624 Ι)
390 448 768 618 Secundam]iacffabilcm
785 540 813 600 33
828 534 1018 600 invisibilem
1032 535 1170 617 33311333
1221 536 1344 616 fuerat,
1376 538 1544 620 ’1333331333
1572 537 1677 622 (1333.
1700 542 1755 617 14,
1774 539 1818 622 3).
1870 536 2013 619 Quando
2042 539 2132 604 enim
2162 540 2201 605 in

191 627 337 709 1333313133
358 623 438 706 qaod
459 622 499 688 ab
520 643 553 687 33
574 621 902 703 31131333331(Μ33313
924 623 974 698 28,
995 620 1069 703 20).·
1091 619 1170 685 Ecce
1221 644 1320 688 carne
1348 632 1476 701 nostra,
1511 625 1605 705 quasi
1639 631 1750 689 nostro
1778 625 1923 702 nomine,
1958 645 1996 689 eo
2028 626 2199 709 ingressus

189 707 596 779 3311333333333331133
620 707 728 773 (113333
747 728 845 788 aeque
873 706 915 770 331
935 707 1168 770 3333333313-
1221 715 1285 788 est,
1314 707 1393 774 inde
1419 710 1567 792 sequitur
1593 709 1680 793 quod
1707 710 1753 774 ait
1785 710 1949 794 apostolus
1977 709 2078 793 OEph
2098 715 2132 790 2,
2152 711 2199 813 5),

190 820 259 864 aem
290 797 415 863 3333311.
468 793 644 859 Secundam
666 813 887 858 commeare
921 812 1017 872 33333
1044 791 1169 855 cabum
1221 815 1281 859 nos
1303 794 1540 877 quodammodo
1567 797 1604 859 iu
1631 796 1823 861 coelestibus
1849 797 1974 860 iamin
2001 796 2073 879 ipso
2094 817 2201 864 33331-

190 884 376 965 assumpa't,
410 881 578 946 3333131333
607 880 641 943 td
668 879 749 960 33331
775 879 813 943 de
843 878 963 959 3133133
994 882 1088 941 aetas
1115 881 1167 955 est,
1222 879 1313 959 dere;
1335 888 1447 963 utpote
1469 882 1524 963 qui
1542 881 1669 947 eoelum
1687 903 1755 946 uon
1773 902 1830 964 spe
1852 881 1942 946 nuda
1962 890 2199 966 exspectemus,

190 971 358 1037 3333331333
378 968 413 1032 id
434 967 514 1048 qaod
536 988 557 1031 a
584 964 715 1033 Iudaeis
743 963 974 1044 mmprelaruas
1001 970 1059 1040 est,
1088 963 1168 1043 33331
1221 965 1337 1032 sedin
1359 967 1465 1049 capite
1488 974 1599 1033 nostro
1620 966 1853 1050 possideamus.
1898 968 2029 1033 Deinde
2050 970 2200 1053 agnoseit

190 1057 273 1141 11333
301 1055 451 1136 33333333,
480 1052 562 1132 quoa
588 1052 625 1116 313
646 1071 732 1115 aare
759 1051 928 1130 3133331133,
959 1048 1041 1128 qnod
1066 1048 1169 1113 linteis
1220 1052 1316 1116 illum
1343 1073 1410 1116 non
1443 1053 1513 1117 sine
1545 1074 1666 1136 magno
1698 1061 1809 1119 nostru
1838 1055 1923 1119 bono
1957 1053 2044 1137 apud
2070 1063 2200 1137 patrem

191 1142 353 1219 1333131333,
376 1137 842 1221 333311333331333333311333,
863 1134 1168 1216 33331333333333-
1220 1137 1373 1203 residere.
1419 1136 1652 1205 Sanctuarium
1673 1140 1763 1204 enim
1789 1161 1855 1204 non
1882 1140 2126 1205 manufactum
2147 1141 2200 1206 iu·

192 1231 272 1294 31333
293 1228 525 1308 matrissantes,
546 1245 608 1287 aen
629 1243 748 1303 seraper
769 1220 914 1285 1333311133
935 1219 1166 1284 acerbarum.
1221 1244 1369 1306 gressus,
1399 1245 1509 1289 coram
1535 1225 1618 1290 facie
1638 1226 1743 1309 patris
1771 1224 1921 1291 assiduus
1943 1247 2003 1308 pro
2024 1227 2118 1291 nobis
2140 1226 2199 1291 ad·

195 1314 323 1396 Quare?
357 1312 510 1393 (13331333
541 1314 734 1374 conversatas
762 1311 805 1371 col
832 1305 999 1370 satutem
1031 1307 1167 1387 corporeo
1220 1318 1355 1375 vocatus
1377 1319 1411 1374 et
1432 1312 1629 1376 intercessor
1646 1319 1783 1394 apparet
1800 1311 1916 1396 (Hebr.
1937 1316 1965 1391 7,
1986 1315 2026 1375 25
2045 1319 2079 1376 et
2097 1317 2125 1392 9,
2148 1317 2198 1378 ll.

151 1442 154 1449 ·
185 1401 396 1484 praesentiam
418 1396 626 1479 3333333133
643 1394 751 1459 3113333
768 1413 837 1457 ctera
858 1391 1023 1471 (1133313113
1043 1393 1122 1488 sats,
1139 1395 1168 1455 et
1219 1394 1314 1459 Rom.
1335 1399 1365 1475 8,
1387 1394 1443 1481 34)
1450 1420 1458 1475 ;
1482 1397 1551 1461 eius
1572 1397 1682 1462 oculos
1703 1398 1741 1460 ih
1763 1418 1857 1462 suam
1873 1398 2036 1462 iustitiam
2058 1399 2106 1461 ita
2124 1419 2200 1463 con·

190 1488 236 1552 ee
261 1483 476 1551 313313333313133
504 1481 647 1558 videndo,
686 1501 747 1544 333
773 1478 935 1559 3333333313,
969 1477 1104 1541 3333333131
1131 1478 1167 1540 ia
1219 1482 1335 1560 vertit,
1358 1489 1396 1546 ut
1418 1504 1438 1547 a
1464 1484 1607 1565 peccatis
1634 1485 1757 1548 uostris
1784 1489 1926 1563 avertat;
1954 1483 2025 1548 eius
2052 1485 2201 1550 animum

191 1572 321 1650 3331333,
349 1575 376 1634 et
405 1574 530 1649 3333333
557 1567 607 1631 1313
632 1567 721 1651 (Act.
744 1571 770 1643 l,
791 1568 819 1627 3.
841 1572 868 1626 3.
898 1562 1167 1645 Μ333.13,13),·
1218 1567 1266 1631 ita
1298 1569 1393 1633 nobis
1421 1568 1625 1647 reconciliat,
1656 1578 1694 1632 33
1719 1569 1810 1634 viam
1842 1578 1875 1634 33
1907 1590 2074 1635 accessum
2104 1571 2199 1637 nobis

190 1659 234 1722 ibt
261 1658 343 1722 caim
372 1655 453 1719 sedet
480 1655 521 1718 331
549 1653 705 1717 <lamam
732 1652 839 1732 putris
866 1649 984 1733 (Hebr.
1007 1652 1038 1744 1,
1061 1646 1111 1732 3),
1140 1652 1167 1711 ct
1218 1659 1344 1718 sternat
1376 1654 1418 1719 ad
1444 1655 1514 1719 eius
1535 1655 1694 1719 thronum
1723 1677 1782 1720 sua
1809 1655 2042 1720 intercessione
2049 1679 2057 1735 ;
2086 1656 2197 1739 ipsum

190 1744 239 1809 bic
260 1748 320 1808 est:
340 1762 402 1805 aaa
422 1741 504 1805 33133
525 1740 647 1805 33333311
662 1738 842 1818 praesent-ia
866 1737 1045 1799 3131331313.
1079 1733 1166 1822 Erpa
1218 1739 1325 1821 gratia
1346 1746 1380 1803 33
1396 1740 1575 1807 clementia
1596 1740 1734 1822 replens,
1758 1742 1814 1823 qui
1832 1740 1951 1823 alioqui
1969 1742 2097 1806 misen's
2120 1763 2196 1824 poe·

189 1819 1166 1908 333333133333333333133333313313113333333333333330331-
1217 1825 1380 1890 aestubus
1406 1826 1524 1908 plenus
1552 1826 1697 1892 horroris
1727 1828 1857 1891 futurus
1880 1834 1958 1892 erat
2004 1828 2115 1892 Tertio
2137 1848 2196 1910 po-

190 1922 288 1992 stam;
317 1913 484 1978 secunlum
504 1911 716 1992 praesentiam
743 1910 849 1974 3133313
876 1912 952 1972 recte
980 1906 1095 1969 31131333
1121 1910 1166 1969 331
1217 1911 1445 1977 tentiameius
1468 1911 1694 1994 apprehendit,
1717 1914 1839 1995 inqua
1861 1914 2196 1978 situmestnostrum

189 2000 370 2082 discipulis:
403 2019 452 2062 me
480 2003 582 2061 autem
608 2016 669 2060 333
695 1992 995 2076 semperstantes.
1045 1990 1166 2055 1131331
1217 1997 1328 2075 robur,
1351 1997 1473 2075 virtus,
1507 2018 1593 2078 opes,
1627 2005 1661 2062 33
1688 1998 1999 2064 adversusinferos
2033 1999 2193 2082 gloriatio.

190 2089 272 2153 33133
289 2086 379 2150 diora
400 2084 524 2149 33313313
545 2083 713 2147 recaredum
731 2081 943 2161 3333333133
964 2078 1166 2157 3333133333-
1216 2082 1303 2146 Nam
1331 2083 1509 2148 ascendens
1536 2085 1573 2147 in
1603 2083 1729 2148 eoelum
1749 2085 1915 2166 captivam
1943 2084 2037 2149 duxit
2059 2086 2197 2167 eaptivi-

189 2170 666 2250 3131133333333313313333331,
689 2164 975 2230 333113333313131.
1216 2176 1331 2246 tatem,
1366 2178 1400 2234 et
1432 2169 1577 2251 spoliatis
1610 2170 1758 2234 hostibus
1793 2170 2007 2252 locupletavit
2038 2170 2196 2253 populum

276 2262 325 2322 32.
371 2255 483 2336 Quare
510 2277 588 2319 mox
616 2253 801 2318 subiicitur:
832 2249 1015 2315 consedisse
1043 2246 1085 2311 ad
1106 2268 1163 2329 poe
1216 2275 1314 2319 suum
1327 2256 1368 2321 133
1385 2255 1529 2338 quotidie
1547 2255 1770 2338 spiritualibus
1788 2254 1913 2320 divitiis
1934 2256 2194 2405 33133133311313.

189 2346 249 2409 tris
283 2343 465 2408 dextera-m:
504 2339 719 2405 similitudino
752 2338 875 2403 33111333
907 2358 927 2399 3
960 2333 1164 2431 principibus
1189 2368 1192 2443 7
1216 2347 1246 2417 4,
1266 2342 1309 2424 8),
1355 2341 1396 2405 In
1419 2341 1556 2406 excelsis
1576 2362 1654 2425 ergo
1677 2340 1780 2416 sedet,
1804 2349 1841 2404 ut
1863 2343 2032 2407 transfusa
2053 2344 2089 2405 in
2113 2364 2130 2407 θ
2152 2343 2195 2408 ad

189 2438 319 2512 sumpta
340 2430 396 2511 qui
419 2449 493 2492 suos
522 2427 646 2490 hahent
668 2445 859 2501 assessores,
888 2420 1006 2503 quibus
1027 2418 1164 2502 regendr
1189 2446 1191 2505 3
1216 2446 1278 2490 333
1301 2448 1360 2490 sua
1382 2428 1504 2492 virtute
1530 2429 1566 2491 in
1588 2428 1692 2492 vitam
1720 2426 1926 2508 spiritualem
1954 2449 2013 2491 nos
2039 2429 2194 2509 3131113333,

189 2513 434 2598 imperandique
474 2513 562 2576 vices
595 2509 801 2576 (1331331333.
852 2508 905 2571 Ita
933 2506 1100 2582 Christus,
1128 2506 1163 2567 iu
1188 2508 1192 2601 )
1215 2521 1254 2575 33
1275 2512 1394 2594 spiritu
1416 2534 1475 2577 suo
1497 2513 1693 2591 sanctificet,
1722 2518 1760 2575 ut
1780 2513 1881 2577 variis
1905 2514 2087 2595 gratiarum
2109 2514 2195 2578 doti.

188 2624 251 2685 quo
270 2601 415 2666 'exaltari
444 2608 477 2663 33
496 2621 555 2681 por
577 2598 671 2664 33133
692 2617 827 2660 manum
850 2614 989 2676 regnare
1010 2591 1084 2689 ¹vult
1105 2611 1163 2672 pa·
1217 2598 1277 2662 bus
1300 2598 1470 2663 ecclesiam
1491 2620 1585 2664 suam
1607 2607 1759 2675 exornet,
1781 2606 1818 2661 ut
1839 2599 2037 2679 promotione
2059 2621 2120 2664 sua
2141 2608 2195 2664 tu·

188 2698 247 2765 ter,
271 2684 396 2751 133133
419 2685 589 2750 (1333333333
612 2696 759 2765 receptus
782 2681 908 2756 (1131333,
932 2699 970 2742 ac
992 2699 1020 2741 33
1040 2676 1163 2740 (113333-
1217 2692 1285 2747 tam
1307 2683 1464 2749 adversus
1486 2707 1599 2750 omnes
1621 2705 1725 2748 noxas
1747 2691 1925 2760 oonserveg
1948 2692 1986 2747 ut
2001 2685 2193 2751 ferocientes

188 2782 242 2839 3111·
264 2773 345 2838 00011
367 2793 405 2837 ab
434 2778 542 2834 terme
564 2770 707 2834 (1011111110
734 2769 950 2850 inaugumtus
972 2763 1163 2829 001111ῡί8000
1216 2771 1322 2834 crucis
1350 2791 1428 2834 suae
1456 2792 1494 2837 ap
1520 2778 1651 2836 nostrae
1678 2770 1792 2835 salutis
1826 2768 1936 2834 hostes
1964 2791 2082 2833 manus
2115 2792 2194 2836 suae

189 2860 252 2926 sihi
274 2858 566 2923 administrationis
582 2855 820 2937 possessionem
837 2850 1015 2917 solenniter
1033 2847 1161 2913 adiisse.
1216 2855 1405 2921 fortitudine
1434 2866 1593 2934 coereeat,
1623 2856 1761 2937 denique
1783 2865 1820 2919 ut
1846 2877 1976 2920 omnem
2003 2862 2113 2920 teneat
2134 2876 2193 2938 po-

188 2947 257 3012 Nee
279 2944 380 3009 semel
398 2942 517 3008 adiisse
535 2952 673 3019 tentum,
697 2940 755 3005 sed
770 2941 807 3003 13
825 2944 1037 3019 superstare,
1060 2934 1163 2999 donee
1216 2949 1368 3007 testatem
1389 2944 1425 3007 in
1447 2943 1534 3008 00010
1552 2951 1586 3007 et
1602 2944 1638 3007 in
1660 2951 1762 3006 terra:
1783 2939 1884 3007 donno
1907 2941 2055 3006 inimioos
2079 2963 2193 3008 0mnffl

190 3032 231 3096 ad
258 3030 414 3095 iudicium
441 3027 624 3093 ‹lescendat
676 3025 732 3090 Sic
755 3027 843 3090 enim
869 3021 1034 3105 aposolus
1060 3020 1163 3118 inter-
1216 3048 1300 3105 suos,
1323 3030 1379 3111 qui
1400 3030 1499 3093 etiam
1515 3029 1620 3094 nostri
1636 3035 1722 3107 sunt,
1740 3029 1964 3110 prostraverit,
1982 3049 2020 3092 ac
2037 3028 2192 3094 ecclesiae

187 3125 347 3202 pretatur,
369 3137 470 3197 qlllllll
492 3115 540 3178 ita
557 3113 701 3194 loquitur
718 3112 819 3196 (Eph.
842 3116 868 3189 l,
888 3113 938 3174 20.
968 3105 1162 3183 01Ρ1111.2,
1215 3113 1570 3180 suae‘aedjfioationem
1592 3115 1833 3179 consummarit,

189 3202 237 3287 9):
261 3203 432 3267 constituit
455 3200 550 3264 illum
570 3208 665 3281 pater
687 3198 728 3263 ad
750 3197 922 3262 dexteram
948 3214 1042 3258 33333
1064 3212 1165 3273 supra

188 3311 317 3354 omnem
348 3287 569 3370 principatum
600 3292 634 3349 et
659 3291 853 3372 potestatem
880 3292 914 3346 et
945 3281 1103 3345 virnrtem
1131 3283 1165 3340 et
1697 3342 1705 3358 .
1772 3342 1780 3358 ‚
2000 3342 2007 3358 ,

188 3375 446 3439 dominatorem
467 3379 501 3436 et
522 3393 618 3436 omne
634 3392 754 3435 nouren
771 3368 857 3452 quod
874 3367 1073 3443 nominatur,
1097 3384 1163 3428 non
1236 3342 1342 3424 Inde
1373 3352 1579 3424 1001111118
1610 3342 1664 3424 all
1693 3342 1937 3425 ludibundos
1968 3371 2085 3424 vlvos
2117 3353 2163 3424 et

189 3461 294 3526 solum
326 3460 362 3522 in
396 3458 457 3522 hoc
495 3458 623 3523 3333313
656 3457 714 3522 3331
746 3458 847 3521 enam
877 3456 913 3519 in
945 3454 1064 3517 futuro.
1116 3449 1163 3513 Et
1275 3508 1277 3513 .
1608 3474 1810 3545 mortuos·

188 3548 297 3612 omnia
327 3545 465 3609 subiecit
498 3545 558 3609 sub
591 3543 728 3626 podera
757 3544 841 3622 eius,
876 3549 909 3605 et
935 3541 1045 3621 ipsum
1073 3535 1164 3600 dedit

189 3629 1056 3714 3333333313313333333331313(Ε3)134,153313.
1101 3622 1164 3684 Vi·
1305 3633 1354 3693 34.
1399 3628 1474 3694 Non
1500 3631 1638 3695 obscura
1664 3629 1796 3712 quidem
1821 3628 2104 3711 praesentissimae
2127 3629 2195 3694 vir·

189 3719 245 3783 des
271 3738 429 3799 quorsum
456 3717 620 3799 pertineat
646 3715 704 3779 illa
732 3716 846 3780 sessio:
881 3732 999 3793 nempe
1025 3719 1064 3773 ut
1092 3709 1162 3773 eins
1188 3700 1191 3791 1
1218 3717 1297 3780 tutis
1329 3715 1524 3781 documenta
1555 3717 1691 3798 praebet
1718 3717 1785 3780 suis
1813 3713 1965 3779 Christus
1972 3737 1980 3793 ;
2014 3714 2084 3792 sed,
2118 3702 2200 3796 quia¹

188 3805 394 3869 maiestatem
428 3811 499 3865 tum
526 3802 680 3866 coelestes
716 3813 787 3865 tum
816 3810 965 3865 terrenae
995 3803 1163 3861 creaturae
1188 3800 1192 3887 ξ
1217 3803 1277 3866 sub
1312 3803 1420 3867 camis
1448 3802 1632 3867 humilitate
1658 3799 1895 3884 quodammodo
1924 3801 1959 3865 jn
1989 3801 2084 3864 terris
2114 3799 2196 3865 deli.

188 3890 382 3972 suspiciant,
405 3909 505 3951 mauu
528 3889 599 3951 eius
620 3896 792 3968 regantur,
821 3896 940 3950 nutum
961 3885 1162 3957 intueantur,
1189 3896 1191 3947 Ε
1217 3889 1311 3953 tescit
1338 3891 1407 3952 eius
1436 3910 1591 3972 rognum,
1625 3889 1746 3970 optimo
1774 3888 1845 3950 iure
1872 3895 2009 3951 vocatur
2034 3885 2116 3951 fides
2152 3885 2195 3951 ad

187 3975 302 4047 virtuti
326 3974 489 4039 subiectae
512 3975 586 4038 sint·
631 3973 744 4056 Neque
767 3973 856 4037 aliud
877 3971 993 4035 volunt
1015 3965 1161 4049 ap08t01i‚
1217 3973 1424 4057 cogitandam
1446 3974 1608 4039 visibilem
1636 3974 1729 4037 illam
1750 3973 1985 4055 praesentiam,
2019 3993 2118 4054 quam
2140 3994 2195 4037 su·

189 4083 290 4143 quum
318 4059 409 4123 illam
438 4061 534 4123 toties
561 4068 817 4123 commemorant
844 4059 931 4144 (Aet.
956 4062 988 4134 2,
1009 4060 1049 4117 30
1075 4064 1108 4116 et
1133 4057 1162 4130 3,
1189 4108 1192 4125 .
1217 4082 1329 4141 premo
1351 4059 1403 4124 die
1424 4061 1654 4125 manifestabit
1688 4058 1820 4123 Visibili
1842 4059 1930 4122 enim
1948 4059 2053 4122 forma
2070 4080 2088 4122 e
2106 4058 2195 4123 coelo

189 4146 464 4228 21.Hebr.1,8),
488 4166 586 4227 quum
608 4153 645 4209 ut
666 4147 736 4209 eius
759 4146 894 4210 arbitrio
916 4142 1076 4225 permissa
1093 4160 1164 4204 esse
1190 4152 1193 4209 1
1217 4145 1404 4223 descendet,
1442 4147 1547 4228 qualis
1580 4145 1755 4211 ascendere
1782 4145 1873 4210 visus
1901 4152 1951 4209 est
1978 4144 2065 4230 (Aet
2089 4149 2121 4220 l,
2145 4148 2193 4208 ll.

120 4274 123 4278 ι
190 4234 344 4298 universa
366 4230 509 4296 doceant.
556 4228 668 4311 Quare
691 4253 757 4295 non
780 4230 953 4306 333331111,
982 4225 1164 4310 quibeati-
1190 4232 1192 4329 2
1217 4232 1486 4315 1133132330),
1517 4253 1555 4296 ac
1577 4233 1726 4296 omnibus
1748 4230 1919 4312 apparebit
1939 4252 2014 4295 eum
2035 4228 2194 4293 ineffabili

187 4318 337 4382 tudinem
363 4318 556 4399 simpliciter
582 4316 747 4401 designari
776 4327 902 4399 putant.
947 4316 1052 4381 Porro
1079 4311 1165 4377 nihil
1190 4338 1192 4393 ς
1217 4319 1311 4402 regni
1328 4318 1378 4382 sui
1401 4319 1579 4392 maiestate,
1603 4339 1677 4383 oum
1694 4317 1947 4381 immortalitatis
1965 4315 2099 4397 fulgore,
2119 4334 2195 4379 cum

187 4404 289 4468 refert
316 4403 401 4484 quod
428 4405 465 4467 in
492 4404 585 4466 Actis
608 4404 729 4488 (133)
758 4403 947 4485 Stephanus
973 4422 1048 4465 eum
1075 4407 1164 4464 stan·
1190 4398 1192 4427 ²
1218 4405 1376 4468 immensa
1399 4403 1579 4468 divinitatis
1601 4405 1761 4485 potentia,
1785 4424 1860 4468 cum
1876 4402 2073 4485 angelorum
2095 4399 2194 4464 satel-

187 4498 257 4554 tem
283 4510 318 4554 se
341 4488 453 4553 videre
475 4495 629 4569 testatum
657 4489 734 4572 quia
760 4511 826 4553 non
853 4489 893 4554 de
921 4489 1065 4570 corporis
1087 4506 1164 4550 oon·
1190 4490 1295 4583 111313.
1331 4488 1423 4554 'Inde
1450 4490 1551 4572 igitur
1578 4489 1673 4553 illum
1699 4490 1850 4554 iubemur
1875 4486 2113 4568 redemptorem
2135 4507 2194 4550 ex·

187 4574 359 4640 stitutione
381 4575 438 4639 sod
466 4575 596 4657 imperii
622 4577 793 4641 maiestate
822 4574 876 4639 hic
898 4575 1022 4659 agitem
1055 4582 1093 4638 ut
1115 4594 1165 4638 se·
1190 4604 1193 4651 ,
1219 4584 1365 4657 spectare
1399 4574 1441 4639 ad
1470 4573 1557 4639 diem
1588 4575 1681 4639 illum
1708 4597 1771 4658 quo
1804 4595 1905 4657 agnos
1939 4572 2125 4655 segregabit
2153 4571 2194 4637 ab

188 4661 267 4727 dere
299 4661 383 4725 nihil
411 4661 501 4725 aliud
530 4661 574 4725 sit
595 4682 692 4743 quam
719 4661 851 4726 coelesti
883 4661 1042 4727 tribunali
1070 4681 1165 4743 prae-
1190 4654 1193 4791 )
1219 4661 1348 4738 hoedis,
1382 4661 1499 4726 electos
1527 4683 1549 4725 a
1576 4662 1722 4743 reprobis
1729 4685 1739 4740 3
1771 4681 1831 4724 nec
1857 4661 1920 4723 erit
1941 4658 2112 4740 quisquam
2138 4663 2197 4722 aut

187 4746 344 4830 31113333)
948 4756 951 4761 ’
1191 4798 1193 4833 ,
1219 4748 1371 4812 vivorum
1392 4754 1450 4811 aut
1473 4755 1678 4811 mortuorum
1699 4749 1755 4829 qui
1782 4744 1937 4808 iudicium
1958 4744 2026 4806 eius
2048 4743 2193 4826 effugiat

275 4837 325 4897 33.
369 4833 459 4897 Η133
491 4833 705 4914 multiplicem
743 4835 886 4898 fructum
919 4833 1043 4917 colligit
1074 4832 1164 4898 fides.
1191 4838 1194 4857 '
1219 4833 1274 4898 Ab
1300 4834 1456 4898 extremis
1482 4832 1570 4897 euim
1605 4833 1692 4896 orbis
1720 4830 1849 4914 angulis
1876 4828 2069 4893 exaudietur
2097 4830 2195 4894 tubae

189 4916 360 5002 Siquidem
382 4918 539 5002 intelligit
558 4919 740 4982 Dominum
764 4940 824 4983 suo
844 4921 881 4983 in
903 4921 1029 4995 coelum
1051 4940 1164 4984 ascen-
1219 4920 1361 5003 clangor,
1385 4940 1448 5001 quo
1470 4918 1512 4983 ad
1532 4918 1634 5000 ipsius
1656 4917 1800 4981 tribunal
1818 4922 2026 4979 accersuntur
2042 4934 2155 4979 omnes
2168 4913 2194 5000 ¹)

188 5026 228 5070 su
249 5004 377 5070 aditum
396 5005 491 5088 regni
512 5004 669 5082 eoelestis,
692 5004 749 5086 qui
768 5025 827 5087 per
844 5005 953 5070 Adam
975 5005 1164 5087 praeclusus
1219 5026 1299 5087 quos
1323 5005 1392 5071 dies
1409 5005 1465 5070 ille
1482 5004 1672 5088 superstites
1690 4999 1920 5084 deprehendet,
1939 5008 2011 5065 tum
2028 5020 2109 5082 quos
2127 5001 2194 5065 iam

188 5145 306 5153 «μμ-...-
322 5147 326 5150 .

258 5209 288 5277 1)
306 5210 393 5262 Tract.
413 5212 440 5263 iu
459 5212 552 5262 Iouun.
571 5209 612 5262 bt).
665 5209 828 5278 1133111333
848 5206 914 5260 1545
932 5225 1001 5279 seqq.
1068 5209 1098 5273 3)
1122 5211 1161 5262 Ol.
1194 5214 1196 5271 )
1223 5184 1224 5187 ¹

188 5278 332 5348 Angustia
355 5279 389 5330 de
416 5280 468 5331 fide
491 5287 519 5330 et
535 5282 623 5348 symb.
641 5296 664 5332 3.
683 5279 707 5333 l.
1194 5283 1196 5305 ¹
1291 5278 1320 5345 1)
1338 5280 1477 5333 inserent:
1494 5284 1551 5331 tum
1569 5275 1638 5330 lblb
1654 5282 1681 5330 33
1696 5292 1765 5346 3333.

1929 5359 2010 5417 34⁸.
