4770 6030
216 376 297 436 1067
688 406 696 416 ·
798 313 1064 434 sstsuluuulo
1085 368 1190 433 REL.
1214 364 1395 432 OHRIS'P.
1422 368 1653 431 lesu-1554.
2134 370 2221 432 1068

1851 479 1963 548 neca
1981 479 2093 549 urea
2113 480 2219 536 cess.

212 564 258 625 est
282 560 517 623 sacramentam.
566 553 655 635 Quod
683 554 822 635 inferunt
848 552 879 616 si
905 552 992 616 nullo
1013 552 1102 616 niodo
1123 572 1190 616 con·
1241 556 1347 619 monia
1368 554 1418 619 bie
1439 555 1581 636 ederant.
1624 554 1680 618 Ad
1702 465 1895 619 Ianuarium
1905 557 1945 639 ¹),
1962 557 2084 636 primo,
2107 558 2221 638 inquit

213 645 315 710 cedere
337 647 465 724 oportet,
495 641 531 703 in
561 641 629 720 ipso
651 645 728 704 certe
752 639 876 703 nanim
897 642 941 701 est
962 638 1189 715 occurrendum,
1241 646 1340 706 tenue
1360 646 1388 704 te
1409 641 1485 719 colo,
1508 641 1589 719 quod
1603 645 1655 705 >est
1673 639 1768 705 lenius
1789 642 2010 723 disputationis
2032 647 2133 724 caput,
2152 641 2222 707 Do-

213 752 252 796 ne
278 750 315 806 ea
343 728 478 793 mercede
504 726 709 806 recipiamus,
740 729 774 788 at
801 723 955 788 aresnodi
982 724 1086 787 errori
1107 743 1191 788 acea·
1241 727 1364 790 mireum
1385 731 1525 790 nostrum
1547 723 1720 805 Glnistnm,
1748 728 1829 790 siud
1850 728 1917 808 ipse
1943 729 1978 791 in
1998 728 2155 810 coanpelio
2177 728 2221 792 lo·

146 857 155 888 ,
212 817 330 881 nonan
346 813 502 895 praebeat.
543 810 673 875 Rursus
695 830 791 892 quum
808 810 942 890 probant
963 813 1191 872 summanum
1242 813 1357 893 quitur,
1376 813 1437 876 lmi
1459 813 1532 894 iupa
1553 832 1609 877 nos
1629 812 1807 876 subdidisse
1824 817 1851 876 et
1867 814 2012 877 sarcinae
2030 813 2096 878 leoi
2131 813 2222 879 Unde

213 921 286 978 esse,
309 919 437 964 causam
456 899 647 979 adiunqant:
669 898 747 977 qnia
768 900 891 959 anteriso
911 894 1000 976 sipno
1020 899 1134 958 anser
1154 915 1191 959 aa
1241 899 1445 962 saaannntis
1471 918 1598 962 annuero
1620 899 1839 979 paucissimis,
1872 899 2078 963 obseruatione
2103 899 2222 980 facilli·

213 986 309 1051 cerba
345 984 383 1048 Si
403 1005 456 1049 nee
472 983 658 1048 mamlatum
679 1002 732 1046 aec
748 980 990 1061 promissionem
1006 979 1189 1058 invenimus,
1242 985 1312 1061 mis,
1331 985 1553 1066 sipiificatione
1569 985 1865 1064 praestantissimis,
1888 985 2059 1050 societatem
2078 986 2151 1049 novi
2163 1006 2221 1068 po

212 1071 291 1155 quid
311 1071 401 1134 aliud
416 1088 586 1151 passnmns
607 1088 703 1148 quam
724 1065 921 1130 restaurare?
1237 1069 1312 1152 puli
1330 1070 1493 1151 colticaoit.
1540 1069 1640 1133 Sicuti
1667 1074 1710 1134 est
1727 1070 1903 1150 baptismus
1923 1071 2075 1134 trinitatis
2096 1072 2221 1136 nemim

300 1161 328 1220 2.
378 1155 449 1219 Iam
470 1159 609 1237 apparet,
632 1174 693 1231 nou
714 1154 751 1217 de
768 1152 910 1216 mcobalo
927 1170 983 1214 nos
999 1151 1113 1228 rauel,
1136 1151 1190 1215 sed
1242 1160 1443 1234 cassamolas,
1465 1160 1493 1219 et
1513 1156 1746 1220 communicatio
1767 1157 1904 1236 corporis
1925 1160 1954 1219 et
1968 1157 2136 1238 saepiaris
2154 1156 2241 1221 Da·

213 1245 251 1310 de
281 1264 316 1307 re
347 1243 420 1323 ipsa
448 1262 509 1304 non
537 1259 763 1321 sapervacuum
796 1238 1032 1302 ceretrooersiam
1064 1257 1190 1301 rnooere
1242 1241 1332 1320 mirei,
1354 1247 1381 1305 et
1402 1242 1529 1321 siquid
1550 1241 1639 1304 alind
1656 1243 1691 1305 ia
1710 1243 1876 1322 scripturas
1893 1242 2052 1307 carronicis
2072 1261 2221 1306 mmmm

215 1329 354 1395 hunde
380 1327 441 1392 hoc
466 1326 588 1408 fortiter
614 1323 822 1389 retinendum
850 1329 912 1400 eet,
949 1320 1036 1402 quod
1068 1322 1191 1387 invicta
1243 1327 1345 1392 aaa.
1376 1327 1521 1405 Itemde
1542 1328 1681 1392 doctrino
1703 1324 1942 1411 Olcristianafl)
1961 1349 1983 1391 a
1998 1328 2222 1392 resurectione

213 1417 340 1480 ratione
361 1414 454 1496 priua
476 1412 752 1477 confirmavimus:
781 1409 977 1474 sacramenti
997 1407 1191 1472 instituendi
1243 1412 1376 1476 Domini
1404 1413 1558 1493 maedam
1578 1433 1688 1495 pauca
1708 1413 1801 1495 siprm
1822 1434 1884 1494 pro
1904 1413 2027 1491 miultis,
2055 1410 2222 1495 emmaque

214 1501 387 1566 arbitrium
414 1498 545 1562 nonnisi
566 1518 667 1579 penes
688 1497 799 1560 Deum
826 1515 930 1558 unum
955 1514 1034 1557 esse.
1080 1490 1190 1574 Siqui-
1241 1498 1328 1579 suctu
1359 1498 1528 1580 facillima,
1560 1499 1711 1562 intellecti
1736 1500 1979 1580 'cupudissimm
2014 1499 2223 1564 obseruatione

215 1586 290 1650 dem
322 1590 577 1661 sacramentum,
607 1590 696 1647 certa
722 1581 786 1645 Dei
807 1579 1035 1662 promissione,
1066 1579 1191 1661 erigere
1243 1585 1421 1648 castissimo
1448 1585 1516 1665 ipse
1539 1583 1698 1648 Dmninus
1723 1589 1751 1647 et
1772 1584 1941 1665 apostolica
1966 1584 2099 1649 tradidit
2124 1586 2222 1650 disci„

214 1671 360 1737 fidelium
386 1669 602 1735 conscientiae
630 1690 668 1732 ac
691 1666 851 1732 consolari
872 1665 983 1743 debet,
1013 1686 1095 1747 quae
1118 1684 1191 1728 cam
1238 1670 1350 1752 plina:
1383 1671 1476 1734 sicuti
1504 1674 1547 1733 est
1573 1669 1760 1751 baptismus,
1789 1673 1817 1733 et
1842 1668 2001 1735 annaio
2028 1672 2168 1751 corporis
2193 1675 2223 1735 et
2339 1744 2345 1761 .

214 1756 444 1824 certitudinem
471 1774 642 1836 nunquam
671 1753 712 1817 ab
740 1752 873 1816 homine
897 1751 1088 1832 acciperent.
1128 1747 1190 1815 Sa·
1243 1756 1409 1837 saraninis
1430 1755 1569 1819 Domini.
1600 1753 1666 1819 Gur
1686 1755 1808 1820 nullam
1828 1755 1878 1820 liic
1894 1758 1980 1819 sacri
1996 1757 2120 1820 rzaaert
2136 1777 2221 1820 men·

214 1849 419 1910 crementum
429 1840 529 1905 'nobie
546 1839 769 1905 testimonium
787 1859 857 1902 aeae
879 1836 975 1901 debet
992 1835 1096 1900 bonae
1113 1856 1193 1918 erga
1242 1842 1354 1905 tionem
1369 1841 1470 1922 facit?
1494 1840 1550 1905 Aa
1566 1841 1734 1906 calamita
1745 1846 1789 1906 est
1798 1843 2099 1922 praetermissurum
2108 1842 2219 1923 fuisse,

91 1935 93 1940 '
216 1951 276 1994 nce
297 1929 362 1994 Dei
383 1927 576 2002 voluntatis,
606 1925 698 1989 cuiue
719 1923 830 1988 nullus
859 1922 1031 1986 hominum
1054 1930 1111 1985 aut
1132 1941 1190 1986 un·
1243 1927 1274 1991 si
1294 1932 1367 1990 tune
1384 1927 1498 2008 suisset
1516 1928 1552 1990 in
1568 1926 1693 1990 melesio
1711 1926 1895 1991 institutus?
1919 1925 2222 2007 Praesertimquum

216 2015 364 2100 galerum
391 2014 484 2078 testis
513 2033 583 2076 esee
610 2017 728 2092 potest,
758 2007 888 2091 quando
910 2028 1006 2072 nemo
1028 2006 1094 2070 Dei
1115 2028 1191 2072 con·
1242 2013 1285 2076 sit
1311 2011 1395 2077 alias
1421 2012 1457 2075 in
1483 2012 1682 2076 observandis
1707 2013 1848 2095 annueris
1877 2012 2028 2077 mricsior
2052 2033 2148 2093 quam
2169 2035 2221 2078 ne-

217 2101 358 2165 eiliariue
391 2100 453 2163 fuit
485 2098 595 2181 (llam.
618 2101 666 2173 ll,
687 2094 752 2178 34).
809 2093 908 2159 Solus
937 2092 1102 2158 Dominus
1131 2100 1189 2170 est,
1243 2117 1324 2163 cesse
1341 2098 1427 2178 soret.
1472 2096 1541 2161 Imo
1562 2119 1660 2178 quum
1680 2098 1868 2179 baptismum
1888 2104 2055 2163 etcoercam
2071 2100 2220 2178 nominat,

216 2188 272 2269 qui
295 2186 334 2249 de
355 2207 389 2249 se
409 2184 501 2249 nobis
524 2204 581 2265 per
603 2182 739 2254 verbum
761 2201 858 2245 suum
879 2179 1081 2244 testificatur.
1128 2175 1190 2242 Sa·
1244 2182 1312 2246 alia
1333 2183 1472 2247 subticet:
1499 2205 1541 2246 arc
1563 2204 1624 2246 reon
1645 2184 1726 2249 satis
1746 2185 1863 2261 increuit,
1892 2184 1966 2248 laec
1987 2185 2049 2248 duo
2070 2186 2221 2268 azymae

217 2279 421 2337 crementum
443 2268 587 2352 sigillum
609 2276 672 2345 est,
695 2287 758 2348 quo
780 2265 846 2330 Dei
872 2274 1106 2329 testamentum
1121 2285 1190 2328 ¹eeu
1243 2268 1401 2350 stimulari
1422 2269 1571 2350 dipaitate
1591 2275 1770 2350 praestare,
1798 2270 1883 2334 alias
1911 2271 2120 2335 eumenionias
2141 2272 2220 2353 infe-

215 2356 387 2439 promissic
419 2356 618 2436 obsignatur.
675 2351 853 2436 Obeignari
879 2372 957 2415 vero
983 2372 1048 2415 non
1081 2357 1191 2431 posset
1244 2355 1329 2418 riore
1347 2355 1408 2419 lcco
1429 2355 1611 2419 subsidere?
1649 2356 1752 2435 (lucore
1772 2358 2032 2420 sacramentarios
2054 2357 2130 2421 istos
2152 2358 2220 2422 doc·

216 2444 313 2507 rebue
335 2441 495 2523 corporeis
517 2447 551 2503 et
572 2439 742 2503 elementis
763 2437 862 2500 huius
883 2436 1015 2514 mundi,
1038 2436 1103 2500 niei
1124 2435 1191 2499 vir-
1243 2445 1323 2504 tores
1342 2461 1403 2504 non
1425 2445 1546 2503 matum
1566 2441 1655 2504 aerbo
1677 2441 1823 2518 Domini,
1852 2443 1906 2505 sed
1927 2442 2038 2505 ceteris
2059 2444 2153 2506 etiam
2176 2462 2220 2506 ee-

216 2535 287 2592 tute
308 2527 373 2591 Dei
395 2526 436 2590 ad
459 2525 519 2590 hoc
540 2526 761 2589 formarentur
782 2531 815 2586 et
836 2522 1095 2606 designarentur.
1134 2521 1191 2583 In·
1243 2525 1353 2590 desine
1385 2529 1577 2591 mascusium
1604 2527 1730 2591 deuant
1756 2528 1837 2604 dico,
1868 2532 2019 2607 crearique
2044 2526 2099 2592 troc
2123 2549 2219 2609 praa.

86 2669 92 2692 ,
216 2614 351 2679 stituere
380 2632 458 2695 crgo
485 2616 727 2675 sacramentum
749 2609 846 2672 homo
865 2629 935 2672 non
962 2616 1083 2689 potest:
1114 2607 1191 2689 quia
1242 2616 1326 2676 tecta
1352 2613 1489 2677 mactae
1515 2612 1702 2695 superbiant.
1749 2612 1809 2677 Sed
1837 2614 1903 2677 iarn
1928 2614 1971 2677 ad
1993 2615 2080 2695 ursas
2100 2634 2218 2694 speeies

215 2700 331 2776 tacere,
351 2705 388 2762 ut
409 2698 468 2762 sub
487 2697 583 2762 rebus
602 2704 670 2759 tam
688 2695 820 2759 abiectis
841 2701 934 2758 tanta
951 2692 1015 2757 Dei
1032 2692 1191 2777 mysteria
1243 2698 1470 2762 descendamus.

214 2786 347 2863 lateant,
370 2782 404 2847 id
426 2804 502 2848 vero
524 2782 689 2846 humanae
710 2781 841 2845 virtutis
863 2787 1005 2844 nonest.
1040 2778 1191 2844 Verbum

214 2871 280 2936 Dei
300 2878 434 2952 praeeat
455 2873 594 2950 opertet,
617 2866 704 2948 quod
726 2873 968 2930 sacramentum
990 2886 1061 2929 eece
1083 2885 1190 2929 encra-

215 2965 365 3021 mentum
386 2955 485 3019 faeiat
506 2960 542 3017 ut
564 2953 766 3036 Aucustinus
778 2953 802 3034 ¹)
825 2953 936 3035 optime
957 2951 1047 3016 docet
1093 2951 1192 3015 Prae·
1520 2960 1587 3041 De
1619 2960 1943 3042 confismatjone·

215 3049 297 3107 terea
324 3041 451 3106 retineri
480 3039 607 3120 aliquod
628 3038 795 3102 discrimen
819 3037 895 3101 utile
920 3042 966 3102 est
985 3038 1067 3100 inter
1087 3057 1191 3100 sacra·

215 3133 319 3192 muita
340 3132 368 3191 et
385 3127 468 3191 alias
485 3125 703 3202 coeremmeias,
725 3125 789 3188 nisi
806 3124 949 3188 colamus
967 3125 1002 3186 in
1021 3121 1121 3186 matta
1139 3120 1191 3185 aa
1329 3131 1358 3188 4.
1403 3124 1467 3190 Hic
1492 3145 1559 3190 mos
1585 3125 1661 3189 olim
1687 3126 1750 3207 luit
1778 3130 1812 3189 ut
1841 3124 2092 3190 Christianorum
2119 3125 2217 3206 liberi,

214 3214 315 3278 surda
345 3212 487 3277 inuidere.
536 3209 717 3293 Apostoli2)
756 3214 887 3274 orarunt
915 3208 1047 3293 penibas
1079 3208 1190 3288 ttcuis:
1237 3216 1406 3294 postquam
1431 3211 1638 3289 adelonem,
1667 3231 1770 3276 corum
1796 3213 1934 3292 episcopo
1961 3214 2155 3290 sisterentur,
2183 3217 2220 3277 ut

212 3318 315 3383 penna
336 3298 434 3380 ipitar
454 3318 516 3363 non
533 3297 691 3376 flectentur
710 3296 778 3360 sine
798 3299 995 3360 sacramento.
1029 3293 1191 3375 Discipuli
1242 3297 1382 3384 officiam
1397 3296 1479 3361 illud
1499 3297 1659 3379 damnent
1680 3298 1760 3379 quod
1781 3298 1820 3361 ab
1841 3298 1885 3361 iis
1902 3296 2088 3380 euiyebatar,
2112 3299 2218 3379 quise

212 3385 359 3466 feramur
387 3404 492 3448 orasse
519 3402 627 3447 canas
654 3383 814 3446 orientem:
842 3381 884 3445 sit
905 3379 992 3445 nobis
1013 3401 1190 3446 sacramen·
1242 3384 1285 3448 od
1312 3383 1501 3464 baptismum
1527 3383 1629 3448 adulti
1655 3384 1825 3464 offerebant.
1876 3383 1923 3446 Hi
1951 3386 2033 3447 enim
2060 3385 2141 3447 inter
2168 3405 2218 3449 ca·
2290 3381 2291 3385 ’

213 3476 280 3534 tum
306 3470 434 3534 orientis
466 3474 615 3551 aspectas.
667 3466 791 3531 Paulas
816 3465 881 3531 cult
903 3468 986 3532 omui
1015 3468 1078 3531 loco
1104 3467 1190 3529 ciros
1241 3469 1431 3533 teclumenas
1452 3468 1602 3546 sedebam,
1623 3469 1717 3532 dorice
1737 3470 1795 3532 rite
1814 3468 1889 3548 aaa
1907 3470 2063 3551 mysteriis
2079 3471 2218 3534 instituti

213 3557 315 3620 tollere
336 3576 441 3637 puros
461 3576 576 3618 marcus
597 3552 630 3639 (l
652 3553 734 3617 Tim.
755 3556 784 3630 2,
804 3553 856 3637 8),
884 3557 911 3616 et
939 3552 1063 3616 deuotis
1088 3552 1189 3614 maai
1236 3559 1381 3636 poterant
1406 3554 1481 3633 {idei
1508 3554 1727 3636 confessionem
1755 3574 1859 3618 coram
1885 3556 2023 3635 episcopo
2045 3576 2082 3621 ac
2100 3557 2219 3638 poptdc

213 3641 272 3707 bus
299 3642 399 3706 oratio
430 3642 558 3722 saepias
590 3661 611 3702 a
639 3641 756 3704 sanctis
783 3639 869 3720 facto
900 3643 1096 3703 memoratur.
1146 3635 1191 3700 Et
1241 3641 1335 3705 adae.
1383 3640 1444 3720 Qui
1465 3659 1535 3722 erpo
1556 3640 1705 3720 baptismo
1725 3641 1846 3704 initiati
1862 3647 1951 3705 eram
1972 3642 2117 3723 infames,
2139 3641 2219 3722 quia

213 3748 365 3791 manum
391 3746 508 3807 quoquae
541 3726 676 3790 maresia
704 3728 934 3789 socrummtum
959 3722 1025 3803 dat.
1077 3721 1190 3788 Ornnes
1239 3727 1314 3807 fidei
1345 3726 1532 3807 corutessione
1563 3725 1650 3806 apud
1689 3727 1845 3791 ecelesiam
1881 3731 1955 3790 tarn
1987 3727 2122 3809 defundi
2154 3747 2219 3791 reon

213 3813 346 3892 denique
377 3818 553 3876 sanctorum
588 3816 693 3895 pestus
727 3812 763 3875 in
796 3814 991 3875 sacramenta
1022 3813 1188 3872 transeant.
1242 3816 1343 3889 eram,
1374 3811 1431 3874 sab
1456 3810 1551 3891 finem
1573 3813 1745 3893 pueritiae,
1773 3818 1828 3876 aut
1855 3813 1979 3876 irrearrte
2003 3813 2216 3891 adolescentia,

215 3897 288 3963 aa
315 3919 353 3961 ne
382 3897 456 3961 baec
483 3896 608 3978 quidun
635 3897 803 3961 admodum
829 3916 986 3974 marmor,
1015 3895 1102 3958 aaa
1128 3915 1190 3959 reon
1241 3897 1552 3977 repraesentabantur
1584 3899 1697 3961 dermn
1727 3919 1749 3961 a
1775 3898 1975 3978 parentibus,
2007 3899 2046 3962 ab
2078 3900 2218 3979 episcopo

214 3988 313 4049 essent
334 4004 403 4049 cam
424 3983 597 4047 mamribas
619 3982 687 4046 illis
710 3982 912 4047 ircearnmodis
933 3981 1102 4046 mniunctc.
1241 3983 1504 4047 examinabantur
1522 3984 1693 4048 secundmn
1718 3984 1889 4064 famulam
1908 3984 2098 4062 caucbismi,
2122 4005 2219 4065 quea-m

302 4072 330 4132 3.
377 4067 415 4132 Si
434 4069 542 4132 ceteris
561 4069 704 4132 eulesioe
720 4068 888 4132 autoritate
903 4087 1045 4149 precare
1065 4087 1123 4131 nos
1143 4086 1191 4130 oe
1241 4074 1313 4132 tunc
1333 4068 1482 4133 lababant
1502 4073 1616 4133 certam
1637 4089 1674 4132 ac
1694 4089 1890 4135 commamm.
1938 4070 2003 4150 Quo
2024 4074 2127 4135 autem
2143 4069 2220 4134 tua

214 4155 284 4234 tint,
307 4155 375 4219 dico
396 4175 446 4218 eos
464 4154 573 4234 sacam
592 4154 702 4234 sacae.
748 4153 918 4233 Nusquam
938 4154 1021 4218 enim
1039 4153 1126 4233 apud
1147 4171 1190 4216 ec
1243 4155 1331 4233 adio,
1354 4175 1432 4233 auae
1453 4153 1573 4235 almani
1597 4155 1706 4237 manis
1727 4161 1896 4236 sanaeque
1916 4156 2025 4220 merito
2047 4176 2112 4221 esse
2133 4155 2220 4220 debe-

213 4241 400 4306 clesiasticos
426 4241 589 4321 scriptores
613 4259 764 4304 numerus
790 4240 840 4303 lie
860 4240 1054 4322 septenarius
1075 4233 1191 4303 inoeni·
1243 4239 1302 4318 ou,
1326 4239 1404 4321 plus
1423 4240 1609 4304 reuerentiae
1630 4239 1749 4305 baberet
1771 4263 1808 4306 ac
1828 4243 2002 4324 dianitatis,
2025 4242 2219 4306 caeremonia

213 4332 274 4391 tur.
319 4326 385 4390 Nec
405 4326 486 4391 satis
506 4329 636 4402 constat,
659 4346 718 4405 quio
733 4326 878 4406 mimum
903 4331 1035 4406 tempore
1055 4325 1192 4406 obrepse·
1243 4346 1361 4408 quoqne
1382 4325 1585 4391 adhibebatur
1611 4346 1763 4390 manum
1792 4328 2008 4408 impositionis.
2060 4326 2113 4391 Itu
2133 4347 2220 4408 puer

214 4415 266 4478 rit.
310 4411 424 4478 Fateor
449 4411 589 4493 quidem,
622 4411 657 4474 in
682 4410 824 4476 uocabulo
846 4409 1032 4476 sacramenti
1059 4430 1125 4475 esse
1144 4410 1191 4473 in·
1242 4412 1307 4491 ille,
1335 4412 1397 4494 fide
1416 4432 1477 4475 saa
1497 4412 1682 4494 approbata,
1710 4432 1780 4476 ann
1805 4413 1923 4478 soleam
1947 4412 2150 4478 benedictione
2170 4412 2220 4477 di·

214 4498 336 4563 terdum
361 4497 526 4562 liberiores.
573 4495 635 4560 Sed
662 4498 739 4577 quid
765 4518 797 4562 eo
823 4496 1025 4579 siqniticont?
1072 4495 1192 4574 Nempe
1242 4499 1426 4563 mittebdm.
1470 4496 1580 4571 Huius
1599 4500 1698 4563 moris
1718 4518 1810 4580 saepe
1830 4501 2010 4564 mationem
2030 4499 2150 4580 faciunt
2169 4518 2220 4563 re

158 4616 166 4629 ·
214 4585 423 4649 mmeraonias
444 4602 547 4648 manes
568 4587 596 4646 et
616 4589 754 4647 emanas
778 4584 860 4647 ritus
880 4583 1046 4662 omnaque
1061 4581 1192 4663 pietatis
1243 4590 1329 4649 teres.
1378 4584 1441 4648 Leo
1467 4604 1572 4664 papa:
1586 4582 1615 4669 Β)
1647 4585 1679 4650 si
1706 4585 1778 4664 ouis
1803 4584 1843 4647 ab
1868 4584 2031 4650 nauatae
2056 4584 2152 4663 redit,
2181 4605 2220 4648 ne

214 4670 368 4735 mundio.
416 4669 518 4749 Quum
538 4673 642 4733 autem
668 4671 706 4734 de
727 4670 770 4733 iis
798 4669 899 4752 ciariis
924 4668 1092 4748 aquantur
1112 4687 1192 4748 qnae
1242 4671 1354 4734 iterum
1375 4670 1562 4750 baptizatam
1588 4670 1643 4735 sed
1663 4670 1745 4752 quod
1768 4669 1831 4735 illic
1852 4672 1881 4735 ei
1902 4670 2001 4751 duait
2023 4691 2085 4752 per
2106 4671 2219 4752 episco-

215 4755 343 4821 dioinae
370 4756 405 4818 iu
426 4775 483 4819 nos
501 4755 623 4836 pretim
644 4755 817 4819 testimonia
839 4773 905 4818 esse
928 4753 1044 4832 debent,
1071 4752 1191 4817 duobus
1237 4757 1345 4837 palem
1376 4775 1489 4819 manas
1516 4756 1741 4838 impositionem
1767 4757 1870 4821 uirtus
1900 4757 2034 4837 spiritus
2060 4756 2090 4820 ei
2122 4756 2220 4838 confe-

214 4842 301 4919 istis,
331 4841 483 4922 baptismo
504 4846 532 4905 et
557 4839 746 4905 antorima
773 4840 902 4904 antemi
922 4843 1003 4903 sant.
1049 4839 1099 4903 Ne
1118 4840 1191 4919 quis
1242 4847 1342 4906 ratur.
1383 4840 1570 4906 Glamabnm
1589 4841 1639 4906 uu
1659 4841 1758 4907 nostri
1778 4842 1970 4906 adversarii.-
1989 4847 2220 4906 sacromentum

214 4926 295 5007 falso
322 4926 438 4991 iactari
465 4926 519 4991 lccc
545 4948 566 4989 a
587 4947 636 4990 me
656 4931 758 5007 putet,
780 4945 888 5007 pauca
908 4924 1084 5008 Anaustini
1111 4926 1191 4991 testi·
1242 4928 1313 4992 inre
1333 4929 1454 5006 oomri,
1483 4929 1519 4991 in
1540 4948 1599 5009 quo
1620 4928 1754 5009 spiritus
1781 4934 1909 4992 sanctus
1926 4927 2112 5008 consuatur.
2163 4927 2220 4992 Ve-

1242 5035 1316 5077 rum
1342 5015 1409 5095 ipse
1435 5013 1497 5078 Leo
1523 5013 1638 5095 alibi⁴)
1665 5013 1814 5093 explieat,
1841 5014 1919 5094 qaid
1946 5013 1997 5077 liis
2022 5012 2126 5077 uerbis
2157 5012 2220 5078 sibi

284 5145 313 5210 1)
332 5146 429 5198 Hamil.
448 5148 476 5199 in
495 5120 587 5200 leuna.
606 5146 648 5209 80,
666 5146 691 5200 3.
743 5147 774 5215 2)
793 5147 919 5216 Apostoli
938 5187 944 5199 .
964 5186 970 5197 .
991 5186 997 5198 .
1017 5187 1022 5198 .
1042 5152 1189 5199 transeant.
1287 5156 1355 5162 “““··
1373 5155 1447 5161 *-

216 5212 293 5346 gisez
308 5214 476 5351 affigi&
492 5232 518 5268 a.
539 5215 606 5268 1539
624 5217 679 5269 ata
697 5215 828 5268 loeo-cam
842 5221 977 5283 aaaron
992 5216 1112 5280 fumant,
1129 5216 1192 5270 cide
1242 5285 1272 5354 4)
1290 5218 1446 5356 Εέἑῦέὶρῖἰὲι.
1466 5216 1517 5269 118
1534 5215 1594 5286 (54)
1612 5219 1671 5272 init.
1697 5217 1754 5332 ¹2)
1773 5218 1846 5270 Libr.
1865 5216 1890 5269 3.
1908 5234 1930 5269 c.
1948 5216 1971 5268 9.
2025 5216 2055 5284 3)
2073 5216 2217 5297 Epicrab,
