4770 6030
187 374 250 436 sco
890 420 892 424 .
920 351 1020 434 car.
1043 366 1085 432 v,
1104 364 1199 450 (tv.)
1241 314 1451 432 nnuma.
2121 375 2186 438 aro

186 481 550 552 A106;1311430114.

186 561 278 636 verit,
302 565 359 623 aut
381 471 585 625 consiliariils
607 560 676 623 eius
693 558 799 635 fuerit,
823 556 880 621 sed
898 556 1030 639 spiritus
1050 556 1160 619 omnia
1298 558 1347 620 28.
1392 555 1481 622 Hinc
1507 558 1650 626 iudicare
1679 564 1754 629 licet
1774 586 1873 647 quam
1895 564 2114 647 perniciosum
2141 562 2185 628 sit

186 652 359 722 scrutatur,
388 647 487 710 etiam
505 644 665 726 profunda
681 645 746 709 Dei
768 639 1080 725 (lcor.2‚10.17);
1100 662 1160 723 per
1211 640 1440 706 scholasticum
1465 643 1547 709 illud
1576 645 1709 730 dogma,
1741 671 1800 715 nos
1826 650 1866 715 dc
1893 650 1999 733 gratia
2019 649 2083 713 Dei
2105 669 2185 733 erge

185 753 282 814 quom
302 732 341 796 fit
361 741 399 795 ut
424 737 568 795 mentem
589 728 713 794 Christi
740 735 918 793 teneamus.
962 726 1066 792 Nemo
1087 735 1159 808 pot-
1211 747 1270 791 nos
1298 747 1365 790 non
1392 727 1487 792 aliter
1507 737 1650 797 statuere
1678 756 1786 817 posse,
1816 757 1915 819 quam
1937 755 1979 799 ex
2000 734 2185 800 coniectura

185 825 236 882 est
256 818 369 882 venire
397 816 439 880 ad
467 837 534 893 me,
558 817 677 897 inquit,
706 816 768 879 nisi
796 823 889 897 pater
916 814 971 894 qui
997 813 1086 876 misit
1107 833 1159 876 me
1211 812 1341 890 morali,
1370 820 1466 893 prout
1488 837 1523 880 se
1544 821 1765 902 unusquisque
1782 842 1852 897 ,non
1879 820 2051 904 indignum
2072 841 2111 884 ca
2132 841 2184 884 re-

187 904 325 968 traxerit
353 923 428 966 eum
451 901 554 983 (Ioan.
575 906 603 978 6,
622 900 687 984 44).
741 898 858 964 Omnis
881 919 957 982 crgo
984 899 1039 979 qui
1067 896 1159 960 audi·
1212 905 1313 978 putat.
1367 898 1528 980 Equidem
1561 904 1589 967 si
1620 905 1661 969 ab
1688 908 1838 989 operibus
1871 905 2110 972 aestimandum
2142 906 2186 970 sit

187 990 235 1054 vit
257 1011 277 1052 a
298 995 390 1070 patre
411 995 444 1051 et
466 986 592 1064 didicit,
620 987 711 1051 venit
731 985 773 1050 ad
793 1006 854 1048 mc.
899 983 974 1047 Non
995 981 1082 1064 quod
1101 1004 1158 1063 pa·
1211 982 1350 1063 qualiter
1370 984 1506 1051 affectus
1528 981 1670 1074 sit‘erga
1686 990 1751 1057 'nos
1775 993 1951 1070 Dominus,
1974 991 2008 1056 id
2029 1014 2071 1055 ne
2093 991 2185 1055 tenui

185 1081 271 1139 trem
292 1073 412 1147 viderit
438 1073 622 1155 quisquam,
653 1072 717 1136 nisi
739 1073 766 1136 is
789 1071 844 1152 qui
866 1077 916 1134 est
936 1069 1008 1133 Deo
1029 1068 1156 1132 missus.
1212 1066 1343 1149 quidem
1376 1071 1561 1137 coniectura
1597 1095 1691 1156 posse
1721 1099 1782 1142 nos
1815 1080 1943 1161 assequi
1974 1077 2093 1156 fatcor;
2126 1076 2183 1141 sed

186 1158 469 1241 Quemadmodum
497 1179 589 1240 ergo,
617 1158 681 1222 nisi
706 1157 822 1239 spiritu
842 1156 907 1219 Dei
934 1155 1045 1231 tracti,
1068 1174 1159 1218 acec-
1211 1173 1311 1234 quum
1345 1155 1483 1237 simplici
1510 1165 1544 1222 et
1569 1164 1731 1242 gratrntae
1757 1164 1962 1246 promissioni
1988 1162 2185 1245 respondere

187 1246 263 1310 dere
285 1244 327 1309 ad
344 1243 515 1309 Christum
532 1264 736 1326 nequaquam
752 1261 933 1324 possumus,
956 1241 1002 1304 ita
1018 1239 1074 1303 ubi
1092 1245 1158 1302 tra
1210 1237 1292 1303 fides
1323 1238 1454 1320 debeat,
1492 1244 1604 1325 nullus
1644 1249 1829 1331 ambigendi
1857 1250 1947 1314 locus
1980 1248 2182 1330 relinquitur.

186 1331 310 1406 himur,
343 1337 453 1393 mente
481 1338 514 1393 ct
546 1331 654 1393 animo
681 1327 852 1393 evehimur
885 1347 984 1409 supra
1013 1332 1159 1389 nostram
1210 1323 1298 1388 Nam
1318 1326 1415 1406 quali,
1438 1328 1578 1410 obsecro,
1599 1332 1719 1399 fiducia
1741 1335 1949 1412 armabimur,
1973 1335 2000 1399 si
2022 1334 2085 1398 hac
2106 1355 2184 1398 con·

185 1418 329 1499 ipsorum
351 1415 608 1498 intelligentiam.
638 1414 725 1478 Nam
747 1414 787 1477 ab
810 1434 847 1477 eo
867 1411 1031 1476 illustrata
1048 1411 1158 1475 anima
1211 1408 1331 1473 ditione
1371 1413 1601 1480 ratiocinemur
1628 1419 1738 1484 Deum
1771 1441 1840 1485 esso
1872 1421 1965 1485 nobis
1997 1420 2183 1502 propitium,

185 1523 304 1567 novam
332 1503 425 1583 quasi
457 1502 560 1566 aciem
587 1501 702 1577 sumit,
731 1520 796 1581 qua
822 1498 974 1563 coelestia
1000 1496 1158 1580 mysteria
1210 1494 1305 1559 modo
1327 1497 1373 1560 ita
1394 1498 1480 1563 vitae
1501 1503 1643 1583 puritate
1673 1505 1939 1586 promereamur?
1959 1504 1983 1590 ¹)
2013 1503 2080 1569 Sed
2104 1525 2184 1586 quo·

188 1587 431 1669 contempletur,
450 1606 587 1668 quorum
605 1585 775 1667 splendore
793 1591 869 1649 anto
890 1584 925 1647 in
942 1604 977 1648 se
993 1583 1066 1664 ipsa
1083 1602 1157 1663 per-
1210 1581 1299 1644 niam
1321 1582 1374 1647 his
1395 1586 1575 1652 tractandis
1596 1610 1692 1653 suum
1714 1585 1822 1656 locum
1843 1590 2087 1666 destinavimus,
2111 1590 2183 1653 lon·

187 1673 415 1756 stringebatur.
466 1672 575 1754 Atque
603 1672 649 1735 ita
669 1670 800 1753 quidem
828 1670 961 1751 spiritus
981 1668 1085 1733 sancti
1106 1667 1157 1731 lu·
1210 1667 1283 1748 gius
1305 1688 1372 1731 non
1397 1690 1629 1753 prosequemur
1655 1676 1690 1739 in
1712 1696 1883 1758 praesens;
1913 1698 2014 1759 quum
2035 1696 2184 1758 praescr·

186 1761 274 1824 mine
302 1758 476 1822 irradiatus
505 1757 646 1821 hominis
673 1756 857 1821 intellectus
888 1762 959 1818 tum
990 1774 1068 1818 vero
1101 1752 1157 1817 dc-
1209 1752 1269 1815 tim
1295 1753 1424 1819 abunde
1451 1755 1586 1838 liqueat,
1620 1760 1697 1824 fidei
1714 1761 1806 1825 >nihil
1835 1783 1905 1827 esso
1933 1763 2038 1845 magis
2067 1760 2183 1825 advor-

187 1866 277 1909 mum
300 1865 442 1926 eaquae
464 1842 507 1906 ad
527 1864 666 1926 regnum
683 1842 747 1906 Dei
767 1842 932 1924 pertinent
951 1845 1084 1923 gustare
1105 1840 1157 1902 in-
1209 1858 1291 1913 sum,
1314 1858 1413 1920 quam
1433 1841 1487 1906 vel
1509 1845 1737 1925 coniecturam,
1759 1847 1813 1912 vel
1834 1847 1923 1912 aliud
1939 1847 2105 1930 quidpiam
2123 1845 2183 1910 du·

187 1932 279 2013 cipit,
307 1936 404 1993 antea
423 1950 556 2011 prorsus
578 1928 621 1992 ad
641 1950 680 1992 ea
701 1927 874 1993 delibanda
894 1926 1003 1990 fatuus
1024 1931 1057 1988 et
1077 1925 1156 1988 insi·
1208 1922 1357 2021 bitationi
1384 1925 1489 1991 affine.
1534 1931 1584 1995 Ac
1605 1933 1745 2012 pessime
1767 1933 1832 1997 huo
1854 1933 2047 2014 detorquent
2067 1931 2182 1996 Eccle·
2246 1960 2254 1970 ·

186 2017 290 2100 pidus.
325 2013 545 2094 Quamobrem
556 2013 708 2079 Ohristus
725 2014 819 2096 regni
835 2013 885 2076 sui
903 2011 1060 2095 mysteria
1077 2009 1157 2074 duo·
1209 2016 1327 2096 erasmo
1354 2012 1575 2078 testimonium
1597 2015 1715 2101 (9,1),
1744 2017 1829 2101 quod
1861 2017 2039 2083 identidem
2063 2019 2099 2081 in
2126 2037 2182 2082 ore

187 2103 247 2168 bus
280 2100 446 2183 discipulis
489 2100 655 2182 praeclare
687 2098 882 2176 edisserens,
927 2097 1010 2177 nihil
1047 2103 1158 2160 tamen
1209 2092 1343 2159 habent:
1366 2117 1463 2161 nemo
1486 2101 1548 2164 scit
1567 2111 1678 2165 utrum
1700 2103 1772 2167 odio
1790 2103 1909 2187 dignus
1927 2105 1978 2181 sit,
2000 2125 2043 2167 an
2062 2124 2180 2167 amore.

188 2185 328 2270 proficit,
363 2185 465 2250 donec
497 2206 628 2250 sonsum
655 2184 720 2249 illis
752 2184 870 2266 aperit,
904 2188 941 2247 ut
972 2181 1159 2264 intelligant
1208 2178 1295 2243 Nam
1322 2187 1360 2244 ut
1386 2192 1589 2264 praeteream
1616 2187 1705 2253 huno
1732 2189 1840 2253 locum
1859 2187 1901 2272 lin
1922 2189 2053 2272 vulgari
2079 2190 2182 2252 inter·

189 2275 366 2356 scripturas
380 2272 478 2336 (Luc.
494 2274 544 2349 24,
557 2275 607 2335 27.
620 2269 686 2353 45).
737 2268 794 2335 Sic
815 2267 936 2334 edoctis
958 2267 1068 2333 divino
1089 2268 1159 2332 eius
1209 2266 1390 2346 pretatione
1411 2269 1564 2335 mendose
1586 2272 1758 2350 redditum,
1781 2274 1882 2338 latere
1899 2282 2010 2338 tamen
2031 2274 2083 2338 vel
2100 2294 2181 2355 pue-

190 2381 246 2424 ore
267 2357 418 2441 apostolis
446 2358 578 2439 spiritus
599 2363 710 2420 tamen
731 2354 879 2421 veritatis
899 2353 1076 2418 mittendus
1098 2361 1156 2432 est,
1209 2371 1263 2414 ros
1284 2352 1371 2433 ipsos
1391 2374 1459 2417 non
1480 2362 1594 2437 potest,
1616 2358 1694 2439 quid
1716 2359 1872 2424 eiusmodi
1894 2360 2002 2424 verbis
2024 2361 2084 2425 sibi
2102 2358 2183 2423 velit

190 2446 245 2527 qui
277 2445 421 2526 ipsorum
449 2443 612 2507 mentibus
640 2439 778 2505 eandem
804 2439 941 2504 instillet
967 2438 1156 2516 doctrinam,
1210 2433 1350 2501 Solomo.
1401 2438 1541 2523 Nempe,
1571 2443 1599 2507 si
1626 2445 1697 2525 quis
1726 2465 1746 2509 a
1771 2447 1934 2527 praesenti
1962 2464 2071 2509 rerum
2093 2451 2182 2508 statu

188 2551 286 2613 quam
308 2529 440 2593 auribus
459 2534 698 2610 usurpaverant
719 2527 822 2610 (Ioan.
845 2529 892 2604 16,
915 2523 977 2672 13).
1009 2523 1159 2589 Verbum
1210 2542 1341 2586 censere
1373 2524 1452 2589 velit
1487 2547 1566 2608 quos
1603 2527 1675 2593 odio
1713 2537 1927 2612 prosequatur
1958 2531 2065 2606 Deus,
2100 2550 2180 2611 quos

188 2615 319 2698 quidem
340 2615 403 2678 Dei
424 2615 530 2678 instar
551 2613 627 2678 solis
649 2618 699 2677 est
715 2612 864 2676 omnibus
882 2611 949 2675 affu
963 2610 1069 2693 gentis
1087 2611 1158 2691 qui·
1210 2628 1320 2672 amore
1347 2611 1592 2693 complectatur,
1621 2635 1696 2678 eum
1717 2616 1839 2679 frustra
1859 2615 2007 2679 laborare
2030 2636 2067 2679 ao
2089 2615 2181 2679 nullo

189 2702 249 2765 bus
270 2699 490 2783 praedicatur,
520 2698 577 2764 scd
597 2698 686 2763 nullo
708 2719 782 2763 cum
800 2698 909 2762 fructu
928 2697 1016 2759 inter
1036 2715 1157 2761 caecos.
1210 2712 1326 2790 operae
1348 2697 1452 2776 pretio
1471 2700 1627 2780 torqueri:
1650 2721 1751 2782 quum
1761 2701 1871 2764 omnia
1889 2701 2012 2783 pariter
2027 2702 2182 2764 eveniant

188 2787 257 2851 Nos
279 2795 388 2850 autem
409 2793 528 2850 natura
549 2785 636 2850 caeci
655 2805 768 2849 sumus
784 2804 897 2847 omnes
916 2782 978 2847 hac
998 2781 1034 2844 in
1050 2788 1158 2863 parte3
1209 2785 1295 2842 1usto
1323 2789 1356 2844 et
1383 2782 1496 2864 impio;
1522 2784 1704 2849 immolanti
1732 2785 1882 2850 victimas
1908 2791 1942 2849 et
1969 2806 2035 2850 non
2063 2785 2181 2848 immo-

185 2871 320 2953 proinde
347 2873 381 2935 in
408 2879 552 2937 mentem
572 2877 744 2953 penetrare
765 2869 890 2950 nequit,
919 2868 984 2932 nisi
1004 2867 1158 2931 interiore
1209 2862 1300 2927 lenti.
1344 2865 1441 2932 Unde
1469 2871 1628 2951 sequitur,
1662 2871 1771 2936 Deum
1799 2891 1866 2935 non
1887 2872 2001 2936 testari
2028 2876 2184 2952 perpetuo

184 2958 241 3021 illo
263 2958 419 3040 magistro
441 2958 571 3038 spiritu,
593 2978 652 3038 per
671 2977 765 3021 suam
786 2953 1066 3031 illuminationem,
1090 2951 1159 3016 adi·
1210 2969 1355 3016 amorem
1376 2974 1481 3032 suum,
1502 2955 1618 3036 quibus
1640 2957 1749 3021 omnia
1767 2956 1939 3022 succedere
1960 2977 2114 3038 prospere
2135 2956 2184 3020 fa·

185 3051 258 3106 tum
277 3043 422 3107 faciente.
1211 3037 1268 3113 cit;
1291 3057 1396 3119 neque
1418 3038 1528 3113 odium
1550 3061 1646 3105 suum
1666 3043 1702 3105 in
1720 3063 1775 3106 eos
1792 3041 2185 3125 conparandaque

275 3132 323 3191 27.
369 3128 485 3191 Restat
507 3127 622 3193 deinde
644 3135 682 3192 ut
702 3127 787 3209 quod
808 3146 902 3190 mens
919 3124 1031 3189 hausit
1050 3125 1084 3187 in
1104 3144 1160 3188 cor
1212 3122 1336 3205 affligit
1387 3123 1489 3206 quue
1516 3125 1594 3190 facit
1624 3126 1666 3191 ad
1694 3128 1873 3192 vanitatem
1900 3128 2037 3192 humani
2061 3128 2185 3211 ingenii

186 3216 294 3296 ipsum
316 3213 570 3278 transfundatur.
608 3213 723 3296 Neque
745 3213 835 3277 enim
855 3212 884 3276 si
903 3212 938 3274 in
958 3231 1085 3275 summo
1107 3230 1160 3274 ce·
1212 3207 1427 3291 arguendam
1454 3230 1555 3291 quum
1583 3211 1619 3275 in
1648 3213 1745 3278 rebus
1768 3215 1851 3278 scitu
1873 3214 2015 3277 maxime
2037 3235 2186 3279 neccssa-

187 3300 282 3364 rebro
310 3297 475 3362 volutatur
504 3300 568 3364 Dei
593 3300 745 3376 verbum,
781 3297 846 3362 fide
879 3302 1067 3380 perceptum
1095 3301 1159 3374 est;
1212 3294 1268 3358 riis
1290 3301 1383 3358 tanta
1401 3295 1598 3361 hebetudine
1615 3303 1773 3362 teneatur.
1802 3297 2087 3378 Quemadmodum
2104 3320 2185 3380 pau·

188 3384 245 3449 sed
272 3384 328 3447 ubi
348 3384 383 3446 in
410 3384 476 3447 imo
498 3385 593 3449 corde
615 3384 749 3450 radices
762 3385 843 3468 egit,
872 3389 910 3446 ut
931 3381 973 3447 ad
995 3381 1160 3446 sustinen·
1210 3378 1242 3443 lo
1272 3386 1347 3444 ante
1369 3379 1508 3464 (ibide,
1530 3381 1585 3468 19)
1612 3383 1800 3466 scripserat,
1829 3405 1894 3448 non
1921 3404 2015 3466 posse
2044 3383 2202 3448 discerni.

188 3469 246 3534 das
268 3468 533 3552 repellendasque
555 3491 667 3535 omnes
689 3472 904 3535 tentationum
923 3468 1092 3534 machinas
1108 3467 1159 3540 in-,
1211 3463 1289 3546 quid
1311 3464 1452 3531 hominis
1473 3469 1583 3533 anima
1605 3468 1734 3533 differat
1755 3471 1795 3534 ab
1814 3471 1924 3534 anima
1940 3468 2081 3552 pecudis,
2100 3467 2187 3550 quod

188 3556 311 3620 victum
332 3555 375 3618 sit
399 3556 685 3638 propugnaculum.
731 3554 826 3635 Quod
853 3556 882 3619 si
906 3574 1020 3619 veram
1040 3553 1160 3618 mentis
1211 3549 1325 3614 eodem
1351 3550 1447 3616 modo
1468 3553 1598 3619 videtur
1625 3555 1768 3618 interire.
1814 3553 1851 3618 Si
1874 3556 1946 3637 quis
1967 3552 2044 3617 inde
2064 3554 2186 3619 inferre

188 3641 438 3723 intelligentiam
469 3641 538 3705 cius
568 3641 838 3705 illuminationem
865 3661 935 3704 esse
956 3660 1072 3705 verum
1099 3644 1158 3717 est,
1212 3635 1304 3714 velit,
1335 3636 1403 3701 sola
1424 3639 1609 3704 coniectura
1634 3641 1696 3703 niti
1722 3639 1882 3722 quamde
1911 3641 2095 3704 animorum
2123 3640 2185 3704 im-

188 3726 223 3790 in
249 3725 308 3789 tali
335 3725 440 3791 cordis
474 3727 718 3790 confirmatione
749 3726 852 3791 multo
880 3725 1063 3791 evidentius
1089 3725 1159 3789 eius
1210 3721 1408 3787 mortalitate
1429 3726 1625 3789 seutentiam
1646 3732 1803 3803 tenemus,
1827 3745 1937 3789 annon
1958 3727 2095 3789 insanus
2116 3746 2185 3791 me·

188 3812 292 3875 virtus
315 3818 462 3894 apparet;
490 3831 553 3892 quo
575 3810 696 3875 seilicet
717 3820 750 3876 et
775 3813 879 3877 maior
900 3821 949 3876 est
970 3810 1076 3876 cordis
1097 3809 1160 3874 dif-
1211 3807 1273 3870 rito
1295 3807 1475 3873 habeatur?
1509 3811 1565 3874 An
1586 3811 1686 3893 igitur
1708 3810 1780 3875 sani
1803 3818 1879 3874 sunt
1900 3812 1963 3888 isti,
1987 3811 2042 3891 qui
2059 3810 2186 3876 nullam

188 3896 322 3961 fidentia
343 3918 441 3978 quam
463 3897 582 3961 mentis
604 3897 750 3975 caecitas,
773 3905 806 3962 et
823 3899 969 3961 animum
986 3894 1160 3961 securitate
1212 3914 1281 3958 esse
1314 3894 1439 3976 gratiae
1466 3895 1531 3959 Dei
1563 3895 1792 3960 certitudinem
1826 3895 1998 3980 colligum,
2033 3898 2186 3978 quoniam

188 3983 322 4057 instrui,
351 4003 450 4064 quam
475 3990 618 4047 mentem
642 3984 833 4067 cogitatione
854 3983 971 4060 imbui,
996 3981 1160 4048 difficilius
1212 3978 1303 4043 nulla
1329 3999 1371 4043 ex
1398 3981 1522 4045 carnali
1548 4002 1660 4046 rerum
1685 3983 1907 4064 praesentium
1937 3990 2069 4066 aspectu
2098 4003 2185 4048 com·

189 4077 246 4133 est.
291 4067 433 4131 Proinde
462 4069 594 4150 spiritns
621 4068 720 4152 sigilli
749 4069 819 4134 vice
847 4068 1010 4151 fungitur,
1039 4066 1082 4132 ad
1103 4087 1159 4132 eas
1210 4063 1370 4146 prehendi
1390 4065 1511 4148 possit?

188 4155 275 4236 ipsas
296 4155 524 4236 promissiones
551 4155 588 4219 in
615 4154 764 4220 cordibus
789 4154 910 4219 nostris
931 4152 1158 4237 obsignandas,
1298 4154 1348 4214 29.
1392 4152 1495 4233 Atqui
1515 4154 1707 4217 temerariae
1728 4155 2001 4236 praesumptionis
2019 4174 2090 4218 esse
2107 4174 2184 4218 cau·

189 4260 328 4322 quarum
349 4239 578 4304 certitudinem
604 4241 696 4322 prius
719 4240 882 4304 mentibus
903 4239 1081 4320 impressit;
1110 4246 1160 4303 at·
1212 4242 1334 4312 santur,
1357 4236 1575 4303 indubitatam
1595 4239 1773 4304 voluntatis
1796 4239 1926 4305 divinae
1953 4240 2101 4305 notitiam
2123 4237 2185 4302 sibi

188 4347 250 4407 quo
272 4324 314 4389 ad
336 4325 576 4391 confirmandas
594 4334 627 4390 et
648 4325 891 4391 constituendas
913 4324 1031 4389 arrhae
1052 4324 1161 4389 locum
1212 4343 1374 4405 arrogare.
1429 4322 1469 4387 Id
1501 4323 1631 4406 quidem
1660 4324 1725 4389 illis
1753 4324 1979 4403 concederem,
2008 4326 2034 4389 si
2057 4329 2186 4386 tantum
2296 4404 2298 4410 Ι

187 4418 287 4475 tenet.
330 4412 509 4494 Postquam
530 4411 726 4488 credidistis,
746 4411 853 4492 inquit
874 4410 1037 4493 apostolus
1058 4408 1159 4494 (aph.
1212 4409 1305 4473 nobis
1331 4430 1547 4489 sumeremus,
1576 4416 1615 4475 ut
1634 4410 1759 4494 ingenii
1787 4412 1890 4475 nostri
1913 4410 2062 4475 tenuitati
2084 4408 2185 4471 subii-

195 4497 313 4580 1,13)‚
342 4496 504 4580 obsignati
532 4498 609 4562 estis
638 4498 754 4579 spiritu
785 4495 1008 4578 promissionis
1038 4503 1159 4573 sancto,
1212 4515 1284 4559 cere
1301 4495 1460 4560 vellemus
1477 4495 1804 4578 incomprehensibile
1820 4497 1885 4560 Dei
1902 4495 2081 4562 consilium.
2117 4490 2185 4557 Sed

190 4582 246 4664 qui
268 4589 318 4647 est
338 4582 479 4648 arrhabo
500 4582 709 4648 haereditetis
729 4589 868 4646 nostrae.
913 4581 1015 4646 Vides
1036 4590 1074 4644 ut
1095 4581 1160 4664 spi·
1212 4581 1268 4645 ubi
1300 4581 1489 4663 simpliciter
1515 4604 1591 4648 cum
1617 4581 1723 4647 Paulo
1754 4582 1891 4647 dicimus
1920 4581 1952 4665 (l
1973 4579 2047 4645 Gor.
2069 4582 2097 4657 2,
2120 4576 2183 4678 12),

190 4669 271 4747 ritu,
299 4668 391 4733 velut
418 4668 537 4751 sigillo,
572 4667 670 4734 corda
690 4668 835 4733 fidelium
861 4666 1002 4748 insculpi
1024 4665 1159 4731 doceat?
1211 4685 1272 4730 nos
1294 4667 1454 4750 accepisse
1475 4689 1543 4732 non
1565 4668 1717 4751 spiritum
1738 4668 1837 4732 huius
1858 4665 1985 4744 mundi,
2010 4664 2067 4729 sed
2089 4665 2185 4746 spin-

190 4754 237 4819 Ut
258 4755 320 4819 hac
342 4754 467 4819 ratione
489 4754 630 4836 appellet
649 4753 869 4836 promissionis
889 4752 1056 4834 spiritum,
1085 4752 1161 4833 quia
1212 4759 1284 4814 tum
1309 4753 1365 4834 qui
1393 4774 1435 4817 ex
1455 4753 1527 4819 Deo
1554 4760 1619 4831 est,
1648 4774 1711 4835 quo
1734 4752 1867 4818 docente
1895 4751 2036 4816 sciamus
2060 4768 2185 4832 quaea

190 4847 299 4904 ratum
321 4838 408 4921 apud
430 4859 489 4903 nos
511 4840 718 4923 evangelium
738 4840 822 4904 facit
856 4836 1016 4904 Similiter
1037 4838 1079 4902 ad
1098 4835 1162 4902 Oo-
1211 4836 1284 4901 Deo
1302 4837 1421 4903 donata
1446 4848 1524 4904 sunt
1544 4840 1654 4917 nobis,
1677 4837 1755 4921 quid
1774 4850 1887 4902 contra
1908 4836 2088 4920 obgannire
2109 4856 2184 4919 pos·

189 4926 329 4990 rinthios
352 4924 385 5007 (2
406 4922 479 4989 Gor.
501 4925 619 5008 1,21):
643 4926 699 5007 qui
720 4926 815 4988 unxit
831 4946 892 4990 nos
909 4924 1010 5001 Deus,
1032 4926 1086 5002 ait,
1105 4923 1162 5005 qui
1213 4929 1302 4997 sunt,
1335 4924 1414 5006 quin
1452 4925 1602 5006 spiritum
1632 4924 1697 4989 Dei
1730 4921 1960 4989 contumeliose
1992 4919 2182 4986 incessant?

191 5019 223 5074 et
244 5011 388 5094 signavit
408 5032 482 5084 nos,
511 5017 544 5074 et
565 5010 654 5075 dedit
681 5010 814 5074 arrham
839 5012 971 5094 spiritus
999 5011 1036 5073 in
1057 5008 1161 5075 cordi·
1213 5005 1310 5086 Quod
1337 5010 1365 5074 si
1393 5010 1434 5073 ab
1459 5010 1529 5092 ipso
1556 5009 1734 5092 profectam
1762 5007 1994 5072 revelationem
2016 5007 2069 5072 vel
2091 5027 2183 5070 men·

190 5096 250 5161 bus
277 5098 405 5161 uostris.
451 5097 496 5160 Et
518 5097 595 5161 alibi
617 5097 708 5180 (ibid.
729 5102 756 5174 5,
777 5096 825 5179 5),
853 5118 953 5178 quum
976 5095 1015 5159 de
1042 5095 1161 5160 fiducia
1866 5108 1871 5124 “

191 5182 387 5265 audaciaque
410 5182 563 5265 sperandi
583 5182 734 5264 loquitur,
757 5183 826 5248 eius
842 5181 1092 5247 fundamentum
1113 5181 1161 5245 fa·
1214 5182 1265 5188 ”“

191 5268 234 5331 cit
255 5269 388 5350 spiritus
409 5268 550 5333 arrham.
1283 5281 1313 5349 1)
1331 5280 1405 5335 ritae
1422 5292 1533 5336 nostrae
1551 5295 1656 5353 paruas
1671 5286 1807 5334 mercatur
1825 5279 1894 5335 1550
1911 5287 1937 5335 et
1953 5295 2021 5350 seqq.

1930 5366 1984 5419 30*
