4770 6030
83 4349 86 4353 q
179 4288 249 4341 timo
266 4287 365 4342 indicio
383 4286 519 4340 reservari
536 4290 687 4353 putaretur.

174 339 238 401 289
834 332 934 399 OAP.
957 333 984 398 I.
1014 333 1094 407 ‚DE
1115 331 1405 400 cucumores
1428 334 1520 400 Dm
2118 341 2183 404 290

173 447 408 518 A83137307.

173 533 229 590 tur
255 547 275 589 a
303 436 424 589 nobis]
458 525 490 588 A
516 525 583 589 suis
605 525 694 588 enim
715 523 890 588 virtutibus
919 522 1148 587 manifestatur
1199 523 1300 587 finem
1321 523 1388 588 sint
1409 545 1429 587 a
1451 524 1544 589 nobis
1564 523 1809 607 intelligendae.
1838 533 1909 592 tum
1931 525 2065 592 demum
2087 549 2177 595 asse·

172 612 352 677 Dominus:
381 631 520 692 quarum
540 611 609 674 vim
630 611 707 691 quia
727 611 886 674 sentimus
907 608 996 673 intra
1017 629 1092 683 nos,
1115 616 1149 672 et
1199 609 1339 691 quimur,
1363 608 1442 675 dum
1462 610 1498 674 iu
1518 631 1578 675 nos
1599 610 1686 692 ipsos
1709 609 1944 689 descendimus,
1968 635 2006 679 ac
2028 613 2177 680 conside·

173 697 339 763 beneficiis
367 696 521 773 fruimur,
551 695 691 760 vividius
718 695 821 759 multo
844 695 905 759 hae
927 694 1149 777 recognitione
1200 715 1311 759 ramus
1338 696 1455 776 quibus
1480 694 1585 761 medis
1612 697 1764 762 suumin
1786 698 1879 763 nobis
1906 699 2017 771 vitam
2047 701 2178 782 sapion-

174 805 234 848 nos
256 782 341 847 affici
364 803 496 847 necesse
513 788 571 859 est,
595 802 693 863 qnam
709 782 738 847 si
755 782 865 845 Deum
881 782 927 843 im
983 800 1146 858 naremur,
1199 780 1289 857 tiam,
1312 781 1469 847 virtutem
1478 781 1641 848 Dominus
1658 789 1798 860 exserat,
1821 802 1916 849 suam
1932 784 2099 861 iustitiam,
2122 787 2181 851 bo·

173 870 266 935 cuins
288 867 399 933 nullus
422 867 463 931 ad
485 888 544 935 nos
566 888 680 932 sensus
702 866 896 949 perveniret
929 801 1028 932 bfflde
1049 865 1147 930 intel·
1199 867 1345 943 nitatem,
1368 867 1576 932 clementiam
1597 889 1677 951 erga
1699 888 1758 933 nos
1780 875 1940 937 exerceat

173 955 315 1039 ligimus,
338 953 426 1020 hane
448 975 519 1018 esse
540 954 755 1018 rectissimam
772 953 837 1017 Dei
854 950 1029 1033 quaerendi
1048 952 1145 1029 uam,
1290 957 1337 1017 16.
1383 953 1485 1035 Atqui
1506 961 1757 1036 quantocunque
1779 953 1927 1020 claritate
1947 962 1981 1020 et
2001 977 2037 1021 sc
2058 963 2093 1021 et
2113 957 2176 1021 im·

174 1051 208 1106 et
235 1040 440 1123 aptissimum
468 1038 632 1103 ordinem:
666 1060 733 1102 non
760 1046 797 1103 nt
824 1037 939 1102 audaci
960 1038 1147 1103 curiositate
1197 1038 1336 1103 mortale
1358 1060 1455 1103 suum
1477 1060 1616 1122 regnum
1638 1040 1800 1105 Dominus
1827 1041 1861 1105 in
1883 1060 2020 1124 operum
2041 1063 2176 1108 suorum

174 1136 346 1210 pcnetrme
369 1133 540 1202 tentemus,
564 1124 605 1188 ad
628 1123 857 1190 excutiendam
874 1124 944 1187 eius
961 1124 1146 1201 osannam,
1199 1125 1471 1208 contemplatione
1500 1134 1735 1207 repraesentet,
1768 1126 1823 1207 qui
1850 1135 1961 1192 tamen
1988 1134 2040 1193 est
2066 1136 2178 1194 noster

174 1234 257 1295 qnae
291 1209 458 1276 adoranda
487 1211 595 1293 potius
627 1220 677 1275 est
703 1231 801 1292 quam
833 1209 1054 1291 scrupulosius
1081 1207 1147 1274 dis·
1199 1220 1327 1294 stupor,
1351 1211 1393 1276 ed
1415 1218 1484 1276 tam
1505 1212 1693 1293 perspicuas
1714 1213 1958 1279 testificationes
1979 1215 2066 1280 caeci
2089 1234 2175 1279 som-

175 1297 348 1381 quirenda;
380 1296 437 1362 sed
459 1305 496 1361 ut
516 1296 610 1360 illum
632 1297 667 1360 in
688 1297 755 1361 suis
777 1294 927 1377 operibus
949 1294 1147 1378 contemplo·
1198 1318 1258 1379 per
1283 1297 1495 1363 hebescimus.
1540 1295 1627 1363 Nam
1646 1305 1807 1380 qnantum
1833 1296 1875 1363 ad
1903 1298 2017 1363 muudi
2046 1321 2177 1382 ‹reurpo-

174 1407 265 1461 mnr,
298 1384 415 1467 quibus
448 1405 483 1448 se
515 1383 733 1464 propinquum
764 1381 858 1446 nobis
890 1380 1148 1463 familiaremque
1200 1383 1351 1448 sitionem
1384 1384 1514 1460 attinet,
1548 1384 1802 1466 quotusquisque
1829 1394 1880 1449 est
1913 1394 2076 1460 nostrum,
2110 1386 2176 1468 qui,

176 1469 291 1548 reddit,
314 1492 352 1535 ac
373 1467 609 1552 quodammodo
631 1467 856 1533 communicat
903 1465 977 1548 Quo
996 1467 1148 1549 respicie-
1200 1467 1280 1533 dum
1300 1469 1409 1535 oeulos
1431 1469 1484 1534 vol
1511 1470 1546 1533 in
1568 1468 1695 1534 eoelum
1717 1468 1849 1546 attollit,
1873 1469 1925 1536 vel
1948 1491 2007 1553 per
2027 1472 2177 1553 regiones

175 1557 232 1622 bat
252 1554 416 1638 apostolus
437 1576 539 1636 quum
560 1553 683 1619 diceret
699 1553 788 1638 (Act.
811 1557 859 1631 17,
879 1552 945 1635 27),
968 1573 1034 1617 non
1051 1552 1148 1636 longe
1199 1556 1426 1620 terraevarias
1444 1555 1638 1631 cnonmfert,
1660 1566 1804 1620 mentem
1822 1554 1864 1620 ad
1882 1558 2037 1622 creatoris
2054 1578 2179 1622 momo-

175 1640 425 1726 quaeritandnm
454 1662 539 1718 esse,
566 1640 685 1722 quippe
713 1640 767 1721 qui
795 1640 1061 1720 praesentissima
1088 1660 1149 1704 sua
1200 1642 1285 1705 riam
1306 1642 1442 1717 referat,
1474 1662 1512 1707 reo
1533 1661 1600 1707 non
1626 1663 1660 1705 m
1704 1641 1746 1719 is,
1774 1643 1950 1723 praeterito
1978 1652 2107 1721 autore,
2142 1644 2179 1708 in

175 1729 297 1792 virtute
319 1727 501 1792 habitatin
522 1746 713 1808 unoquoque
730 1733 887 1790 nostrum.
917 1724 1061 1790 Proinde
1078 1726 1148 1789 Da·
1199 1747 1336 1809 operum
1369 1734 1502 1809 aspectu
1534 1662 1704 1792 desiderii
1754 1725 1925 1808 Quantum
1953 1749 2032 1793 vero
2060 1731 2180 1794 attinet

176 1812 245 1891 vid,
276 1812 529 1878 inenarrabilem
562 1813 632 1876 eius
667 1810 927 1894 magnitudinem
961 1819 1038 1875 ante
1070 1831 1147 1875 con·
1201 1812 1243 1876 ad
1265 1833 1403 1895 eaquae
1425 1820 1555 1895 praeter
1573 1813 1733 1880 naturalis
1755 1812 1911 1879 discursus
1931 1813 2078 1880 ordinem
2100 1835 2181 1898 quo-

175 1901 294 1975 fessus,
320 1905 492 1981 postquam
514 1897 555 1962 ad
576 1919 711 1980 operum
732 1897 1071 1962 commemorationem
1093 1895 1149 1960 de-
1200 1896 1279 1963 tidie
1312 1899 1481 1974 eveniunt,
1515 1901 1768 1982 quotusquisque
1800 1920 1866 1964 non
1899 1900 2005 1984 magis
2037 1922 2072 1966 re
2097 1910 2177 1978 uuit,

175 1985 310 2063 scendit,
333 2006 407 2048 eam
427 1986 533 2066 ipsam
554 2005 588 2048 se
608 1990 839 2049 enarraturum
858 1983 1029 2064 profitetur
1045 1981 1148 2067 (Psal.
1201 2005 1297 2049 caeca
1328 1984 1436 2066 potins
1467 1985 1616 2051 fortunae
1644 1987 1827 2050 temeritate
1854 1986 1953 2050 reterri
1981 1996 2015 2050 ot
2035 1922 2178 2052 volutari

179 2072 264 2156 145).
300 2069 412 2152 Quare
434 2079 468 2134 et
489 2092 549 2135 nes
566 2071 602 2134 in
623 2090 696 2133 eam
713 2069 777 2132 Dei
796 2069 1079 2151 investigationem
1098 2069 1149 2132 in·
1201 2070 1364 2155 homines,
1392 2091 1491 2152 qnam
1513 2071 1577 2135 Dei
1605 2071 1809 2153 providentia
1836 2072 2034 2153 gubernari?
2081 2071 2179 2155 Quod

175 2157 382 2235 cumbamus,
409 2177 492 2239 quae
520 2157 566 2222 sic
593 2175 788 2236 suspensum
815 2153 1028 2218 admiratione
1056 2155 1148 2237 inge-
1201 2157 1230 2220 si
1261 2155 1390 2239 quando
1416 2156 1554 2220 istarum
1587 2177 1697 2220 rerum
1723 2157 1822 2222 ductu
1851 2179 1889 2223 uc
1917 2156 2109 2236 directione,
2139 2156 2182 2223 ad

175 2244 268 2308 nium
289 2250 409 2317 teneat,
431 2249 468 2305 ut
488 2241 612 2306 efficaci
633 2261 731 2306 sensu
753 2241 882 2322 penitus
904 2239 1000 2304 simul
1019 2240 1147 2306 afficiat
1202 2243 1267 2306 Dei
1295 2241 1586 2307 considerationem
1616 2241 1780 2325 adigimur
1807 2243 1909 2324 (quod
1931 2245 2081 2311 omnibus
2104 2264 2179 2310 evo-

176 2328 485 2410 thaemudmcdam
497 2328 578 2392 docet
588 2326 702 2391 numi
715 2325 914 2408 August-iaus
928 2325 979 2407 (in
989 2326 1045 2391 Ps.
1060 2324 1146 2410 144),
1202 2329 1274 2392 nire
1296 2325 1515 2394 necessarium
1537 2326 1601 2411 est)
1624 2327 1679 2392 ubi
1700 2336 1824 2392 temero
1843 2327 2025 2395 divinitatis
2043 2331 2182 2397 alicuius

174 2416 251 2497 quio
268 2414 359 2479 Mam
378 2434 440 2479 eoa
451 2432 620 2494 possamus
636 2432 751 2493 cepere,
774 2411 853 2476 uelut
870 2410 927 2474 sub
944 2412 1012 2475 cius
1029 2412 1149 2495 mogui-
1202 2434 1336 2479 sensum
1357 2413 1573 2496 concepimus,
1597 2413 1760 2496 extemplo
1783 2413 1824 2479 ad
1847 2415 1956 2479 earnis
1974 2423 2105 2481 nostrae
2124 2415 2180 2481 do-

174 2501 281 2565 tadum
301 2500 485 2582 &ficiem
513 2499 556 2564 od
576 2517 669 2580 opere
694 2498 912 2579 respiciemus,
939 2501 975 2560 ut
995 2498 1063 2561 cius
1082 2497 1155 2578 rufi«
1201 2499 1276 2564 liria
1297 2498 1488 2577 delabimur,
1511 2519 1549 2564 ao
1570 2519 1688 2581 puram
1704 2499 1771 2564 Dei
1791 2500 1965 2565 veritatem
1982 2510 2094 2567 nestra
2111 2523 2183 2567 cor-

173 2588 297 2652 ea'omur
317 2586 454 2651 sacca
1203 2586 1386 2667 rumpimus
1408 2585 1562 2651 vanitate.
1606 2585 1647 2649 In
1670 2605 1707 2649 eo
1751 2584 1861 2650 uidem
1882 2584 2071 2664 dissimiles,
2095 2586 2182 2671 quod

188 2747 192 2754 ι
265 2676 313 2736 15.
357 2673 462 2737 Porro
489 2670 646 2736 eiusmodi
674 2670 790 2734 notitia
817 2689 883 2733 non
904 2667 1064 2733 modoad
1085 2669 1149 2734 Dei
1202 2671 1337 2754 quisque
1366 2671 1427 2736 sibi
1455 2671 1609 2753 privatim
1636 2606 1758 2754 aliquid
1784 2670 1957 2753 peculiaris
1979 2674 2099 2738 erroris
2124 2694 2179 2738 ao·

174 2759 302 2825 cultum
321 2759 465 2824 excitare
488 2778 547 2822 nos
570 2755 675 2834 debet,
697 2754 755 2821 sed
777 2754 820 2819 ad
841 2775 933 2837 spem
955 2775 1081 2837 quoque
1099 2756 1150 2819 fu·
1203 2758 1313 2836 cersit;
1336 2758 1371 2822 in
1389 2758 1450 2822 boc
1468 2765 1579 2822 tamen
1597 2756 1762 2832 simillimi,
1782 2756 1868 2838 qued
1886 2756 1928 2821 od
1947 2778 2049 2822 unum
2066 2779 2180 2823 omues

173 2853 270 2910 turae
291 2845 379 2909 vitae
401 2844 666 2926 expergefacere,
693 2849 726 2905 et
747 2842 881 2924 erigere.
927 2839 1039 2922 Quum
1061 2842 1150 2905 enim
1203 2844 1244 2908 ab
1270 2864 1336 2915 uno
1358 2863 1436 2908 vero
1458 2844 1530 2907 Dee
1563 2842 1605 2907 ad
1631 2842 1816 2926 prodigiosa
1842 2865 1888 2907 nu
1912 2850 2042 2908 eruenta
2069 2842 2181 2909 ‹leiloi-

176 2928 490 3006 animadvertamus,
527 2949 610 3011 quae
642 2928 804 2992 Dominus
844 2934 915 2991 tum
947 2926 1148 3005 clementiae,
1203 2949 1285 2993 mus.
1331 2927 1406 3010 Quo
1437 2929 1550 2994 morbo
1582 2949 1649 2993 non
1676 2927 1802 3011 plebeia
1828 2865 1924 2994 modo
1954 2939 1988 2994 ot
2014 2929 2182 2995 obtusiora

175 3025 250 3081 tum
278 3016 460 3081 severitatis
484 3036 562 3079 suae
589 3013 767 3096 specimina
788 3011 870 3090 edit,
892 3012 1046 3078 inchoata
1068 3011 1151 3077 dun-
1203 3015 1345 3099 ingenia,
1369 3014 1426 3080 sod
1448 3014 1715 3096 praeclarissima,
1739 3023 1772 3079 et
1789 3015 1948 3099 singulari
1967 3015 2086 3099 alioqui
2104 3036 2183 3081 acu·

174 3109 271 3167 taxat
291 3110 324 3166 et
345 3101 525 3183 semiplena
545 3121 632 3165 esse:
662 3098 752 3163 haud
778 3097 875 3163 dubie
897 3098 939 3163 ad
960 3099 1085 3163 maiora
1106 3099 1152 3164 sic
1204 3100 1292 3165 mine
1313 3100 1469 3183 praedita,
1493 3099 1710 3182 implicantur.
1756 3099 1866 3186 Quam
1888 3101 2013 3184 prolixe
2031 3123 2126 3167 suam
2146 3101 2184 3167 in

174 3189 285 3271 ipsum
295 3186 487 3269 praeludere
497 3194 685 3268 reputemus
701 3191 836 3267 oportet,
851 3184 876 3270 ¹)
893 3205 1031 3266 quorum
1048 3185 1154 3250 mani·
1204 3186 1267 3251 hac
1289 3192 1382 3268 parte
1403 3185 1615 3251 stoliditatem
1637 3207 1675 3251 ac
1702 3186 1921 3252 insulsitatem
1948 3187 2091 3270 prodidit
2113 3195 2183 3253 tota

174 3274 305 3339 festatio
321 3274 482 3355 plenaque
499 3271 656 3336 exhibitio
673 3272 708 3335 in
726 3270 824 3334 aliam
836 3271 939 3335 vitam
951 3269 1153 3355 differtnr;²)
1204 3272 1473 3355 philosophorum
1494 3270 1604 3336 natio?
1649 3271 1751 3351 Nam,
1779 3280 1817 3337 ut
1838 3273 1911 3338 eliis
1932 3294 2106 3356 parcamus
2128 3273 2184 3356 qui

176 3380 388 3436 econverso,
411 3360 481 3441 pios
503 3359 544 3422 ab
564 3357 672 3439 impiis
693 3377 793 3439 quum
815 3355 984 3422 videamus
1006 3357 1153 3422 afflictio·
1205 3358 1307 3423 multo
1330 3356 1502 3424 absurdius
1529 3357 1708 3440 ineptiunt,
1737 3358 1834 3424 Plato
1861 3360 1947 3424 inter
1968 3380 2082 3424 omnes
2106 3357 2183 3423 reli·

176 3445 273 3510 nibus
302 3446 447 3528 gravari,
480 3444 608 3508 iniuriis
638 3443 780 3521 concuti,
809 3441 982 3517 calumniis
1003 3443 1151 3525 opprimi,
1204 3444 1407 3527 giosiseimus
1428 3450 1463 3508 et
1483 3443 1627 3508 mammo
1648 3444 1784 3523 sobrius,
1806 3445 1876 3527 ipse
1898 3465 2025 3528 quoquo
2046 3464 2184 3511 evanes-

176 3531 381 3597 contumeliis
403 3530 593 3612 probrisque
613 3528 766 3607 lacerari3
789 3527 941 3593 scelestes
959 3536 1072 3593 eontra
1094 3529 1152 3593 flo-
1204 3531 1257 3595 cit.
1303 3528 1442 3611 Quaerit
1473 3531 1561 3595 enim
1589 3550 1781 3613 corporeum
1812 3530 1924 3595 Deum
1951 3529 2037 3613 quod
2070 3529 2184 3597 divina

178 3639 260 3696 rere,
283 3616 478 3699 prosperari,
499 3617 642 3698 quietem
662 3635 736 3680 cum
754 3613 913 3698 dignitate
930 3614 1085 3691 obtinere,
1103 3613 1152 3678 id·
1204 3616 1374 3681 maiestate
1395 3616 1630 3682 alienissimum
1651 3616 1979 3700 indignissimumque
1997 3623 2055 3681 est.
2076 3616 2100 3700 ¹)
2137 3616 2184 3682 st

178 3725 241 3786 que
262 3703 409 3785 impune:
436 3703 585 3784 protinus
607 3698 826 3785 colligendum
847 3709 905 3779 est,
928 3699 1066 3765 alteram
1084 3701 1153 3765 fore
1204 3701 1283 3784 qnid
1306 3701 1378 3767 aliis
1400 3723 1468 3766 non
1489 3701 1644 3780 eveniret,
1667 3722 1768 3784 quum
1788 3703 1836 3767 ita
1851 3702 2021 3784 primores,
2045 3721 2186 3784 qnorum

178 3790 297 3866 vitam,
320 3790 355 3852 in
377 3809 442 3870 qua
463 3795 496 3852 et
516 3808 577 3852 sua
597 3787 759 3869 iniquitati
779 3785 939 3864 vindicta,
967 3793 1001 3850 et
1027 3807 1153 3852 merces
1206 3796 1277 3853 erat
1294 3786 1429 3871 reliquis
1446 3786 1644 3869 praelucere,
1663 3787 1906 3853 hallucinantur
1923 3795 1957 3852 ot
1974 3786 2183 3888 impingant?

178 3875 322 3940 iustitiae
349 3875 491 3957 reposita
516 3874 567 3938 sit.
611 3871 666 3937 Ad
688 3872 784 3951 haee,
814 3892 915 3953 quum
934 3871 1153 3951 observemus,
1206 3872 1367 3939 Similiter
1392 3874 1449 3939 ubi
1475 3894 1587 3938 rerum
1613 3872 1834 3938 humanarum
1861 3874 2053 3958 gubernatio
2075 3875 2187 3957 provi·

179 3961 314 4026 Domini
346 3960 459 4025 ferulis
487 3959 617 4041 saepius
642 3956 755 4023 fideles
775 3958 945 4040 castigari,
974 3967 1061 4024 certo
1083 3979 1154 4023 cor·
1207 3958 1352 4024 dentiam
1369 3959 1573 4024 manifestius
1591 3959 1709 4042 arguit,
1731 3980 1830 4041 quam
1848 3968 1885 4024 nt
1903 3960 2058 4044 abnegari
2077 3968 2184 4043 queat,

179 4048 246 4112 tius
267 4047 464 4112 constituere
485 4046 576 4123 licet,
605 4043 709 4108 multe
736 4045 844 4108 minus
865 4044 982 4125 impios
1004 4045 1073 4109 eius
1095 4045 1154 4109 fla·
1207 4044 1309 4110 nihilo
1336 4051 1446 4110 tamen
1469 4043 1545 4110 indo
1567 4044 1640 4194 plus
1663 4045 1844 4127 proficitur,
1873 4067 1972 4128 quam
1995 4047 2022 4110 si
2044 4057 2185 4112 temero·

180 4133 268 4215 gella
288 4133 366 4198 olim
388 4153 552 4199 evasuros.
594 4147 697 4199 Scitum
721 4147 793 4200 enim
816 4151 858 4198 est
880 4146 946 4199 illud
965 4147 1118 4215 nmmum,
1127 4144 1153 4212 ⁸)
1208 4132 1258 4196 ria
1283 4132 1433 4196 fortunae
1454 4131 1571 4199 ,volubi
1585 4131 1664 4194 itate
1677 4131 1706 4217 ²)
1735 4130 1947 4197 crederentur
1975 4133 2086 4196 omnia
2112 4151 2184 4196 sur·

179 4219 204 4270 si
222 4235 292 4272 nune
310 4235 389 4272 omne
406 4224 547 4287 peceatum
569 4216 711 4268 manifesta
723 4217 894 4336 Riecteretnr
911 4232 1011 4284 poena,
1031 4217 1099 4269 nihil
1116 4218 1155 4270 ul·
1209 4239 1282 4282 sum
1304 4217 1456 4282 deorsum
1477 4216 1615 4283 versari:
1640 4223 1732 4282 tanta
1753 4224 1804 4282 est
1825 4226 1938 4283 nostra
1954 4219 1989 4282 in
2007 4219 2187 4285 vanitatem

750 4301 835 4348 ursus,
855 4285 878 4336 si
895 4285 998 4337 ⁰¹¹¹¹¹¹¹¹¹
1016 4290 1156 4354 peccatum
1210 4313 1243 4368 et
1270 4306 1415 4368 errorem
1442 4303 1621 4386 propensio.
1672 4303 1726 4368 De
1754 4304 2035 4369 excellentissimis
2057 4322 2186 4383 semper

179 4371 252 4409 nnnc
270 4362 364 4426 aperte
382 4357 454 4409 Deus
472 4354 595 4423 puniret,
619 4354 693 4435 nulla
711 4369 770 4405 esse
786 4353 886 4437 ‘diviua
909 4354 1082 4438 providentia
1099 4370 1156 4408 ore·
1209 4389 1241 4454 lo
1264 4411 1323 4455 uor
1367 4411 1434 4455 non
1455 4388 1512 4454 vu]
1536 4388 1647 4454 aribus
1668 4388 1733 4454 Μὴ
1788 4410 1905 4455 uorum
1926 4390 1961 4454 jn
2006 4385 2186 4452 rosimunda

180 4441 301 4495 demur.
347 4424 534 4490 Fatendum
560 4431 610 4488 θεῖ
638 4430 754 4505 ¹g¹t¹¹r’
784 4443 819 4485 m
841 4423 978 4506 ⁵¹ng¹¹h⁸
995 4425 1060 4489 Dm
1081 4445 1157 4506 ⁰p⁰'
1210 4411 1274 4540 Dii
1296 4441 1434 4543 veritate
1456 4411 1613 4558 proiecit
1633 4475 1669 4539 in
1690 4411 1887 4541 immineam
1908 4411 2062 4540 ἰηιιιιιιζὶιιιί

180 4511 288 4589 ribus’
317 4512 511 4611 praesertim
533 4516 643 4608 ant-hm
663 4509 809 4608 ips-orum
830 4509 1058 4610 universim&
1092 4531 1158 4633 uoq
1301 4567 1348 4627 17.
1393 4562 1484 4646 Ergo
1511 4562 1634 4626 frustra
1659 4563 1753 4627 nobis
1779 4563 1814 4625 in
1835 4561 1948 4626 mundi
1970 4558 2096 4641 opificio
2120 4557 2187 4623 ool·

180 4618 276 4662 ⁸⁶⁰OE
303 4605 400 4680 ΜΗΘ
429 4619 465 4660 ¹⁰
492 4595 612 4660 tabum
642 4594 785 4676 depmtas
814 4615 884 4659 ⁰⁸³⁰
910 4596 975 4660 Dm
1004 4602 1157 4675 ‘mum'
1211 4647 1322 4713 lucent
1349 4655 1398 4714 tot
1426 4669 1581 4714 accensae
1602 4647 1784 4730 lampades,
1814 4646 1856 4711 ad
1877 4643 2106 4710 illustrandam
2129 4664 2187 4709 an-

180 4682 299 4766 quibus
327 4685 362 4748 in
393 4684 463 4747 cius
485 4683 698 4765 agnitionem,
727 4690 760 4743 et
782 4680 822 4744 ab
844 4681 972 4762 ipsein
995 4682 1160 4747 felicitatis
1266 4735 1271 4748 .
1388 4736 1394 4748 ,
1459 4756 1465 4769 ·
1629 4734 1635 4746 ,
1840 4733 1846 4746 ‚
1940 4731 1945 4744 ,
2030 4731 2035 4742 ,

180 4771 419 4852 possessionem
445 4769 603 4833 invitetur
630 4768 821 4832 universum
848 4766 1018 4832 hominum
1046 4788 1158 4852 genus·
1211 4742 1292 4799 tens
1315 4735 1465 4835 gloriam.
1500 4755 1582 4817 quae
1610 4754 1656 4798 sio
1684 4755 1743 4798 nos
1770 4731 1910 4813 undique
1937 4729 2114 4808 irradiant,
2149 4735 2187 4794 ut

181 4855 287 4920 Porro
315 4855 535 4920 lucidissimae
563 4874 663 4937 qnnm
687 4852 753 4918 illic
782 4859 973 4935 appareant:
1005 4873 1161 4937 quorsum

181 4951 296 5006 tamen
323 4942 529 5024 potissimum
550 4944 711 5022 spectent,
739 4937 816 5021 quid
839 4938 985 5017 valeant,
1009 4960 1106 5022 quem
1125 4940 1159 5003 in
1212 4905 1398 4987 perducere.
1454 4906 1500 4971 Et
1531 4904 1689 4970 scintillas
1715 4911 1802 4970 certo
1834 4901 1993 4985 quasdam
2025 4902 2185 4983 excitant3

1218 5078 1422 5088 ...nn——

255 5128 284 5194 1)
308 5131 346 5182 sic
372 5129 532 5197 praeludere
556 5094 785 5206 repetundus'est
809 5125 963 5206 1539745.
1038 5127 1068 5193 2)
1092 5127 1163 5181 Ante
1664 5193 1669 5204 .

184 5197 369 5320 {Rogitas
394 5199 547 5252 audebant
571 5195 742 5248 drffundatur.
830 5196 859 5261 3)
884 5197 941 5247 Lib.
961 5196 984 5248 1.
1009 5197 1042 5249 de
1060 5197 1161 5248 civitat.
1216 5193 1321 5316 lunmltz
1335 5195 1556 5334 megerae:
1574 5195 1684 5258 Quaerit
1702 5198 1750 5247 etc.
1770 5190 1938 5245 delentlbbfl
1951 5197 2054 5262 eteeqq.
2101 5193 2131 5260 2)
2150 5210 2196 5248 vo.

258 5353 368 5407 Culriui
379 5369 470 5422 opera.
511 5351 565 5405 Vol.
583 5349 609 5404 1.
1947 5346 1980 5399 19

1212 4826 1323 4885 tamen
1349 4843 1385 4884 1n
1412 4829 1536 4885 rectam
1563 4819 1652 4884 viam
1677 4841 1737 4901 per
1763 4840 1798 4883 se
1826 4836 2030 4899 nequaquam
2058 4816 2187 4898 possint
2308 4855 2313 4867 ·
