4770 6030
195 348 259 411 603
772 335 1038 405 INSTI'PUTIO
1060 334 1366 405 0000110100
1394 340 1624 404 1539-1554.
1931 437 1965 588 J
2133 340 2196 402 004

1963 449 1985 503 Β
2000 453 2073 517 194;
2093 449 2196 505 0195.

193 532 252 598 noo
272 527 487 606 constituendo,
509 546 571 591 nan
591 526 691 591 atium
708 530 814 608 typum
830 525 918 605 sequi
934 529 1053 607 oportet,
1073 546 1167 605 quom
1220 524 1260 590 Si
1280 526 1388 605 auique
1408 524 1548 589 ecciesiae
1569 544 1630 605 pro
1656 526 1836 607 fundatoris
1856 527 1910 591 sui
1952 526 2080 607 iquitotc
2100 525 2196 590 honor

193 617 351 684 Dominus
371 615 438 694 ipse
458 633 515 677 suo
536 612 623 676 aerbo
646 611 816 676 detineaoit.
1219 610 1348 688 detetur,
1368 610 1444 690 quid
1463 611 1500 673 de
1516 610 1645 690 rdiquis
1660 613 1754 675 etiam
1773 612 1906 677 ccdesiis
1922 610 2084 675 dicemus?
2109 610 2196 675 Pau-

217 693 221 703 ‘
280 704 330 765 98.
378 698 451 762 lam
482 703 517 762 ut
549 696 680 762 atterum
714 696 781 761 iltis
808 697 945 778 torqiar,
978 696 1060 776 quod
1090 717 1168 759 nun·
1219 696 1270 760 lus
1297 697 1436 760 nominat
1459 699 1522 759 tres
1547 696 1602 776 qui
1627 696 1815 769 uidebantur
1828 698 1985 762 miumnae
2011 717 2084 775 esse,
2109 696 2195 763 Iaca

192 808 288 870 quom
309 784 396 867 apud
416 804 510 848 sonos
536 783 673 848 domines
693 781 877 860 obtinebunt,
907 783 953 846 sic
974 782 1168 846 conutitutum
1219 781 1299 860 bum,
1323 780 1460 860 Petrum,
1483 785 1510 845 et
1531 779 1687 845 Ioannem.
1734 780 1772 847 Si
1794 784 1828 846 in
1850 782 1994 847 nutarem
2016 781 2119 861 Petri,
2147 802 2196 847 rc-

194 874 230 938 in
253 871 344 936 Petro
372 869 514 935 cadesim
536 870 726 950 primatum,
747 872 789 965 ⁸ut
810 872 961 949 perpetua
981 868 1168 964 successione
1219 888 1336 964 manae·
1351 867 1418 932 sedi
1445 868 1574 948 pumus
1595 867 1861 963 locnslnibuitur,
1894 888 1992 932 nonne
2012 868 2196 948 proximum

191 955 689 1121 mimmii
701 953 1169 1120 0100000001
1219 953 2195 1121 10000000111000000

192 1128 335 1193 universo
357 1127 560 1209 praesideat?
606 1124 873 1206 0001001000
900 1125 961 1188 ioco
989 1124 1169 1207 diqnitotem
1219 1124 1365 1188 ultimum
1391 1124 1489 1188 mcum
1515 1122 1622 1188 imbuit
1645 1125 1719 1189 otim
1746 1125 1943 1207 lerosoipma.
1993 1124 2136 1206 Ephesus
2156 1146 2195 1190 ne

191 1214 337 1298 adiqaret,
366 1232 446 1293 quac
472 1213 540 1276 sine
567 1211 625 1275 ioci
651 1211 811 1275 mentione
824 1210 899 1274 data
925 1210 994 1274 est?
1045 1209 1167 1287 Petreio,
1219 1209 1327 1274 uRirno
1349 1209 1472 1291 quidem
1494 1209 1607 1292 cipido
1627 1209 1751 1275 tuerere
1768 1211 1878 1292 potuit.
1913 1210 2105 1274 Praeteritae
2122 1217 2194 1275 suut

191 1301 351 1381 inquiunt,
375 1297 592 1362 Bouneima
613 1302 640 1360 et
660 1301 798 1360 mortuus
819 1300 871 1360 est.
917 1295 1000 1376 Quid
1023 1293 1168 1360 Oin'stus
1208 1301 1248 1360 ,et
1277 1296 1361 1359 aiiae
1387 1294 1542 1373 ecciesiae,
1573 1300 1639 1359 tum
1671 1316 1868 1377 quascunque
1893 1296 2040 1378 fundarit
2062 1294 2192 1375 Paulus,

192 1386 283 1468 ipse?
327 1384 435 1448 Nonne
457 1381 654 1464 Ierosoipmis
680 1382 804 1463 functus
825 1385 868 1445 est
896 1382 1071 1462 episcopatu
1092 1381 1168 1444 dum
1219 1386 1285 1445 tum
1311 1380 1424 1462 quibus
1445 1379 1504 1444 otii
1538 1382 1668 1463 apostati
1700 1382 1912 1463 praefuerunt.
1948 1379 2052 1445 Sedes
2079 1380 2193 1460 Marci,

191 1472 284 1549 vind,
314 1475 341 1534 et
367 1469 524 1533 morundo
545 1467 709 1532 sacerdotii
730 1486 845 1531 munus
865 1465 1028 1547 impleuit?
1073 1465 1168 1529 Priu-
1219 1468 1275 1548 qui
1300 1486 1383 1530 nonus
1409 1470 1529 1530 tontum
1555 1467 1782 1548 eondiscipulis
1808 1468 1884 1548 fuit,
1911 1466 2052 1531 tcorcorem
2084 1467 2195 1548 adepto

192 1576 261 1638 ceps
274 1560 446 1636 postorum,
467 1574 609 1618 sicmrnus
630 1554 802 1634 episcopus,
824 1556 916 1633 caput
937 1551 1085 1629 ecciesiae,
1107 1571 1168 1615 non
1219 1557 1270 1616 est.
1300 1552 1368 1615 Aut
1382 1556 1616 1633 praeposterum
1636 1552 1728 1616 iilum
1743 1553 1883 1617 ordinem
1902 1553 2061 1633 fateantur
2077 1553 2194 1632 fuisse5

189 1642 290 1723 potuit
316 1641 458 1705 tiornorem
486 1640 548 1704 ioco
578 1641 752 1720 amnicae:
781 1638 896 1707 Petrus
921 1637 1006 1720 toriqe
1027 1639 1096 1719 ipso
1119 1638 1168 1700 in·
1220 1643 1274 1702 aut
1294 1637 1381 1701 notis
1402 1637 1575 1715 concedant,
1608 1654 1676 1702 non*
1690 1657 1755 1702 esse
1775 1637 1829 1702 icc
1850 1642 2050 1720 papatuum,
2079 1643 2114 1700 ut
2132 1637 2195 1702 aici-

189 1727 288 1809 fcrior
305 1725 428 1807 potuit?
473 1724 582 1789 Nonne
602 1730 675 1789 surrt
695 1724 828 1806 ineptiae
849 1724 927 1787 istae
947 1724 1049 1806 mapis
1072 1743 1168 1803 quom
1220 1744 1277 1804 que
1298 1723 1439 1787 aetesiae
1467 1721 1609 1787 debeatur
1634 1723 1758 1789 dormis
1787 1724 1922 1807 pocus,
1950 1742 2038 1805 quern
2064 1724 2195 1804 quisque

186 1812 350 1895 pueriles?
395 1810 542 1875 Christus
567 1810 708 1875 icaunam
729 1810 891 1890 primatus
912 1809 1037 1873 contudit
1061 1807 1167 1886 Petro,
1218 1809 1366 1890 fundaur
1384 1807 1498 1872 maun.

193 1897 307 1964 Petrus
328 1895 447 1961 Rerum
465 1897 560 1961 sedit:
581 1915 651 1979 erqo
671 1896 737 1960 iilic
758 1895 911 1960 collocarit
931 1895 1032 1959 sedem
1048 1896 1169 1974 prima
1308 1899 1377 1958 101.
1431 1894 1616 1974 Quanquam
1643 1895 1725 1974 quod
1750 1895 1786 1959 de
1811 1894 1945 1959 sessione
1975 1894 2063 1958 Petri
2090 1894 2126 1958 in
2146 1914 2194 1959 rc-

192 1983 268 2048 tus?
314 1981 433 2063 Nempe
458 1980 516 2046 iao
541 1982 660 2046 ratione
686 1981 787 2046 sedem
813 1981 974 2061 pmmatus
1004 1979 1169 2044 ddruerunt
1220 2001 1315 2044 mana
1336 1979 1460 2044 ccdesia
1480 1979 1625 2060 referunt,
1647 2000 1709 2046 non
1726 1981 1812 2046 uideo
1832 1980 1908 2061 quid
1927 1980 2002 2060 fidei
2019 1979 2129 2044 meere
2144 1980 2194 2044 da

191 2069 266 2135 oiim
288 2067 453 2133 Israetitae
474 2069 652 2133 aunuum
671 2067 707 2130 in
727 2067 860 2146 desento,
882 2065 936 2130 ubi
958 2064 1064 2130 Moses
1085 2085 1169 2129 suni-
1220 2065 1293 2130 beat.
1340 2062 1424 2129 Certe
1449 2065 1531 2145 quod
1552 2071 1596 2130 est
1617 2067 1704 2148 opud
1725 2065 1913 2144 Eusebimn,
1930 2065 2109 2147 praefuisse
2129 2065 2195 2130 ittic

191 2175 263 2219 nnis
288 2155 390 2218 doctor
420 2158 448 2217 et
474 2154 620 2234 princeps
652 2152 877 2235 prophetarum
909 2152 1079 2216 ministerio
1111 2170 1168 2215 suo
1219 2155 1267 2216 25
1289 2170 1402 2227 annos,
1434 2149 1518 2214 0010)
1553 2152 1670 2234 nepotio
1694 2151 1853 2233 refeiiitur.
1900 2148 2025 2216 Constat
2053 2152 2136 2214 euim
2156 2172 2195 2216 en

151 2240 154 2244 ’
190 2239 316 2321 fundus
337 2242 403 2304 crat
424 2244 451 2302 et
471 2243 618 2303 mortuus.
1214 2237 1319 2319 prinu
1347 2240 1375 2299 et
1406 2236 1536 2300 secundo
1563 2237 1663 2320 capite
1688 2237 1731 2301 ad
1760 2236 1908 2314 Galatas,
1935 2237 2056 2301 circiter
2084 2236 2194 2319 uiqinti

278 2328 328 2390 99.
381 2324 550 2389 Videamus
571 2328 679 2401 tamen,
702 2342 796 2403 quam
818 2322 967 2405 depanter
987 2321 1168 2386 ratiocinen·
1219 2342 1317 2387 annos
1338 2343 1359 2386 a
1381 2319 1500 2386 Giristi
1520 2327 1615 2387 morte
1642 2323 1741 2403 fuisse
1762 2322 1976 2404 Ierosotpmis5
2004 2322 2124 2387 venisse
2144 2322 2195 2388 da

191 2417 252 2478 tur.
299 2410 426 2488 Petrus,
449 2411 608 2490 inquiunt,
633 2410 849 2490 principatum
869 2407 977 2472 moun
997 2409 1077 2470 inter
1096 2426 1168 2488 apa
1219 2408 1290 2472 inde
1323 2406 1538 2484 Antiochiam,
1570 2407 1625 2470 ubi
1656 2409 1807 2488 quamdiu
1826 2408 1936 2488 fuerit,
1969 2409 2120 2473 incertum
2140 2413 2193 2472 est.

191 2497 292 2562 meos.
334 2495 420 2578 Frqo
442 2496 580 2572 ccclesia,
602 2495 637 2558 in
658 2515 722 2574 qua
742 2495 833 2570 sedit,
862 2493 916 2557 iac
932 2493 1094 2575 priviteqii
1113 2492 1168 2555 ia-
1222 2493 1392 2576 Greqorius
1417 2496 1544 2572 septem,
1573 2492 1730 2558 Eusebius
1761 2498 1862 2558 autem
1889 2496 1937 2557 25
1964 2512 2193 2558 010030000-

192 2583 261 2647 000
279 2581 368 2646 debet.
409 2580 470 2646 Ubi
492 2587 594 2644 outan
607 2582 751 2660 primum
771 2579 874 2643 sedit?
906 2578 1167 2656 Antiochinam
1218 2584 1277 2643 rat.
1319 2577 1420 2659 Atqui
1447 2598 1469 2641 a
1493 2584 1586 2642 morte
1610 2577 1740 2658 Christi,
1766 2599 1863 2660 usque
1887 2578 1930 2643 ad
1954 2579 2047 2659 finem
2067 2579 2193 2659 imperii

190 2669 309 2750 quiunt.
352 2666 437 2749 quo
464 2664 643 2730 antiocham
668 2665 794 2729 ecdesia
816 2663 991 2744 primatum
1016 2663 1078 2727 sibi
1098 2663 1167 2727 iure
1221 2664 1370 2738 Neruiis,
1392 2662 1449 2726 sub
1470 2684 1528 2743 quo
1550 2665 1654 2745 ipsum
1676 2685 1798 2730 caesum
1816 2665 1918 2746 fuisse
1938 2667 2119 2741 memorant,
2145 2684 2193 2729 re-

191 2754 338 2820 uercdioat.
381 2750 534 2816 Fatentur
557 2750 657 2831 fuisse
677 2750 751 2814 oiim
774 2751 931 2830 primam;
963 2749 1017 2814 sed
1039 2748 1167 2813 Petrum
1212 2751 1375 2832 portentur
1401 2753 1520 2813 tantum
1547 2751 1677 2833 triqinto
1703 2756 1817 2833 septem
1838 2750 1924 2814 anni.
1970 2749 2092 2814 Passus
2111 2749 2193 2813 enim

191 2839 263 2904 inde
283 2837 445 2920 miprando
467 2836 601 2900 Romam
621 2835 823 2914 transtulisse,
846 2854 935 2916 quem
954 2854 1057 2899 secum
1077 2834 1167 2899 tono·
1218 2841 1263 2901 est
1290 2835 1448 2899 Dominus
1479 2835 1536 2899 sub
1567 2835 1702 2915 Tiberio,
1731 2856 1813 2900 anno
1839 2836 1963 2917 imperii
1990 2836 2058 2899 eius
2077 2836 2193 2899 duimo

156 2919 157 2925 '
192 2945 258 2989 rem
279 2923 430 2987 attulerat.
473 2920 588 2986 Rostod
613 2921 694 2985 enim
720 2921 777 2984 sub
803 2922 926 2985 nomine
946 2920 1092 2985 Marcetti
1106 2942 1167 3004 pa
1218 2926 1327 2988 octauo.
1384 2920 1421 2985 Si
1452 2921 1565 3004 oiqinti
1596 2942 1694 2987 annos
1726 2922 1864 3000 daddus,
1897 2921 2009 3002 quibus
2039 2920 2193 2986 habitasse

186 3031 251 3093 poe
272 3010 315 3073 ad
335 3007 528 3090 presbyteros
554 3005 745 3071 antiochenus
771 3004 946 3090 00001)
973 3006 1028 3086 nii
1053 3008 1099 3072 sic
1126 3007 1167 3070 to·
1221 3009 1348 3073 Petrum
1366 3005 1564 3088 Ierosotqmis
1579 3008 1664 3072 testis
1682 3013 1727 3072 est
1745 3007 1877 3085 Pauius,
1898 3006 2055 3071 restabunt
2069 3012 2195 3089 septem

192 3096 316 3177 quitur:
351 3092 438 3157 Petri
459 3093 546 3158 sedes
565 3093 655 3156 initio
676 3092 763 3173 apud
783 3112 837 3157 oos
855 3092 935 3173 fuit·
956 3113 1034 3173 quae
1049 3098 1166 3175 postea,
1218 3094 1316 3159 deam
1338 3093 1380 3157 ad
1401 3112 1572 3171 summum,
1602 3114 1678 3173 quos
1698 3113 1780 3158 nmio
1802 3094 1881 3157 mter
1902 3094 1979 3157 duos
2000 3093 2195 3175 episcopatus

192 3180 312 3245 iubente
342 3176 494 3257 Domino,
525 3176 585 3242 huc
614 3177 768 3242 translatu
793 3183 845 3242 est.
901 3176 955 3242 Sic
988 3178 1167 3244 antiochena
1213 3179 1334 3262 partiri
1360 3182 1481 3260 oportet.
1533 3177 1571 3243 Si
1596 3180 1654 3244 diu
1679 3177 1862 3243 Antiochiae
1888 3184 2026 3242 moratus
2048 3184 2106 3256 est,
2128 3200 2191 3242 non

193 3264 332 3343 eulesio,
364 3284 443 3343 quoe
474 3262 548 3327 oiim
568 3264 679 3344 prima
700 3269 779 3342 erut,
808 3283 955 3327 rmnanoe
981 3264 1070 3328 cessit
1091 3265 1166 3329 sedi.
1212 3266 1314 3346 potuit
1336 3264 1455 3329 Romae
1478 3264 1594 3343 sedere,
1620 3265 1686 3328 nisi
1706 3264 1913 3348 periniquum
1931 3270 2057 3345 tempus.
2104 3265 2192 3345 Quod

200 3351 317 3416 Verum
337 3369 397 3430 quo
418 3348 541 3414 oraouto
561 3348 710 3414 habuerat
730 3349 826 3413 bonus
841 3349 895 3414 iiie
914 3350 973 3427 cir,
995 3349 1167 3414 Dominum
1218 3353 1323 3433 ipsum
1344 3351 1461 3415 dorius
1482 3350 1583 3415 adius
1603 3351 1810 3416 demersimus
1831 3351 1906 3415 iicet.
1952 3348 2085 3432 Scripsit
2104 3350 2192 3414 Pou-

192 3438 239 3502 sic
259 3434 414 3500 iussisse?
457 3435 545 3499 Nam
564 3435 595 3498 si
616 3435 686 3498 inre
712 3434 884 3514 definiendo
905 3435 947 3499 sit
966 3434 1040 3500 iaec
1060 3457 1165 3515 causa,
1218 3437 1270 3501 tus
1295 3437 1450 3502 Romanis
1475 3458 1513 3501 en
1538 3437 1661 3514 itinere,
1688 3456 1784 3517 quum
1806 3434 2026 3518 lerosolymam
2047 3436 2191 3517 proficis

191 3541 310 3588 necesse
330 3520 410 3604 osu)
431 3521 640 3601 respondeant,
663 3519 794 3585 velintne
808 3520 1012 3604 priuiteqium
1033 3521 1087 3587 hoc
1094 3543 1167 3604 per·
1218 3528 1348 3601 ccretur,
1376 3521 1431 3585 uu
1451 3527 1559 3603 captus
1585 3521 1660 3602 fuit,
1688 3528 1714 3586 et
1737 3521 1871 3585 Romam
1892 3522 2052 3587 adductus
2104 3521 2191 3586 Veri

192 3607 298 3673 sonate
318 3626 391 3685 esse,
414 3627 457 3670 an
477 3606 568 3685 reate,
596 3626 639 3671 un
655 3606 795 3670 mictum.
830 3605 934 3672 Unum
955 3609 1038 3672 enim
1059 3629 1097 3673 en
1116 3608 1167 3673 iis
1218 3609 1319 3673 simite
1338 3629 1408 3691 erqo
1429 3612 1481 3688 est,
1503 3609 1662 3690 epistdom
1682 3607 1762 3672 hauc
1777 3607 1983 3687 quadriennio
2003 3613 2072 3671 ante
2091 3609 2189 3688 scrip-

193 3693 292 3755 tribus
312 3712 377 3756 esse
397 3696 516 3772 oportet.
560 3690 757 3756 didicerint
771 3692 949 3772 personate:
969 3693 1050 3757 nitcii
1070 3695 1167 3778 iqitur
1217 3701 1282 3760 tam
1312 3715 1390 3773 csse,
1423 3714 1518 3774 quiam
1547 3693 1680 3758 Romam
1704 3693 1827 3758 reniret.
1871 3691 1949 3758 Iitia
1972 3692 2060 3756 uuita
2086 3692 2190 3756 adino

191 3777 234 3841 od
254 3776 369 3855 iocum5
399 3778 451 3840 sin
471 3776 568 3842 reate:
600 3797 670 3860 erpo
690 3777 745 3841 ubi
773 3778 865 3844 semet
891 3779 999 3843 dutum
1031 3784 1075 3844 est
1095 3781 1165 3860 ioco,
1221 3780 1308 3845 Petri
1329 3780 1448 3858 mantio,
1469 3800 1549 3861 quoe
1567 3781 1694 3844 minume
1715 3779 1879 3844 omittemia
1894 3783 1968 3856 erat,
1985 3779 2016 3842 si
2032 3777 2188 3842 eccleuom

191 3880 254 3926 nan
273 3861 425 3926 adimitur
442 3867 566 3943 propter
587 3882 738 3943 personae
758 3864 805 3928 oei
824 3869 963 3944 merrtem,
985 3865 1032 3929 cei
1056 3867 1167 3932 disces·
1218 3866 1308 3931 ittam
1327 3866 1482 3931 recussu:
1510 3865 1594 3945 Quin
1616 3865 1708 3929 etiam
1728 3867 1763 3929 in
1781 3865 1857 3945 dine,
1879 3865 1954 3929 dum
2065 3883 2097 3927 m
2118 3864 2189 3944 pia

191 3966 272 4013 sum.
317 3944 462 4027 Superest
482 3948 592 4029 mitur,
622 3954 657 4011 ut
681 3950 814 4013 uantum
835 3972 900 4016 esse
921 3951 1034 4015 dicant.
1080 3952 1168 4018 Tunc
1218 3972 1290 4016 rum
1311 3951 1481 4034 catatwmn
1500 3952 1614 4028 recitat,
1636 3970 1712 4030 quos
1731 3949 1980 4028 satutariiubet,
2050 3949 2191 4014 'smiioet

192 4035 296 4098 mrtem
316 4051 376 4094 non
397 4032 530 4114 simplae
550 4034 609 4097 crit
629 4033 686 4098 ioci
704 4036 921 4115 consideratio,
949 4036 1015 4101 nisi
1029 4058 1168 4120 persona
1219 4058 1321 4102 errones
1342 4037 1404 4101 sibi
1422 4042 1506 4100 notos
1527 4036 1646 4118 coitipit,
1669 4037 1706 4101 de
1730 4035 1820 4100 Petro
1838 4055 1970 4117 proruis
1990 4033 2091 4100 adhuc
2112 4035 2189 4098 silet.

129 4167 133 4175 .
190 4117 288 4183 simut
314 4117 501 4197 respondeat.
550 4118 682 4201 Etiqant
707 4121 859 4201 quidquid
886 4123 997 4200 actem,
1021 4124 1168 4205 protinus
1221 4123 1328 4204 Neque
1358 4122 1408 4187 iic
1439 4122 1530 4204 iniqu
1557 4127 1612 4186 aut
1638 4121 1743 4186 sribtiii
1770 4122 2022 4188 demonstratione
2047 4141 2126 4202 opus
2146 4125 2191 4185 est

190 4205 339 4285 inferam,
362 4203 501 4283 etfacite
520 4205 671 4282 emmam,
694 4205 828 4270 Ronmm
848 4208 937 4273 uuita
956 4209 1076 4274 ratione
1098 4212 1168 4292 pri-
1219 4209 1304 4290 apud
1324 4209 1459 4273 cauimus
1484 4208 1597 4272 iudicii
1623 4208 1767 4273 homines.
1812 4208 1876 4272 Res
1896 4209 1978 4272 enim
1998 4209 2078 4287 ipso,
2099 4211 2128 4271 et
2147 4211 2189 4270 ta

190 4295 309 4356 matum
328 4287 391 4353 sibi
410 4308 565 4374 mropore.
1218 4300 1284 4359 tum
1297 4294 1443 4375 epistotae
1458 4299 1672 4376 arpumentmn
1688 4294 1808 4374 domat,
1824 4314 1886 4359 non
1903 4292 2043 4359 debuisse
2061 4290 2189 4365 Petrum

227 4371 243 4410 '
280 4379 350 4439 100.
395 4372 472 4471 Esto
493 4379 609 4472 tanren:
631 4377 800 4441 tramtatus
818 4378 922 4458 fuerit,
944 4385 980 4443 ut
1000 4384 1165 4461 nuqantur,
1212 4381 1392 4468 praeteriri,
1413 4381 1443 4444 si
1465 4379 1584 4445 Romae
1602 4380 1722 4461 fuisset.

185 4466 347 4542 primatus
368 4459 534 4524 Arntiociia
556 4461 697 4525 Romam.
749 4461 815 4528 Gur
838 4469 939 4528 tamen
959 4485 1021 4529 nou
1041 4467 1167 4530 retinuit
1308 4469 1376 4529 102.
1422 4465 1601 4529 Adducitur
1621 4466 1729 4530 001οᾱ0
1748 4465 1868 4529 vinctus
1891 4464 2032 4528 Romam.
2069 4460 2190 4545 Enoep

192 4543 359 4611 Antiochia
381 4545 549 4642 secundum
570 4546 691 4643 uuum?
723 4547 810 4611 Nam
832 4550 862 4612 si
882 4550 949 4614 ideo
964 4550 1092 4631 prunas
1112 4551 1167 4616 ia-
1217 4557 1283 4616 tum
1311 4553 1411 4632 suisse
1439 4572 1460 4615 a
1489 4550 1643 4632 fratribus
1676 4556 1787 4615 narrat
1811 4551 1916 4614 Lucas
1931 4549 2102 4699 mm&
2125 4547 2188 4631 16).

169 4630 238 4699 ,101
270 4631 388 4710 Roma,
422 4631 503 4712 quod
527 4631 594 4695 iiico
612 4652 709 4712 usque
727 4633 769 4696 ad
795 4638 961 4712 extremum
987 4636 1068 4700 citae
1089 4638 1167 4703 sedit
1218 4637 1269 4703 De
1304 4637 1395 4702 Petro
1426 4636 1515 4701 nituit.
1546 4631 1686 4702 'Scribit
1711 4636 1798 4701 iiiinc
1829 4637 1872 4699 ad
1898 4656 1930 4700 rn
2039 4633 2187 4699 udaias.

194 4715 321 4796 Petrus,
350 4718 401 4781 cui
431 4716 583 4784 secundae
604 4719 711 4800 potins
736 4716 905 4798 dabuntur,
933 4741 1028 4802 quam
1047 4721 1102 4786 uu
1122 4744 1166 4789 se-
1218 4723 1346 4788 Aiicuii
1366 4724 1460 4787 etiam
1475 4724 1670 4804 quorundam
1690 4723 1811 4786 nemim
1822 4721 2023 4786 salutationes
2033 4717 2187 4784 adscribit.

192 4801 262 4866 dem
288 4804 431 4883 mimam
461 4802 634 4868 morou?
690 4803 752 4884 Qui
775 4805 893 4885 tactum
921 4811 965 4870 cst
990 4808 1101 4891 ipitur,
1131 4816 1166 4874 ut
1219 4810 1293 4874 Nm
1313 4829 1374 4874 uno
1394 4808 1483 4873 uerbo
1504 4809 1622 4874 indicat
1645 4807 1773 4872 Petrum
1798 4807 1864 4872 iiiia
1879 4812 1955 4872 tuna
1974 4807 2083 4887 fuisse.
2124 4801 2189 4869 'Oui

193 4887 393 4985 Antiochiam
424 4888 624 4954 Aieeandria
655 4890 871 4971 praecederet?
928 4892 990 4974 Qui
1020 4897 1164 4975 convenit,
1218 4895 1343 4974 obsecro,
1365 4894 1506 4959 arditio
1522 4896 1588 4973 erit,
1605 4886 1695 4959 sdere
1704 4895 1853 4974 potuisse,
1873 4894 1905 4957 si
1921 4890 2097 4974 adfuisset?
2119 4888 2190 4953 Imo

192 4973 341 5055 dnaputi
360 4975 458 5039 unius
484 4975 641 5041 ecclesiam
657 4976 855 5058 ‚superiorem
876 4997 941 5043 esse
961 4980 1031 5045 sede
1055 4980 1166 5048 Penii
1218 4982 1261 5046 od
1283 4980 1499 5062 Philippenses
1527 4979 1629 5062 (Phil.
1650 4983 1677 5058 2,
1696 4983 1768 5063 20),
1795 4979 1850 5043 ubi
1878 4979 1960 5042 dicit
1984 4978 2137 5042 nerninem
2157 4995 2190 5039 se

510 5097 513 5101 ’
1218 5067 1336 5145 tabae,
1356 5067 1410 5147 qui
1429 5067 1476 5130 ita
1500 5065 1632 5147 fideliter
1657 5069 1740 5129 acret
1767 5085 1846 5146 opus
1872 5062 2005 5128 Domini
2030 5066 2065 5127 ut
2088 5062 2190 5127 Timo-

1218 5152 1320 5230 tieus,
1343 5153 1657 5232 conqueriturarmos
1678 5154 2102 5231 qnmcrerequsesuasunt.
2146 5146 2191 5212 Rt

263 5244 291 5311 1)
308 5247 415 5299 Deerat.
435 5245 474 5301 12.
494 5265 519 5316 q.
539 5248 562 5300 1.
581 5265 603 5301 c.
623 5265 755 5318 rogemus.
825 5250 1025 5318 00001515.
1046 5253 1119 5308 1550.
1218 5239 1261 5302 ad
1284 5237 1473 5303 Timotheum
1490 5236 1526 5321 (2
1545 5237 1627 5301 Tim.
1647 5242 1677 5316 4,
1699 5234 1753 5318 16)
1773 5236 1901 5318 pravior
1920 5240 1965 5301 eii
1986 5234 2188 5315 querimonia,

195 5145 348 5154 ——qae-.-
356 5150 395 5154 -.-
