<?xml version="1.0" encoding="UTF-8"?>
<!DOCTYPE html PUBLIC "-//W3C//DTD XHTML 1.0 Transitional//EN"
    "http://www.w3.org/TR/xhtml1/DTD/xhtml1-transitional.dtd">
<html xmlns="http://www.w3.org/1999/xhtml" xml:lang="en" lang="en">
 <head>
  <title>
</title>
<meta http-equiv="Content-Type" content="text/html;charset=utf-8" />
  <meta name='ocr-system' content='tesseract 3.04.00' />
  <meta name='ocr-capabilities' content='ocr_page ocr_carea ocr_par ocr_line ocrx_word'/>
</head>
<body>
  <div class='ocr_page' id='page_1' title='image "./ioanniscalvinio05calvgoog/ioanniscalvinio05calvgoog_0637.png"; bbox 0 0 4770 6030; ppageno 0'>
   <div class='ocr_carea' id='block_1_1' title="bbox 192 341 2197 415">
    <p class='ocr_par' dir='ltr' id='par_1_1' title="bbox 192 341 2197 415">
     <span class='ocr_line' id='line_1_1' title="bbox 192 341 2197 415; baseline -0.001 -5"><span class='ocrx_word' id='word_1_1' title='bbox 192 349 273 411; x_wconf 87' lang='lat'>1135</span> <span class='ocrx_word' id='word_1_2' title='bbox 765 343 1032 412; x_wconf 71' lang='lat' dir='ltr'><strong>INS&#39;PI&#39;PUPIO</strong></span> <span class='ocrx_word' id='word_1_3' title='bbox 1054 345 1160 411; x_wconf 82' lang='lat' dir='ltr'><strong>RDL.</strong></span> <span class='ocrx_word' id='word_1_4' title='bbox 1183 341 1365 410; x_wconf 64' lang='lat' dir='ltr'><strong>OHRJST.</strong></span> <span class='ocrx_word' id='word_1_5' title='bbox 1391 347 1623 415; x_wconf 81' lang='lat'><strong>1539—1554.</strong></span> <span class='ocrx_word' id='word_1_6' title='bbox 2114 349 2197 410; x_wconf 83' lang='lat'>1136</span> 
     </span>
    </p>
   </div>
   <div class='ocr_carea' id='block_1_2' title="bbox 150 446 2275 1391">
    <p class='ocr_par' dir='ltr' id='par_1_2' title="bbox 150 446 2275 1391">
     <span class='ocr_line' id='line_1_2' title="bbox 1832 459 2199 528; baseline 0.011 -17"><span class='ocrx_word' id='word_1_7' title='bbox 1832 459 1944 527; x_wconf 72' lang='lat' dir='ltr'><strong>aare,</strong></span> <span class='ocrx_word' id='word_1_8' title='bbox 1962 461 2072 528; x_wconf 63' lang='lat' dir='ltr'><strong>acea</strong></span> <span class='ocrx_word' id='word_1_9' title='bbox 2092 461 2199 517; x_wconf 71' lang='lat' dir='ltr'><strong>caes.</strong></span> 
     </span>
     <span class='ocr_line' id='line_1_3' title="bbox 187 446 2198 623; baseline 0.001 -23"><span class='ocrx_word' id='word_1_10' title='bbox 187 537 275 600; x_wconf 84' lang='lat' dir='ltr'><strong>vitae</strong></span> <span class='ocrx_word' id='word_1_11' title='bbox 303 555 381 600; x_wconf 87' lang='lat' dir='ltr'><strong>auae</strong></span> <span class='ocrx_word' id='word_1_12' title='bbox 409 533 608 598; x_wconf 87' lang='lat' dir='ltr'><strong>maledicunt</strong></span> <span class='ocrx_word' id='word_1_13' title='bbox 636 533 800 612; x_wconf 92' lang='lat' dir='ltr'><strong>homines,</strong></span> <span class='ocrx_word' id='word_1_14' title='bbox 832 556 927 599; x_wconf 92' lang='lat' dir='ltr'><strong>suum</strong></span> <span class='ocrx_word' id='word_1_15' title='bbox 945 535 1088 598; x_wconf 87' lang='lat' dir='ltr'><strong>natalem</strong></span> <span class='ocrx_word' id='word_1_16' title='bbox 1111 534 1166 598; x_wconf 89' lang='lat' dir='ltr'><strong>de·</strong></span> <span class='ocrx_word' id='word_1_17' title='bbox 1191 539 1194 623; x_wconf 65' lang='lat' dir='ltr'><strong>i</strong></span> <span class='ocrx_word' id='word_1_18' title='bbox 1219 553 1254 595; x_wconf 90' lang='lat' dir='ltr'><strong>se</strong></span> <span class='ocrx_word' id='word_1_19' title='bbox 1275 531 1346 614; x_wconf 92' lang='lat' dir='ltr'><strong>ipso</strong></span> <span class='ocrx_word' id='word_1_20' title='bbox 1368 533 1543 613; x_wconf 91' lang='lat' dir='ltr'><strong>patientiae</strong></span> <span class='ocrx_word' id='word_1_21' title='bbox 1565 533 1733 615; x_wconf 84' lang='lat' dir='ltr'><strong>exemplar</strong></span> <span class='ocrx_word' id='word_1_22' title='bbox 1754 446 1945 599; x_wconf 79' lang='lat' dir='ltr'><strong>exhiberet?</strong></span> <span class='ocrx_word' id='word_1_23' title='bbox 1974 535 2198 616; x_wconf 76' lang='lat' dir='ltr'><strong>Quamobrem</strong></span> 
     </span>
     <span class='ocr_line' id='line_1_4' title="bbox 190 617 2275 699; baseline 0.001 -13"><span class='ocrx_word' id='word_1_24' title='bbox 190 629 368 698; x_wconf 88' lang='lat' dir='ltr'><strong>testantur,</strong></span> <span class='ocrx_word' id='word_1_25' title='bbox 391 619 518 685; x_wconf 89' lang='lat' dir='ltr'><strong>coelum</strong></span> <span class='ocrx_word' id='word_1_26' title='bbox 535 626 569 684; x_wconf 88' lang='lat' dir='ltr'><strong>et</strong></span> <span class='ocrx_word' id='word_1_27' title='bbox 590 620 696 684; x_wconf 86' lang='lat' dir='ltr'><strong>lucem</strong></span> <span class='ocrx_word' id='word_1_28' title='bbox 717 621 933 685; x_wconf 72' lang='lat' dir='ltr'><strong>exsecrationi</strong></span> <span class='ocrx_word' id='word_1_29' title='bbox 955 620 1086 698; x_wconf 92' lang='lat' dir='ltr'><strong>habent,</strong></span> <span class='ocrx_word' id='word_1_30' title='bbox 1110 620 1167 684; x_wconf 91' lang='lat' dir='ltr'><strong>ob-</strong></span> <span class='ocrx_word' id='word_1_31' title='bbox 1191 626 1194 637; x_wconf 91' lang='grc'><strong>’</strong></span> <span class='ocrx_word' id='word_1_32' title='bbox 1220 617 1384 699; x_wconf 90' lang='lat' dir='ltr'><strong>apostolus</strong></span> <span class='ocrx_word' id='word_1_33' title='bbox 1416 619 1566 682; x_wconf 90' lang='lat' dir='ltr'><strong>omnibus</strong></span> <span class='ocrx_word' id='word_1_34' title='bbox 1594 619 1671 683; x_wconf 90' lang='lat' dir='ltr'><strong>filiis</strong></span> <span class='ocrx_word' id='word_1_35' title='bbox 1692 619 1756 683; x_wconf 90' lang='lat' dir='ltr'><strong>Dei</strong></span> <span class='ocrx_word' id='word_1_36' title='bbox 1786 620 1875 686; x_wconf 91' lang='lat' dir='ltr'><strong>hunc</strong></span> <span class='ocrx_word' id='word_1_37' title='bbox 1903 642 1974 685; x_wconf 91' lang='lat' dir='ltr'><strong>esse</strong></span> <span class='ocrx_word' id='word_1_38' title='bbox 1996 621 2199 689; x_wconf 91' lang='lat' dir='ltr'><strong>destinatum</strong></span> <span class='ocrx_word' id='word_1_39' title='bbox 2271 631 2275 637; x_wconf 88' lang='lat'>&#39;</span> 
     </span>
     <span class='ocr_line' id='line_1_5' title="bbox 188 701 2196 792; baseline 0 -21"><span class='ocrx_word' id='word_1_40' title='bbox 188 708 365 790; x_wconf 93' lang='lat' dir='ltr'><strong>loquuntur</strong></span> <span class='ocrx_word' id='word_1_41' title='bbox 386 707 467 784; x_wconf 94' lang='lat' dir='ltr'><strong>Deo,</strong></span> <span class='ocrx_word' id='word_1_42' title='bbox 491 720 532 783; x_wconf 91' lang='lat' dir='ltr'><strong>et,</strong></span> <span class='ocrx_word' id='word_1_43' title='bbox 557 713 594 769; x_wconf 92' lang='lat' dir='ltr'><strong>ut</strong></span> <span class='ocrx_word' id='word_1_44' title='bbox 616 716 694 769; x_wconf 88' lang='lat' dir='ltr'><strong>sunt</strong></span> <span class='ocrx_word' id='word_1_45' title='bbox 715 705 846 771; x_wconf 82' lang='lat' dir='ltr'><strong>facundi</strong></span> <span class='ocrx_word' id='word_1_46' title='bbox 867 704 908 769; x_wconf 90' lang='lat' dir='ltr'><strong>ad</strong></span> <span class='ocrx_word' id='word_1_47' title='bbox 937 705 1165 787; x_wconf 81' lang='lat' dir='ltr'>blasphemias,</span> <span class='ocrx_word' id='word_1_48' title='bbox 1219 704 1319 767; x_wconf 90' lang='lat' dir='ltr'><strong>finem</strong></span> <span class='ocrx_word' id='word_1_49' title='bbox 1341 701 1446 781; x_wconf 91' lang='lat' dir='ltr'><strong>docet,</strong></span> <span class='ocrx_word' id='word_1_50' title='bbox 1477 711 1513 767; x_wconf 92' lang='lat' dir='ltr'><strong>ut</strong></span> <span class='ocrx_word' id='word_1_51' title='bbox 1540 705 1720 769; x_wconf 77' lang='lat' dir='ltr'><strong>conformes</strong></span> <span class='ocrx_word' id='word_1_52' title='bbox 1747 706 1816 770; x_wconf 92' lang='lat' dir='ltr'><strong>eius</strong></span> <span class='ocrx_word' id='word_1_53' title='bbox 1844 708 1928 770; x_wconf 93' lang='lat' dir='ltr'><strong>fiant</strong></span> <span class='ocrx_word' id='word_1_54' title='bbox 1949 706 2058 790; x_wconf 85' lang='lat' dir='ltr'><strong>(Bom.</strong></span> <span class='ocrx_word' id='word_1_55' title='bbox 2079 713 2108 785; x_wconf 87' lang='lat'><strong>8,</strong></span> <span class='ocrx_word' id='word_1_56' title='bbox 2128 712 2196 792; x_wconf 84' lang='lat'><strong>29).</strong></span> 
     </span>
     <span class='ocr_line' id='line_1_6' title="bbox 150 787 2197 874; baseline 0.001 -18"><span class='ocrx_word' id='word_1_57' title='bbox 150 839 158 863; x_wconf 74' lang='lat'><strong>,</strong></span> <span class='ocrx_word' id='word_1_58' title='bbox 188 792 369 874; x_wconf 90' lang='lat' dir='ltr'><strong>iniquitatis</strong></span> <span class='ocrx_word' id='word_1_59' title='bbox 386 813 462 855; x_wconf 90' lang='lat' dir='ltr'><strong>eum</strong></span> <span class='ocrx_word' id='word_1_60' title='bbox 480 798 513 855; x_wconf 89' lang='lat' dir='ltr'><strong>et</strong></span> <span class='ocrx_word' id='word_1_61' title='bbox 534 792 688 856; x_wconf 87' lang='lat' dir='ltr'><strong>saevitiae</strong></span> <span class='ocrx_word' id='word_1_62' title='bbox 711 799 873 856; x_wconf 86' lang='lat' dir='ltr'><strong>accusant.</strong></span> <span class='ocrx_word' id='word_1_63' title='bbox 918 790 1067 855; x_wconf 80' lang='lat' dir='ltr'><strong>Fidelem</strong></span> <span class='ocrx_word' id='word_1_64' title='bbox 1089 812 1167 855; x_wconf 87' lang='lat' dir='ltr'><strong>vero</strong></span> <span class='ocrx_word' id='word_1_65' title='bbox 1219 787 1315 853; x_wconf 90' lang='lat' dir='ltr'><strong>Unde</strong></span> <span class='ocrx_word' id='word_1_66' title='bbox 1348 789 1447 852; x_wconf 90' lang='lat' dir='ltr'><strong>etiam</strong></span> <span class='ocrx_word' id='word_1_67' title='bbox 1480 791 1619 874; x_wconf 89' lang='lat' dir='ltr'><strong>insignis</strong></span> <span class='ocrx_word' id='word_1_68' title='bbox 1651 791 1827 855; x_wconf 90' lang='lat' dir='ltr'><strong>consolatio</strong></span> <span class='ocrx_word' id='word_1_69' title='bbox 1859 791 1901 856; x_wconf 92' lang='lat' dir='ltr'><strong>ad</strong></span> <span class='ocrx_word' id='word_1_70' title='bbox 1934 813 1994 856; x_wconf 88' lang='lat' dir='ltr'><strong>nos</strong></span> <span class='ocrx_word' id='word_1_71' title='bbox 2029 793 2125 857; x_wconf 88' lang='lat' dir='ltr'><strong>redit:</strong></span> <span class='ocrx_word' id='word_1_72' title='bbox 2160 796 2197 858; x_wconf 93' lang='lat' dir='ltr'><strong>in</strong></span> 
     </span>
     <span class='ocr_line' id='line_1_7' title="bbox 189 873 2197 962; baseline 0.001 -20"><span class='ocrx_word' id='word_1_73' title='bbox 189 880 223 942; x_wconf 94' lang='lat' dir='ltr'><strong>in</strong></span> <span class='ocrx_word' id='word_1_74' title='bbox 246 876 297 942; x_wconf 93' lang='lat' dir='ltr'><strong>his</strong></span> <span class='ocrx_word' id='word_1_75' title='bbox 315 898 440 960; x_wconf 92' lang='lat' dir='ltr'><strong>quoque</strong></span> <span class='ocrx_word' id='word_1_76' title='bbox 459 884 586 959; x_wconf 90' lang='lat' dir='ltr'><strong>oportet</strong></span> <span class='ocrx_word' id='word_1_77' title='bbox 605 877 670 941; x_wconf 92' lang='lat' dir='ltr'><strong>Dei</strong></span> <span class='ocrx_word' id='word_1_78' title='bbox 688 877 895 942; x_wconf 87' lang='lat' dir='ltr'><strong>clementiam</strong></span> <span class='ocrx_word' id='word_1_79' title='bbox 914 884 946 941; x_wconf 90' lang='lat' dir='ltr'><strong>et</strong></span> <span class='ocrx_word' id='word_1_80' title='bbox 963 899 1040 940; x_wconf 84' lang='lat' dir='ltr'><strong>vere</strong></span> <span class='ocrx_word' id='word_1_81' title='bbox 1058 885 1167 958; x_wconf 89' lang='lat' dir='ltr'><strong>pater·</strong></span> <span class='ocrx_word' id='word_1_82' title='bbox 1219 874 1317 937; x_wconf 90' lang='lat' dir='ltr'><strong>rebus</strong></span> <span class='ocrx_word' id='word_1_83' title='bbox 1340 873 1430 939; x_wconf 92' lang='lat' dir='ltr'><strong>duris</strong></span> <span class='ocrx_word' id='word_1_84' title='bbox 1452 883 1549 957; x_wconf 86' lang='lat' dir='ltr'><strong>atque</strong></span> <span class='ocrx_word' id='word_1_85' title='bbox 1571 878 1707 958; x_wconf 89' lang='lat' dir='ltr'><strong>asperis,</strong></span> <span class='ocrx_word' id='word_1_86' title='bbox 1730 898 1813 958; x_wconf 86' lang='lat' dir='ltr'><strong>quae</strong></span> <span class='ocrx_word' id='word_1_87' title='bbox 1841 878 1997 942; x_wconf 86' lang='lat' dir='ltr'><strong>adversae</strong></span> <span class='ocrx_word' id='word_1_88' title='bbox 2026 880 2197 962; x_wconf 89' lang='lat' dir='ltr'><strong>malaeque</strong></span> 
     </span>
     <span class='ocr_line' id='line_1_8' title="bbox 187 960 2199 1046; baseline 0.001 -19"><span class='ocrx_word' id='word_1_89' title='bbox 187 984 266 1028; x_wconf 91' lang='lat' dir='ltr'><strong>nam</strong></span> <span class='ocrx_word' id='word_1_90' title='bbox 286 962 526 1046; x_wconf 83' lang='lat' dir='ltr'><strong>indulgentiam</strong></span> <span class='ocrx_word' id='word_1_91' title='bbox 552 964 683 1027; x_wconf 91' lang='lat' dir='ltr'><strong>intueri.</strong></span> <span class='ocrx_word' id='word_1_92' title='bbox 727 962 885 1040; x_wconf 87' lang='lat' dir='ltr'><strong>Proinde,</strong></span> <span class='ocrx_word' id='word_1_93' title='bbox 914 963 982 1026; x_wconf 86' lang='lat' dir='ltr'><strong>sive</strong></span> <span class='ocrx_word' id='word_1_94' title='bbox 1010 984 1085 1026; x_wconf 91' lang='lat' dir='ltr'><strong>suas</strong></span> <span class='ocrx_word' id='word_1_95' title='bbox 1114 984 1168 1026; x_wconf 90' lang='lat' dir='ltr'><strong>ae·</strong></span> <span class='ocrx_word' id='word_1_96' title='bbox 1220 960 1415 1039; x_wconf 77' lang='lat' dir='ltr'><strong>erimantiu,</strong></span> <span class='ocrx_word' id='word_1_97' title='bbox 1438 982 1498 1026; x_wconf 93' lang='lat' dir='ltr'><strong>nos</strong></span> <span class='ocrx_word' id='word_1_98' title='bbox 1516 960 1641 1030; x_wconf 77' lang='lat' dir='ltr'><strong>Christi</strong></span> <span class='ocrx_word' id='word_1_99' title='bbox 1661 963 1865 1045; x_wconf 83' lang='lat' dir='ltr'><strong>passionibus</strong></span> <span class='ocrx_word' id='word_1_100' title='bbox 1883 965 2136 1044; x_wconf 88' lang='lat' dir='ltr'><strong>communicare;</strong></span> <span class='ocrx_word' id='word_1_101' title='bbox 2160 973 2199 1031; x_wconf 89' lang='lat' dir='ltr'><strong>ut</strong></span> 
     </span>
     <span class='ocr_line' id='line_1_9' title="bbox 188 1045 2196 1134; baseline 0.001 -20"><span class='ocrx_word' id='word_1_102' title='bbox 188 1051 259 1128; x_wconf 91' lang='lat' dir='ltr'><strong>des,</strong></span> <span class='ocrx_word' id='word_1_103' title='bbox 294 1048 430 1113; x_wconf 89' lang='lat' dir='ltr'><strong>sublatis</strong></span> <span class='ocrx_word' id='word_1_104' title='bbox 463 1049 669 1132; x_wconf 88' lang='lat' dir='ltr'><strong>propinquis,</strong></span> <span class='ocrx_word' id='word_1_105' title='bbox 709 1051 744 1112; x_wconf 93' lang='lat' dir='ltr'><strong>in</strong></span> <span class='ocrx_word' id='word_1_106' title='bbox 777 1048 985 1112; x_wconf 89' lang='lat' dir='ltr'><strong>solitudinem</strong></span> <span class='ocrx_word' id='word_1_107' title='bbox 1018 1047 1167 1113; x_wconf 87' lang='lat' dir='ltr'><strong>redactas</strong></span> <span class='ocrx_word' id='word_1_108' title='bbox 1220 1045 1494 1126; x_wconf 81' lang='lat' dir='ltr'><strong>quemadmodum</strong></span> <span class='ocrx_word' id='word_1_109' title='bbox 1516 1047 1572 1112; x_wconf 90' lang='lat' dir='ltr'><strong>ille</strong></span> <span class='ocrx_word' id='word_1_110' title='bbox 1599 1048 1808 1134; x_wconf 80' lang='lat' dir='ltr'><strong>amalorum¹</strong></span> <span class='ocrx_word' id='word_1_111' title='bbox 1832 1051 1980 1113; x_wconf 92' lang='lat' dir='ltr'><strong>omnium</strong></span> <span class='ocrx_word' id='word_1_112' title='bbox 2006 1050 2196 1134; x_wconf 86' lang='lat' dir='ltr'><strong>labyrintho</strong></span> 
     </span>
     <span class='ocr_line' id='line_1_10' title="bbox 187 1130 2197 1217; baseline 0 -16"><span class='ocrx_word' id='word_1_113' title='bbox 187 1135 311 1211; x_wconf 89' lang='lat' dir='ltr'><strong>videat,</strong></span> <span class='ocrx_word' id='word_1_114' title='bbox 343 1156 386 1199; x_wconf 93' lang='lat' dir='ltr'><strong>ne</strong></span> <span class='ocrx_word' id='word_1_115' title='bbox 408 1135 454 1200; x_wconf 90' lang='lat' dir='ltr'><strong>sic</strong></span> <span class='ocrx_word' id='word_1_116' title='bbox 482 1134 613 1217; x_wconf 92' lang='lat' dir='ltr'><strong>quidem</strong></span> <span class='ocrx_word' id='word_1_117' title='bbox 643 1134 769 1199; x_wconf 90' lang='lat' dir='ltr'><strong>desinet</strong></span> <span class='ocrx_word' id='word_1_118' title='bbox 796 1133 988 1199; x_wconf 90' lang='lat' dir='ltr'><strong>benedicere</strong></span> <span class='ocrx_word' id='word_1_119' title='bbox 1009 1134 1166 1211; x_wconf 82' lang='lat' dir='ltr'><strong>Domin03</strong></span> <span class='ocrx_word' id='word_1_120' title='bbox 1220 1130 1415 1213; x_wconf 84' lang='lat' dir='ltr'><strong>ingloriam</strong></span> <span class='ocrx_word' id='word_1_121' title='bbox 1437 1133 1609 1197; x_wconf 89' lang='lat' dir='ltr'><strong>coelestem</strong></span> <span class='ocrx_word' id='word_1_122' title='bbox 1636 1134 1805 1217; x_wconf 87' lang='lat' dir='ltr'><strong>ingressus</strong></span> <span class='ocrx_word' id='word_1_123' title='bbox 1827 1144 1891 1212; x_wconf 90' lang='lat' dir='ltr'><strong>est,</strong></span> <span class='ocrx_word' id='word_1_124' title='bbox 1924 1137 1972 1199; x_wconf 89' lang='lat' dir='ltr'><strong>ita</strong></span> <span class='ocrx_word' id='word_1_125' title='bbox 1999 1137 2035 1198; x_wconf 94' lang='lat' dir='ltr'><strong>in</strong></span> <span class='ocrx_word' id='word_1_126' title='bbox 2057 1137 2197 1213; x_wconf 89' lang='lat' dir='ltr'><strong>eandem</strong></span> 
     </span>
     <span class='ocr_line' id='line_1_11' title="bbox 187 1218 2196 1303; baseline 0.001 -18"><span class='ocrx_word' id='word_1_127' title='bbox 187 1222 266 1303; x_wconf 93' lang='lat' dir='ltr'><strong>quin</strong></span> <span class='ocrx_word' id='word_1_128' title='bbox 288 1221 396 1302; x_wconf 91' lang='lat' dir='ltr'><strong>potins</strong></span> <span class='ocrx_word' id='word_1_129' title='bbox 418 1220 460 1284; x_wconf 90' lang='lat' dir='ltr'><strong>ad</strong></span> <span class='ocrx_word' id='word_1_130' title='bbox 483 1219 568 1285; x_wconf 91' lang='lat' dir='ltr'><strong>hano</strong></span> <span class='ocrx_word' id='word_1_131' title='bbox 586 1221 816 1303; x_wconf 89' lang='lat' dir='ltr'><strong>cogitationem</strong></span> <span class='ocrx_word' id='word_1_132' title='bbox 834 1241 868 1284; x_wconf 90' lang='lat' dir='ltr'><strong>se</strong></span> <span class='ocrx_word' id='word_1_133' title='bbox 887 1226 1067 1284; x_wconf 88' lang='lat' dir='ltr'><strong>convertet:</strong></span> <span class='ocrx_word' id='word_1_134' title='bbox 1092 1241 1167 1301; x_wconf 84' lang='lat' dir='ltr'><strong>gra-</strong></span> <span class='ocrx_word' id='word_1_135' title='bbox 1220 1237 1280 1297; x_wconf 89' lang='lat' dir='ltr'><strong>per</strong></span> <span class='ocrx_word' id='word_1_136' title='bbox 1309 1218 1418 1281; x_wconf 89' lang='lat' dir='ltr'><strong>varias</strong></span> <span class='ocrx_word' id='word_1_137' title='bbox 1447 1218 1672 1284; x_wconf 87' lang='lat' dir='ltr'><strong>tribulationes</strong></span> <span class='ocrx_word' id='word_1_138' title='bbox 1693 1219 1901 1285; x_wconf 80' lang='lat' dir='ltr'><strong>deducamur.</strong></span> <span class='ocrx_word' id='word_1_139' title='bbox 1946 1218 2003 1286; x_wconf 79' lang='lat' dir='ltr'><strong>Sic</strong></span> <span class='ocrx_word' id='word_1_140' title='bbox 2031 1224 2118 1286; x_wconf 92' lang='lat' dir='ltr'><strong>enim</strong></span> <span class='ocrx_word' id='word_1_141' title='bbox 2147 1223 2196 1287; x_wconf 95' lang='lat' dir='ltr'><strong>lo-</strong></span> 
     </span>
     <span class='ocr_line' id='line_1_12' title="bbox 188 1303 2198 1391; baseline 0.001 -20"><span class='ocrx_word' id='word_1_142' title='bbox 188 1309 234 1371; x_wconf 88' lang='lat' dir='ltr'><strong>tia</strong></span> <span class='ocrx_word' id='word_1_143' title='bbox 262 1315 373 1371; x_wconf 91' lang='lat' dir='ltr'><strong>tamen</strong></span> <span class='ocrx_word' id='word_1_144' title='bbox 407 1307 557 1384; x_wconf 88' lang='lat' dir='ltr'><strong>Domini,</strong></span> <span class='ocrx_word' id='word_1_145' title='bbox 587 1327 670 1387; x_wconf 93' lang='lat' dir='ltr'><strong>quae</strong></span> <span class='ocrx_word' id='word_1_146' title='bbox 699 1306 832 1370; x_wconf 92' lang='lat' dir='ltr'><strong>domum</strong></span> <span class='ocrx_word' id='word_1_147' title='bbox 860 1327 968 1369; x_wconf 91' lang='lat' dir='ltr'><strong>meam</strong></span> <span class='ocrx_word' id='word_1_148' title='bbox 995 1305 1166 1383; x_wconf 89' lang='lat' dir='ltr'><strong>inhabitat,</strong></span> <span class='ocrx_word' id='word_1_149' title='bbox 1220 1303 1331 1383; x_wconf 88' lang='lat' dir='ltr'><strong>quitur</strong></span> <span class='ocrx_word' id='word_1_150' title='bbox 1364 1303 1441 1367; x_wconf 91' lang='lat' dir='ltr'><strong>alibi</strong></span> <span class='ocrx_word' id='word_1_151' title='bbox 1456 1304 1593 1369; x_wconf 90' lang='lat' dir='ltr'><strong>Paulus</strong></span> <span class='ocrx_word' id='word_1_152' title='bbox 1625 1306 1695 1387; x_wconf 92' lang='lat' dir='ltr'><strong>ipse</strong></span> <span class='ocrx_word' id='word_1_153' title='bbox 1728 1304 1829 1387; x_wconf 94' lang='lat' dir='ltr'><strong>(Phil.</strong></span> <span class='ocrx_word' id='word_1_154' title='bbox 1851 1311 1884 1383; x_wconf 88' lang='lat'><strong>3,</strong></span> <span class='ocrx_word' id='word_1_155' title='bbox 1907 1307 1975 1390; x_wconf 88' lang='lat'>10):</span> <span class='ocrx_word' id='word_1_156' title='bbox 2008 1308 2093 1391; x_wconf 92' lang='lat' dir='ltr'><strong>quod</strong></span> <span class='ocrx_word' id='word_1_157' title='bbox 2117 1309 2198 1373; x_wconf 94' lang='lat' dir='ltr'><strong>dum</strong></span> 
     </span>
    </p>
   </div>
   <div class='ocr_carea' id='block_1_3' title="bbox 187 1389 2308 1478">
    <p class='ocr_par' dir='ltr' id='par_1_3' title="bbox 187 1389 2308 1478">
     <span class='ocr_line' id='line_1_13' title="bbox 187 1389 2308 1478; baseline 0.001 -21"><span class='ocrx_word' id='word_1_158' title='bbox 187 1414 262 1457; x_wconf 90' lang='lat' dir='ltr'><strong>eam</strong></span> <span class='ocrx_word' id='word_1_159' title='bbox 283 1391 461 1456; x_wconf 90' lang='lat' dir='ltr'><strong>desolatam</strong></span> <span class='ocrx_word' id='word_1_160' title='bbox 483 1413 550 1455; x_wconf 92' lang='lat' dir='ltr'><strong>non</strong></span> <span class='ocrx_word' id='word_1_161' title='bbox 572 1392 742 1473; x_wconf 91' lang='lat' dir='ltr'><strong>relinquet.</strong></span> <span class='ocrx_word' id='word_1_162' title='bbox 788 1390 867 1457; x_wconf 82' lang='lat' dir='ltr'><strong>Sive</strong></span> <span class='ocrx_word' id='word_1_163' title='bbox 897 1391 1022 1455; x_wconf 90' lang='lat' dir='ltr'><strong>adustis</strong></span> <span class='ocrx_word' id='word_1_164' title='bbox 1051 1392 1168 1472; x_wconf 90' lang='lat' dir='ltr'><strong>pruina</strong></span> <span class='ocrx_word' id='word_1_165' title='bbox 1220 1389 1480 1452; x_wconf 89' lang='lat' dir='ltr'><strong>communionem</strong></span> <span class='ocrx_word' id='word_1_166' title='bbox 1504 1389 1657 1455; x_wconf 90' lang='lat' dir='ltr'><strong>discimus</strong></span> <span class='ocrx_word' id='word_1_167' title='bbox 1678 1391 1891 1456; x_wconf 86' lang='lat' dir='ltr'><strong>afflictionum</strong></span> <span class='ocrx_word' id='word_1_168' title='bbox 1912 1393 1990 1471; x_wconf 89' lang='lat' dir='ltr'><strong>eius,</strong></span> <span class='ocrx_word' id='word_1_169' title='bbox 2020 1395 2116 1458; x_wconf 92' lang='lat' dir='ltr'><strong>simul</strong></span> <span class='ocrx_word' id='word_1_170' title='bbox 2139 1416 2197 1478; x_wconf 90' lang='lat' dir='ltr'><strong>ap-</strong></span> <span class='ocrx_word' id='word_1_171' title='bbox 2305 1400 2308 1405; x_wconf 82' lang='grc'><strong>’</strong></span> 
     </span>
    </p>
   </div>
   <div class='ocr_carea' id='block_1_4' title="bbox 186 1473 2199 2249">
    <p class='ocr_par' dir='ltr' id='par_1_4' title="bbox 186 1473 2199 2249">
     <span class='ocr_line' id='line_1_14' title="bbox 188 1473 2197 1561; baseline 0.001 -18"><span class='ocrx_word' id='word_1_172' title='bbox 188 1501 223 1543; x_wconf 89' lang='lat' dir='ltr'><strong>se</strong></span> <span class='ocrx_word' id='word_1_173' title='bbox 247 1478 367 1556; x_wconf 85' lang='lat' dir='ltr'><strong>atibus,</strong></span> <span class='ocrx_word' id='word_1_174' title='bbox 402 1484 459 1541; x_wconf 89' lang='lat' dir='ltr'><strong>aut</strong></span> <span class='ocrx_word' id='word_1_175' title='bbox 476 1476 552 1561; x_wconf 91' lang='lat' dir='ltr'><strong>gelu</strong></span> <span class='ocrx_word' id='word_1_176' title='bbox 582 1479 796 1559; x_wconf 78' lang='lat' dir='ltr'><strong>consumptio,</strong></span> <span class='ocrx_word' id='word_1_177' title='bbox 833 1486 889 1541; x_wconf 91' lang='lat' dir='ltr'><strong>aut</strong></span> <span class='ocrx_word' id='word_1_178' title='bbox 910 1475 1070 1560; x_wconf 88' lang='lat' dir='ltr'><strong>grandine</strong></span> <span class='ocrx_word' id='word_1_179' title='bbox 1091 1497 1167 1559; x_wconf 91' lang='lat' dir='ltr'><strong>pro·</strong></span> <span class='ocrx_word' id='word_1_180' title='bbox 1221 1473 1454 1554; x_wconf 87' lang='lat' dir='ltr'><strong>prehendimus</strong></span> <span class='ocrx_word' id='word_1_181' title='bbox 1476 1477 1655 1556; x_wconf 87' lang='lat' dir='ltr'><strong>potentiam</strong></span> <span class='ocrx_word' id='word_1_182' title='bbox 1676 1479 1938 1556; x_wconf 90' lang='lat' dir='ltr'><strong>resurrectionis;</strong></span> <span class='ocrx_word' id='word_1_183' title='bbox 1959 1500 1997 1543; x_wconf 91' lang='lat' dir='ltr'><strong>ac</strong></span> <span class='ocrx_word' id='word_1_184' title='bbox 2019 1479 2096 1543; x_wconf 91' lang='lat' dir='ltr'><strong>dum</strong></span> <span class='ocrx_word' id='word_1_185' title='bbox 2118 1502 2197 1545; x_wconf 92' lang='lat' dir='ltr'><strong>con·</strong></span> 
     </span>
     <span class='ocr_line' id='line_1_15' title="bbox 187 1501 2198 1646; baseline 0 -16"><span class='ocrx_word' id='word_1_186' title='bbox 187 1501 330 1642; x_wconf 69' lang='lat' dir='ltr'><strong>sulcatis,</strong></span> <span class='ocrx_word' id='word_1_187' title='bbox 353 1564 526 1627; x_wconf 91' lang='lat' dir='ltr'><strong>imminere</strong></span> <span class='ocrx_word' id='word_1_188' title='bbox 543 1564 663 1628; x_wconf 84' lang='lat' dir='ltr'><strong>famem</strong></span> <span class='ocrx_word' id='word_1_189' title='bbox 680 1563 799 1640; x_wconf 85' lang='lat' dir='ltr'><strong>videat,</strong></span> <span class='ocrx_word' id='word_1_190' title='bbox 817 1585 883 1627; x_wconf 93' lang='lat' dir='ltr'><strong>non</strong></span> <span class='ocrx_word' id='word_1_191' title='bbox 901 1571 1012 1626; x_wconf 88' lang='lat' dir='ltr'><strong>tamen</strong></span> <span class='ocrx_word' id='word_1_192' title='bbox 1030 1561 1168 1645; x_wconf 89' lang='lat' dir='ltr'><strong>despon-</strong></span> <span class='ocrx_word' id='word_1_193' title='bbox 1211 1558 1340 1643; x_wconf 44' lang='lat' dir='ltr'><strong>⁸formes</strong></span> <span class='ocrx_word' id='word_1_194' title='bbox 1371 1559 1539 1626; x_wconf 89' lang='lat' dir='ltr'><strong>reddimur</strong></span> <span class='ocrx_word' id='word_1_195' title='bbox 1571 1562 1668 1626; x_wconf 91' lang='lat' dir='ltr'><strong>morti</strong></span> <span class='ocrx_word' id='word_1_196' title='bbox 1696 1563 1781 1640; x_wconf 90' lang='lat' dir='ltr'><strong>eius,</strong></span> <span class='ocrx_word' id='word_1_197' title='bbox 1814 1564 1861 1627; x_wconf 89' lang='lat' dir='ltr'><strong>ita</strong></span> <span class='ocrx_word' id='word_1_198' title='bbox 1893 1585 2127 1646; x_wconf 89' lang='lat' dir='ltr'><strong>praeparamur</strong></span> <span class='ocrx_word' id='word_1_199' title='bbox 2155 1563 2198 1631; x_wconf 88' lang='lat' dir='ltr'><strong>ad</strong></span> 
     </span>
     <span class='ocr_line' id='line_1_16' title="bbox 189 1644 2199 1730; baseline 0 -15"><span class='ocrx_word' id='word_1_200' title='bbox 189 1649 278 1715; x_wconf 93' lang='lat' dir='ltr'><strong>debit</strong></span> <span class='ocrx_word' id='word_1_201' title='bbox 299 1650 446 1714; x_wconf 90' lang='lat' dir='ltr'><strong>animum</strong></span> <span class='ocrx_word' id='word_1_202' title='bbox 467 1670 528 1714; x_wconf 90' lang='lat' dir='ltr'><strong>neo</strong></span> <span class='ocrx_word' id='word_1_203' title='bbox 550 1650 621 1713; x_wconf 90' lang='lat' dir='ltr'><strong>Deo</strong></span> <span class='ocrx_word' id='word_1_204' title='bbox 643 1649 803 1713; x_wconf 82' lang='lat' dir='ltr'><strong>invidiam</strong></span> <span class='ocrx_word' id='word_1_205' title='bbox 828 1650 938 1727; x_wconf 76' lang='lat' dir='ltr'><strong>faciet,</strong></span> <span class='ocrx_word' id='word_1_206' title='bbox 969 1647 1027 1712; x_wconf 89' lang='lat' dir='ltr'><strong>sed</strong></span> <span class='ocrx_word' id='word_1_207' title='bbox 1048 1649 1084 1711; x_wconf 89' lang='lat' dir='ltr'><strong>iu</strong></span> <span class='ocrx_word' id='word_1_208' title='bbox 1106 1649 1169 1712; x_wconf 89' lang='lat' dir='ltr'><strong>hac</strong></span> <span class='ocrx_word' id='word_1_209' title='bbox 1221 1644 1380 1727; x_wconf 85' lang='lat' dir='ltr'><strong>gloriosae</strong></span> <span class='ocrx_word' id='word_1_210' title='bbox 1406 1648 1652 1711; x_wconf 89' lang='lat' dir='ltr'><strong>resurrectionis</strong></span> <span class='ocrx_word' id='word_1_211' title='bbox 1685 1650 1892 1712; x_wconf 85' lang='lat' dir='ltr'><strong>consortium</strong></span> <span class='ocrx_word' id='word_1_212' title='bbox 1938 1649 2107 1730; x_wconf 78' lang='lat' dir='ltr'><strong>Quantum</strong></span> <span class='ocrx_word' id='word_1_213' title='bbox 2136 1653 2199 1716; x_wconf 90' lang='lat' dir='ltr'><strong>hoe</strong></span> 
     </span>
     <span class='ocr_line' id='line_1_17' title="bbox 186 1730 2198 1818; baseline 0.001 -18"><span class='ocrx_word' id='word_1_214' title='bbox 186 1735 307 1801; x_wconf 90' lang='lat' dir='ltr'><strong>fiducia</strong></span> <span class='ocrx_word' id='word_1_215' title='bbox 338 1736 556 1818; x_wconf 89' lang='lat' dir='ltr'><strong>permanebit:</strong></span> <span class='ocrx_word' id='word_1_216' title='bbox 595 1757 654 1799; x_wconf 91' lang='lat' dir='ltr'><strong>nos</strong></span> <span class='ocrx_word' id='word_1_217' title='bbox 687 1743 799 1798; x_wconf 89' lang='lat' dir='ltr'><strong>tamen</strong></span> <span class='ocrx_word' id='word_1_218' title='bbox 829 1736 865 1797; x_wconf 92' lang='lat' dir='ltr'><strong>in</strong></span> <span class='ocrx_word' id='word_1_219' title='bbox 894 1734 998 1798; x_wconf 89' lang='lat' dir='ltr'><strong>tutela</strong></span> <span class='ocrx_word' id='word_1_220' title='bbox 1033 1732 1167 1798; x_wconf 88' lang='lat' dir='ltr'><strong>Domini</strong></span> <span class='ocrx_word' id='word_1_221' title='bbox 1221 1730 1331 1794; x_wconf 87' lang='lat' dir='ltr'><strong>valere</strong></span> <span class='ocrx_word' id='word_1_222' title='bbox 1353 1739 1459 1813; x_wconf 89' lang='lat' dir='ltr'><strong>potest</strong></span> <span class='ocrx_word' id='word_1_223' title='bbox 1481 1732 1523 1796; x_wconf 91' lang='lat' dir='ltr'><strong>ad</strong></span> <span class='ocrx_word' id='word_1_224' title='bbox 1544 1732 1730 1797; x_wconf 89' lang='lat' dir='ltr'><strong>leniendam</strong></span> <span class='ocrx_word' id='word_1_225' title='bbox 1757 1755 1887 1799; x_wconf 92' lang='lat' dir='ltr'><strong>omnem</strong></span> <span class='ocrx_word' id='word_1_226' title='bbox 1914 1737 2018 1801; x_wconf 88' lang='lat' dir='ltr'><strong>crucis</strong></span> <span class='ocrx_word' id='word_1_227' title='bbox 2038 1736 2198 1802; x_wconf 85' lang='lat' dir='ltr'><strong>acerbita-</strong></span> 
     </span>
     <span class='ocr_line' id='line_1_18' title="bbox 189 1814 2196 1903; baseline 0 -16"><span class='ocrx_word' id='word_1_228' title='bbox 189 1843 311 1899; x_wconf 91' lang='lat' dir='ltr'><strong>sumus,</strong></span> <span class='ocrx_word' id='word_1_229' title='bbox 334 1829 367 1886; x_wconf 90' lang='lat' dir='ltr'><strong>et</strong></span> <span class='ocrx_word' id='word_1_230' title='bbox 388 1842 465 1885; x_wconf 87' lang='lat' dir='ltr'><strong>oves</strong></span> <span class='ocrx_word' id='word_1_231' title='bbox 487 1821 522 1884; x_wconf 91' lang='lat' dir='ltr'><strong>in</strong></span> <span class='ocrx_word' id='word_1_232' title='bbox 544 1822 673 1903; x_wconf 90' lang='lat' dir='ltr'><strong>pascuis</strong></span> <span class='ocrx_word' id='word_1_233' title='bbox 700 1822 769 1885; x_wconf 90' lang='lat' dir='ltr'><strong>eius</strong></span> <span class='ocrx_word' id='word_1_234' title='bbox 791 1820 963 1898; x_wconf 89' lang='lat' dir='ltr'><strong>educatae;</strong></span> <span class='ocrx_word' id='word_1_235' title='bbox 990 1820 1045 1883; x_wconf 92' lang='lat' dir='ltr'><strong>ille</strong></span> <span class='ocrx_word' id='word_1_236' title='bbox 1067 1821 1169 1903; x_wconf 88' lang='lat' dir='ltr'><strong>igitur</strong></span> <span class='ocrx_word' id='word_1_237' title='bbox 1221 1814 1309 1879; x_wconf 85' lang='lat' dir='ltr'><strong>tem?</strong></span> <span class='ocrx_word' id='word_1_238' title='bbox 1341 1817 1427 1898; x_wconf 92' lang='lat' dir='ltr'><strong>quod</strong></span> <span class='ocrx_word' id='word_1_239' title='bbox 1454 1839 1517 1900; x_wconf 93' lang='lat' dir='ltr'><strong>quo</strong></span> <span class='ocrx_word' id='word_1_240' title='bbox 1544 1820 1650 1901; x_wconf 85' lang='lat' dir='ltr'><strong>magis</strong></span> <span class='ocrx_word' id='word_1_241' title='bbox 1683 1819 1780 1884; x_wconf 91' lang='lat' dir='ltr'><strong>rebus</strong></span> <span class='ocrx_word' id='word_1_242' title='bbox 1815 1819 1960 1886; x_wconf 81' lang='lat' dir='ltr'><strong>adversis</strong></span> <span class='ocrx_word' id='word_1_243' title='bbox 1992 1823 2196 1901; x_wconf 81' lang='lat' dir='ltr'><strong>afflictemur,</strong></span> 
     </span>
     <span class='ocr_line' id='line_1_19' title="bbox 190 1903 2196 1988; baseline 0.001 -16"><span class='ocrx_word' id='word_1_244' title='bbox 190 1908 345 1972; x_wconf 90' lang='lat' dir='ltr'><strong>alimenta</strong></span> <span class='ocrx_word' id='word_1_245' title='bbox 367 1907 469 1983; x_wconf 90' lang='lat' dir='ltr'><strong>nobis,</strong></span> <span class='ocrx_word' id='word_1_246' title='bbox 493 1908 593 1970; x_wconf 90' lang='lat' dir='ltr'><strong>etiam</strong></span> <span class='ocrx_word' id='word_1_247' title='bbox 614 1908 649 1969; x_wconf 92' lang='lat' dir='ltr'><strong>in</strong></span> <span class='ocrx_word' id='word_1_248' title='bbox 671 1912 820 1970; x_wconf 75' lang='lat' dir='ltr'><strong>extrema</strong></span> <span class='ocrx_word' id='word_1_249' title='bbox 841 1905 1020 1983; x_wconf 85' lang='lat' dir='ltr'><strong>sterilitate,</strong></span> <span class='ocrx_word' id='word_1_250' title='bbox 1049 1925 1167 1988; x_wconf 88' lang='lat' dir='ltr'><strong>suppe·</strong></span> <span class='ocrx_word' id='word_1_251' title='bbox 1222 1922 1259 1965; x_wconf 90' lang='lat' dir='ltr'><strong>eo</strong></span> <span class='ocrx_word' id='word_1_252' title='bbox 1280 1903 1401 1966; x_wconf 89' lang='lat' dir='ltr'><strong>certius</strong></span> <span class='ocrx_word' id='word_1_253' title='bbox 1424 1905 1634 1968; x_wconf 89' lang='lat' dir='ltr'><strong>confirmatur</strong></span> <span class='ocrx_word' id='word_1_254' title='bbox 1660 1913 1773 1969; x_wconf 90' lang='lat' dir='ltr'><strong>nostra</strong></span> <span class='ocrx_word' id='word_1_255' title='bbox 1795 1927 1869 1970; x_wconf 92' lang='lat' dir='ltr'><strong>cum</strong></span> <span class='ocrx_word' id='word_1_256' title='bbox 1891 1905 2023 1972; x_wconf 78' lang='lat' dir='ltr'><strong>Christo</strong></span> <span class='ocrx_word' id='word_1_257' title='bbox 2046 1910 2196 1988; x_wconf 89' lang='lat' dir='ltr'><strong>societas;</strong></span> 
     </span>
     <span class='ocr_line' id='line_1_20' title="bbox 191 1987 2197 2073; baseline 0 -16"><span class='ocrx_word' id='word_1_258' title='bbox 191 1992 314 2057; x_wconf 86' lang='lat' dir='ltr'><strong>ditabit.</strong></span> <span class='ocrx_word' id='word_1_259' title='bbox 361 1989 442 2057; x_wconf 78' lang='lat' dir='ltr'><strong>Sive</strong></span> <span class='ocrx_word' id='word_1_260' title='bbox 472 1994 584 2057; x_wconf 88' lang='lat' dir='ltr'><strong>morbo</strong></span> <span class='ocrx_word' id='word_1_261' title='bbox 613 1992 837 2069; x_wconf 87' lang='lat' dir='ltr'><strong>afflictabitur,</strong></span> <span class='ocrx_word' id='word_1_262' title='bbox 867 2013 909 2056; x_wconf 92' lang='lat' dir='ltr'><strong>ne</strong></span> <span class='ocrx_word' id='word_1_263' title='bbox 937 1999 1008 2054; x_wconf 92' lang='lat' dir='ltr'><strong>tum</strong></span> <span class='ocrx_word' id='word_1_264' title='bbox 1037 1991 1168 2073; x_wconf 90' lang='lat' dir='ltr'><strong>quidem</strong></span> <span class='ocrx_word' id='word_1_265' title='bbox 1221 1987 1312 2051; x_wconf 92' lang='lat' dir='ltr'><strong>cuius</strong></span> <span class='ocrx_word' id='word_1_266' title='bbox 1334 1991 1560 2054; x_wconf 86' lang='lat' dir='ltr'><strong>communione</strong></span> <span class='ocrx_word' id='word_1_267' title='bbox 1581 1991 1747 2072; x_wconf 87' lang='lat' dir='ltr'><strong>passiones</strong></span> <span class='ocrx_word' id='word_1_268' title='bbox 1768 1992 1858 2073; x_wconf 87' lang='lat' dir='ltr'><strong>ipsae</strong></span> <span class='ocrx_word' id='word_1_269' title='bbox 1885 2014 1952 2056; x_wconf 91' lang='lat' dir='ltr'><strong>non</strong></span> <span class='ocrx_word' id='word_1_270' title='bbox 1975 1993 2069 2058; x_wconf 92' lang='lat' dir='ltr'><strong>modo</strong></span> <span class='ocrx_word' id='word_1_271' title='bbox 2096 1994 2197 2059; x_wconf 88' lang='lat' dir='ltr'><strong>bene-</strong></span> 
     </span>
     <span class='ocr_line' id='line_1_21' title="bbox 190 2072 2196 2162; baseline 0 -18"><span class='ocrx_word' id='word_1_272' title='bbox 190 2080 362 2162; x_wconf 82' lang='lat' dir='ltr'><strong>trangetur</strong></span> <span class='ocrx_word' id='word_1_273' title='bbox 402 2077 521 2143; x_wconf 88' lang='lat' dir='ltr'><strong>doloris</strong></span> <span class='ocrx_word' id='word_1_274' title='bbox 559 2072 750 2155; x_wconf 74' lang='lat' dir='ltr'><strong>acerbitate,</strong></span> <span class='ocrx_word' id='word_1_275' title='bbox 788 2086 826 2140; x_wconf 92' lang='lat' dir='ltr'><strong>ut</strong></span> <span class='ocrx_word' id='word_1_276' title='bbox 854 2077 896 2141; x_wconf 88' lang='lat' dir='ltr'><strong>ad</strong></span> <span class='ocrx_word' id='word_1_277' title='bbox 929 2078 1168 2159; x_wconf 89' lang='lat' dir='ltr'><strong>impatientiam</strong></span> <span class='ocrx_word' id='word_1_278' title='bbox 1220 2072 1326 2137; x_wconf 85' lang='lat' dir='ltr'><strong>dictae</strong></span> <span class='ocrx_word' id='word_1_279' title='bbox 1354 2074 1460 2140; x_wconf 88' lang='lat' dir='ltr'><strong>nobis</strong></span> <span class='ocrx_word' id='word_1_280' title='bbox 1479 2076 1579 2154; x_wconf 89' lang='lat' dir='ltr'><strong>fiunt,</strong></span> <span class='ocrx_word' id='word_1_281' title='bbox 1614 2076 1671 2140; x_wconf 92' lang='lat' dir='ltr'><strong>sed</strong></span> <span class='ocrx_word' id='word_1_282' title='bbox 1704 2076 1746 2140; x_wconf 93' lang='lat' dir='ltr'><strong>ad</strong></span> <span class='ocrx_word' id='word_1_283' title='bbox 1777 2079 2032 2158; x_wconf 83' lang='lat' dir='ltr'><strong>promovendam</strong></span> <span class='ocrx_word' id='word_1_284' title='bbox 2067 2101 2196 2162; x_wconf 92' lang='lat' dir='ltr'><strong>quoque</strong></span> 
     </span>
     <span class='ocr_line' id='line_1_22' title="bbox 190 2159 2064 2249; baseline 0.001 -21"><span class='ocrx_word' id='word_1_285' title='bbox 190 2170 393 2249; x_wconf 89' lang='lat' dir='ltr'><strong>prorumpat,</strong></span> <span class='ocrx_word' id='word_1_286' title='bbox 416 2171 520 2246; x_wconf 87' lang='lat' dir='ltr'><strong>atque</strong></span> <span class='ocrx_word' id='word_1_287' title='bbox 530 2164 577 2228; x_wconf 92' lang='lat' dir='ltr'><strong>ita</strong></span> <span class='ocrx_word' id='word_1_288' title='bbox 594 2185 669 2229; x_wconf 91' lang='lat' dir='ltr'><strong>eum</strong></span> <span class='ocrx_word' id='word_1_289' title='bbox 686 2164 758 2228; x_wconf 91' lang='lat' dir='ltr'><strong>Deo</strong></span> <span class='ocrx_word' id='word_1_290' title='bbox 776 2163 974 2245; x_wconf 80' lang='lat' dir='ltr'><strong>expostulet3</strong></span> <span class='ocrx_word' id='word_1_291' title='bbox 994 2162 1051 2227; x_wconf 93' lang='lat' dir='ltr'><strong>sed</strong></span> <span class='ocrx_word' id='word_1_292' title='bbox 1073 2163 1167 2226; x_wconf 87' lang='lat' dir='ltr'><strong>iusti-</strong></span> <span class='ocrx_word' id='word_1_293' title='bbox 1221 2167 1366 2222; x_wconf 84' lang='lat' dir='ltr'><strong>nostram</strong></span> <span class='ocrx_word' id='word_1_294' title='bbox 1388 2159 1525 2225; x_wconf 88' lang='lat' dir='ltr'><strong>salutem</strong></span> <span class='ocrx_word' id='word_1_295' title='bbox 1548 2162 1690 2226; x_wconf 88' lang='lat' dir='ltr'><strong>multum</strong></span> <span class='ocrx_word' id='word_1_296' title='bbox 1713 2163 1855 2227; x_wconf 87' lang='lat' dir='ltr'><strong>affenmt</strong></span> <span class='ocrx_word' id='word_1_297' title='bbox 1877 2164 2064 2229; x_wconf 89' lang='lat' dir='ltr'><strong>adiumenti.</strong></span> 
     </span>
    </p>
   </div>
   <div class='ocr_carea' id='block_1_5' title="bbox 96 2245 2194 2329">
    <p class='ocr_par' dir='ltr' id='par_1_5' title="bbox 96 2245 2194 2329">
     <span class='ocr_line' id='line_1_23' title="bbox 96 2245 2194 2329; baseline 0.001 -15"><span class='ocrx_word' id='word_1_298' title='bbox 96 2254 98 2260; x_wconf 87' lang='lat'>&#39;</span> <span class='ocrx_word' id='word_1_299' title='bbox 190 2252 271 2315; x_wconf 89' lang='lat' dir='ltr'><strong>tiam</strong></span> <span class='ocrx_word' id='word_1_300' title='bbox 299 2271 337 2314; x_wconf 89' lang='lat' dir='ltr'><strong>ac</strong></span> <span class='ocrx_word' id='word_1_301' title='bbox 370 2249 537 2314; x_wconf 90' lang='lat' dir='ltr'><strong>lenitatem</strong></span> <span class='ocrx_word' id='word_1_302' title='bbox 566 2251 600 2313; x_wconf 95' lang='lat' dir='ltr'><strong>in</strong></span> <span class='ocrx_word' id='word_1_303' title='bbox 629 2250 694 2313; x_wconf 92' lang='lat' dir='ltr'><strong>Dei</strong></span> <span class='ocrx_word' id='word_1_304' title='bbox 726 2249 845 2313; x_wconf 83' lang='lat' dir='ltr'><strong>ferula</strong></span> <span class='ocrx_word' id='word_1_305' title='bbox 865 2247 1099 2314; x_wconf 90' lang='lat' dir='ltr'><strong>considerando</strong></span> <span class='ocrx_word' id='word_1_306' title='bbox 1126 2248 1167 2312; x_wconf 92' lang='lat' dir='ltr'><strong>ad</strong></span> <span class='ocrx_word' id='word_1_307' title='bbox 1310 2248 1357 2307; x_wconf 85' lang='grc'><strong>16.</strong></span> <span class='ocrx_word' id='word_1_308' title='bbox 1402 2245 1498 2310; x_wconf 84' lang='lat' dir='ltr'><strong>Adde</strong></span> <span class='ocrx_word' id='word_1_309' title='bbox 1520 2246 1606 2329; x_wconf 91' lang='lat' dir='ltr'><strong>quod</strong></span> <span class='ocrx_word' id='word_1_310' title='bbox 1625 2248 1788 2312; x_wconf 87' lang='lat' dir='ltr'><strong>Dominus</strong></span> <span class='ocrx_word' id='word_1_311' title='bbox 1808 2259 1920 2314; x_wconf 86' lang='lat' dir='ltr'><strong>noster</strong></span> <span class='ocrx_word' id='word_1_312' title='bbox 1941 2272 2071 2316; x_wconf 90' lang='lat' dir='ltr'><strong>crucem</strong></span> <span class='ocrx_word' id='word_1_313' title='bbox 2087 2253 2194 2316; x_wconf 89' lang='lat' dir='ltr'><strong>feren·</strong></span> 
     </span>
    </p>
   </div>
   <div class='ocr_carea' id='block_1_6' title="bbox 113 2328 2216 5252">
    <p class='ocr_par' dir='ltr' id='par_1_6' title="bbox 187 2328 2196 3619">
     <span class='ocr_line' id='line_1_24' title="bbox 190 2328 2195 2417; baseline 0.001 -17"><span class='ocrx_word' id='word_1_314' title='bbox 190 2335 398 2401; x_wconf 85' lang='lat' dir='ltr'><strong>tolerantiam</strong></span> <span class='ocrx_word' id='word_1_315' title='bbox 416 2357 450 2400; x_wconf 91' lang='lat' dir='ltr'><strong>se</strong></span> <span class='ocrx_word' id='word_1_316' title='bbox 468 2336 640 2400; x_wconf 86' lang='lat' dir='ltr'><strong>revocabit</strong></span> <span class='ocrx_word' id='word_1_317' title='bbox 685 2334 836 2416; x_wconf 90' lang='lat' dir='ltr'><strong>Denique</strong></span> <span class='ocrx_word' id='word_1_318' title='bbox 854 2334 1009 2417; x_wconf 92' lang='lat' dir='ltr'><strong>quidquid</strong></span> <span class='ocrx_word' id='word_1_319' title='bbox 1028 2335 1166 2412; x_wconf 86' lang='lat' dir='ltr'><strong>eveniet,</strong></span> <span class='ocrx_word' id='word_1_320' title='bbox 1221 2328 1297 2393; x_wconf 89' lang='lat' dir='ltr'><strong>dam</strong></span> <span class='ocrx_word' id='word_1_321' title='bbox 1319 2332 1482 2413; x_wconf 90' lang='lat' dir='ltr'><strong>suscipere</strong></span> <span class='ocrx_word' id='word_1_322' title='bbox 1504 2333 1587 2396; x_wconf 92' lang='lat' dir='ltr'><strong>nihil</strong></span> <span class='ocrx_word' id='word_1_323' title='bbox 1608 2355 1741 2398; x_wconf 89' lang='lat' dir='ltr'><strong>neeesse</strong></span> <span class='ocrx_word' id='word_1_324' title='bbox 1763 2334 1894 2413; x_wconf 90' lang='lat' dir='ltr'><strong>habuit,</strong></span> <span class='ocrx_word' id='word_1_325' title='bbox 1917 2337 1981 2401; x_wconf 89' lang='lat' dir='ltr'><strong>nisi</strong></span> <span class='ocrx_word' id='word_1_326' title='bbox 2002 2337 2043 2401; x_wconf 89' lang='lat' dir='ltr'><strong>ad</strong></span> <span class='ocrx_word' id='word_1_327' title='bbox 2070 2344 2195 2402; x_wconf 87' lang='lat' dir='ltr'><strong>testan-</strong></span> 
     </span>
     <span class='ocr_line' id='line_1_25' title="bbox 189 2415 2196 2506; baseline 0.001 -21"><span class='ocrx_word' id='word_1_328' title='bbox 189 2421 266 2506; x_wconf 91' lang='lat' dir='ltr'><strong>quia</strong></span> <span class='ocrx_word' id='word_1_329' title='bbox 288 2422 368 2486; x_wconf 92' lang='lat' dir='ltr'><strong>sciet</strong></span> <span class='ocrx_word' id='word_1_330' title='bbox 389 2442 490 2485; x_wconf 90' lang='lat' dir='ltr'><strong>manu</strong></span> <span class='ocrx_word' id='word_1_331' title='bbox 511 2421 648 2485; x_wconf 89' lang='lat' dir='ltr'><strong>Domini</strong></span> <span class='ocrx_word' id='word_1_332' title='bbox 670 2420 870 2497; x_wconf 88' lang='lat' dir='ltr'><strong>ordinatum,</strong></span> <span class='ocrx_word' id='word_1_333' title='bbox 901 2420 1028 2502; x_wconf 87' lang='lat' dir='ltr'><strong>placido</strong></span> <span class='ocrx_word' id='word_1_334' title='bbox 1058 2428 1166 2503; x_wconf 89' lang='lat' dir='ltr'><strong>grato·</strong></span> <span class='ocrx_word' id='word_1_335' title='bbox 1220 2415 1296 2478; x_wconf 86' lang='lat' dir='ltr'><strong>dam</strong></span> <span class='ocrx_word' id='word_1_336' title='bbox 1318 2418 1626 2500; x_wconf 88' lang='lat' dir='ltr'><strong>approbandamque</strong></span> <span class='ocrx_word' id='word_1_337' title='bbox 1654 2421 1741 2503; x_wconf 89' lang='lat' dir='ltr'><strong>patri</strong></span> <span class='ocrx_word' id='word_1_338' title='bbox 1763 2441 1857 2484; x_wconf 90' lang='lat' dir='ltr'><strong>snam</strong></span> <span class='ocrx_word' id='word_1_339' title='bbox 1879 2421 2109 2501; x_wconf 90' lang='lat' dir='ltr'><strong>obedientiam;</strong></span> <span class='ocrx_word' id='word_1_340' title='bbox 2135 2445 2196 2487; x_wconf 93' lang='lat' dir='ltr'><strong>no-</strong></span> 
     </span>
     <span class='ocr_line' id='line_1_26' title="bbox 191 2501 2196 2595; baseline 0.001 -24"><span class='ocrx_word' id='word_1_341' title='bbox 191 2529 253 2595; x_wconf 86' lang='lat' dir='ltr'><strong>que</strong></span> <span class='ocrx_word' id='word_1_342' title='bbox 275 2508 384 2571; x_wconf 91' lang='lat' dir='ltr'><strong>animo</strong></span> <span class='ocrx_word' id='word_1_343' title='bbox 405 2507 573 2588; x_wconf 88' lang='lat' dir='ltr'><strong>suscipiet;</strong></span> <span class='ocrx_word' id='word_1_344' title='bbox 603 2528 644 2570; x_wconf 90' lang='lat' dir='ltr'><strong>ne</strong></span> <span class='ocrx_word' id='word_1_345' title='bbox 672 2507 907 2572; x_wconf 86' lang='lat' dir='ltr'><strong>contumaciter</strong></span> <span class='ocrx_word' id='word_1_346' title='bbox 934 2508 1003 2571; x_wconf 90' lang='lat' dir='ltr'><strong>eius</strong></span> <span class='ocrx_word' id='word_1_347' title='bbox 1030 2507 1166 2588; x_wconf 86' lang='lat' dir='ltr'><strong>imperio</strong></span> <span class='ocrx_word' id='word_1_348' title='bbox 1219 2501 1366 2566; x_wconf 89' lang='lat' dir='ltr'><strong>hisvero</strong></span> <span class='ocrx_word' id='word_1_349' title='bbox 1388 2503 1500 2568; x_wconf 89' lang='lat' dir='ltr'><strong>multis</strong></span> <span class='ocrx_word' id='word_1_350' title='bbox 1520 2506 1700 2575; x_wconf 90' lang='lat' dir='ltr'><strong>rationibus</strong></span> <span class='ocrx_word' id='word_1_351' title='bbox 1726 2527 1859 2571; x_wconf 87' lang='lat' dir='ltr'><strong>necesse</strong></span> <span class='ocrx_word' id='word_1_352' title='bbox 1880 2516 1944 2583; x_wconf 88' lang='lat' dir='ltr'><strong>est,</strong></span> <span class='ocrx_word' id='word_1_353' title='bbox 1972 2511 2033 2574; x_wconf 91' lang='lat' dir='ltr'><strong>sub</strong></span> <span class='ocrx_word' id='word_1_354' title='bbox 2064 2508 2196 2573; x_wconf 86' lang='lat' dir='ltr'><strong>assidua</strong></span> 
     </span>
     <span class='ocr_line' id='line_1_27' title="bbox 191 2589 2194 2675; baseline 0 -18"><span class='ocrx_word' id='word_1_355' title='bbox 191 2593 335 2669; x_wconf 88' lang='lat' dir='ltr'><strong>resistat,</strong></span> <span class='ocrx_word' id='word_1_356' title='bbox 357 2593 450 2657; x_wconf 90' lang='lat' dir='ltr'><strong>cuius</strong></span> <span class='ocrx_word' id='word_1_357' title='bbox 476 2593 511 2655; x_wconf 88' lang='lat' dir='ltr'><strong>in</strong></span> <span class='ocrx_word' id='word_1_358' title='bbox 539 2600 698 2675; x_wconf 88' lang='lat' dir='ltr'><strong>potestate</strong></span> <span class='ocrx_word' id='word_1_359' title='bbox 728 2613 762 2657; x_wconf 89' lang='lat' dir='ltr'><strong>se</strong></span> <span class='ocrx_word' id='word_1_360' title='bbox 785 2613 907 2674; x_wconf 89' lang='lat' dir='ltr'><strong>suaque</strong></span> <span class='ocrx_word' id='word_1_361' title='bbox 928 2593 1038 2657; x_wconf 91' lang='lat' dir='ltr'><strong>omnia</strong></span> <span class='ocrx_word' id='word_1_362' title='bbox 1066 2591 1167 2656; x_wconf 89' lang='lat' dir='ltr'><strong>semel</strong></span> <span class='ocrx_word' id='word_1_363' title='bbox 1219 2609 1315 2652; x_wconf 86' lang='lat' dir='ltr'><strong>cruce</strong></span> <span class='ocrx_word' id='word_1_364' title='bbox 1348 2589 1450 2653; x_wconf 83' lang='lat' dir='ltr'><strong>vitam</strong></span> <span class='ocrx_word' id='word_1_365' title='bbox 1483 2589 1609 2673; x_wconf 90' lang='lat' dir='ltr'><strong>degere.</strong></span> <span class='ocrx_word' id='word_1_366' title='bbox 1654 2592 1818 2670; x_wconf 91' lang='lat' dir='ltr'><strong>Primum,</strong></span> <span class='ocrx_word' id='word_1_367' title='bbox 1853 2602 1890 2656; x_wconf 93' lang='lat' dir='ltr'><strong>ut</strong></span> <span class='ocrx_word' id='word_1_368' title='bbox 1915 2600 2032 2658; x_wconf 88' lang='lat' dir='ltr'><strong>natura</strong></span> <span class='ocrx_word' id='word_1_369' title='bbox 2055 2595 2194 2658; x_wconf 89' lang='lat' dir='ltr'><strong>nimium</strong></span> 
     </span>
     <span class='ocr_line' id='line_1_28' title="bbox 189 2675 2190 2762; baseline -0 -19"><span class='ocrx_word' id='word_1_370' title='bbox 189 2679 345 2762; x_wconf 91' lang='lat' dir='ltr'><strong>permisit.</strong></span> <span class='ocrx_word' id='word_1_371' title='bbox 389 2679 546 2743; x_wconf 82' lang='lat' dir='ltr'><strong>Facessat</strong></span> <span class='ocrx_word' id='word_1_372' title='bbox 580 2680 616 2743; x_wconf 93' lang='lat' dir='ltr'><strong>in</strong></span> <span class='ocrx_word' id='word_1_373' title='bbox 647 2679 763 2761; x_wconf 91' lang='lat' dir='ltr'><strong>primis</strong></span> <span class='ocrx_word' id='word_1_374' title='bbox 789 2699 809 2742; x_wconf 90' lang='lat' dir='ltr'><strong>a</strong></span> <span class='ocrx_word' id='word_1_375' title='bbox 835 2684 965 2761; x_wconf 83' lang='lat' dir='ltr'><strong>pectore</strong></span> <span class='ocrx_word' id='word_1_376' title='bbox 998 2678 1168 2743; x_wconf 89' lang='lat' dir='ltr'><strong>christiani</strong></span> <span class='ocrx_word' id='word_1_377' title='bbox 1219 2676 1373 2756; x_wconf 90' lang='lat' dir='ltr'><strong>propensi</strong></span> <span class='ocrx_word' id='word_1_378' title='bbox 1395 2697 1509 2740; x_wconf 92' lang='lat' dir='ltr'><strong>sumus</strong></span> <span class='ocrx_word' id='word_1_379' title='bbox 1536 2675 1578 2740; x_wconf 91' lang='lat' dir='ltr'><strong>ad</strong></span> <span class='ocrx_word' id='word_1_380' title='bbox 1607 2678 1716 2741; x_wconf 89' lang='lat' dir='ltr'><strong>omnia</strong></span> <span class='ocrx_word' id='word_1_381' title='bbox 1742 2679 1832 2742; x_wconf 90' lang='lat' dir='ltr'><strong>carni</strong></span> <span class='ocrx_word' id='word_1_382' title='bbox 1861 2687 1991 2743; x_wconf 88' lang='lat' dir='ltr'><strong>nostrae</strong></span> <span class='ocrx_word' id='word_1_383' title='bbox 2012 2679 2190 2759; x_wconf 87' lang='lat' dir='ltr'><strong>tribuenda,</strong></span> 
     </span>
     <span class='ocr_line' id='line_1_29' title="bbox 190 2761 2192 2830; baseline 0 -2"><span class='ocrx_word' id='word_1_384' title='bbox 190 2764 331 2829; x_wconf 90' lang='lat' dir='ltr'><strong>hominis</strong></span> <span class='ocrx_word' id='word_1_385' title='bbox 353 2764 453 2828; x_wconf 87' lang='lat' dir='ltr'><strong>stulta</strong></span> <span class='ocrx_word' id='word_1_386' title='bbox 473 2763 532 2828; x_wconf 92' lang='lat' dir='ltr'><strong>illa</strong></span> <span class='ocrx_word' id='word_1_387' title='bbox 553 2771 587 2829; x_wconf 90' lang='lat' dir='ltr'><strong>et</strong></span> <span class='ocrx_word' id='word_1_388' title='bbox 607 2765 792 2830; x_wconf 90' lang='lat' dir='ltr'><strong>miserrima</strong></span> <span class='ocrx_word' id='word_1_389' title='bbox 818 2762 1022 2829; x_wconf 91' lang='lat' dir='ltr'><strong>ethnicorum</strong></span> <span class='ocrx_word' id='word_1_390' title='bbox 1054 2785 1168 2829; x_wconf 91' lang='lat' dir='ltr'><strong>conso-</strong></span> <span class='ocrx_word' id='word_1_391' title='bbox 1219 2761 1285 2825; x_wconf 86' lang='lat' dir='ltr'><strong>nisi</strong></span> <span class='ocrx_word' id='word_1_392' title='bbox 1301 2761 1394 2826; x_wconf 91' lang='lat' dir='ltr'><strong>nobis</strong></span> <span class='ocrx_word' id='word_1_393' title='bbox 1411 2761 1617 2827; x_wconf 85' lang='lat' dir='ltr'><strong>imbecillitas</strong></span> <span class='ocrx_word' id='word_1_394' title='bbox 1634 2769 1746 2829; x_wconf 91' lang='lat' dir='ltr'><strong>nostra</strong></span> <span class='ocrx_word' id='word_1_395' title='bbox 1763 2763 1854 2829; x_wconf 85' lang='lat' dir='ltr'><strong>velut</strong></span> <span class='ocrx_word' id='word_1_396' title='bbox 1870 2764 1962 2828; x_wconf 92' lang='lat' dir='ltr'><strong>oculo</strong></span> <span class='ocrx_word' id='word_1_397' title='bbox 1974 2764 2192 2829; x_wconf 84' lang='lat' dir='ltr'><strong>demonstrata</strong></span> 
     </span>
     <span class='ocr_line' id='line_1_30' title="bbox 190 2846 2193 2933; baseline 0 -19"><span class='ocrx_word' id='word_1_398' title='bbox 190 2850 282 2929; x_wconf 90' lang='lat' dir='ltr'><strong>latio,</strong></span> <span class='ocrx_word' id='word_1_399' title='bbox 316 2851 372 2932; x_wconf 93' lang='lat' dir='ltr'><strong>qui</strong></span> <span class='ocrx_word' id='word_1_400' title='bbox 400 2856 438 2913; x_wconf 91' lang='lat' dir='ltr'><strong>ut</strong></span> <span class='ocrx_word' id='word_1_401' title='bbox 465 2851 613 2914; x_wconf 89' lang='lat' dir='ltr'><strong>animum</strong></span> <span class='ocrx_word' id='word_1_402' title='bbox 640 2857 754 2916; x_wconf 87' lang='lat' dir='ltr'><strong>contra</strong></span> <span class='ocrx_word' id='word_1_403' title='bbox 781 2871 833 2914; x_wconf 90' lang='lat' dir='ltr'><strong>res</strong></span> <span class='ocrx_word' id='word_1_404' title='bbox 867 2849 1022 2914; x_wconf 84' lang='lat' dir='ltr'><strong>adversas</strong></span> <span class='ocrx_word' id='word_1_405' title='bbox 1050 2852 1167 2915; x_wconf 89' lang='lat' dir='ltr'><strong>contir-</strong></span> <span class='ocrx_word' id='word_1_406' title='bbox 1219 2846 1327 2925; x_wconf 78' lang='lat' dir='ltr'><strong>fuerit</strong></span> <span class='ocrx_word' id='word_1_407' title='bbox 1348 2847 1443 2912; x_wconf 87' lang='lat' dir='ltr'><strong>facile</strong></span> <span class='ocrx_word' id='word_1_408' title='bbox 1464 2847 1621 2912; x_wconf 86' lang='lat' dir='ltr'><strong>virtutem</strong></span> <span class='ocrx_word' id='word_1_409' title='bbox 1642 2856 1786 2913; x_wconf 90' lang='lat' dir='ltr'><strong>nostram</strong></span> <span class='ocrx_word' id='word_1_410' title='bbox 1806 2872 1906 2933; x_wconf 90' lang='lat' dir='ltr'><strong>supra</strong></span> <span class='ocrx_word' id='word_1_411' title='bbox 1923 2851 2044 2916; x_wconf 92' lang='lat' dir='ltr'><strong>iustum</strong></span> <span class='ocrx_word' id='word_1_412' title='bbox 2059 2848 2193 2914; x_wconf 88' lang='lat' dir='ltr'><strong>modum</strong></span> 
     </span>
     <span class='ocr_line' id='line_1_31' title="bbox 190 2933 2195 3019; baseline 0 -19"><span class='ocrx_word' id='word_1_413' title='bbox 190 2942 329 3013; x_wconf 86' lang='lat' dir='ltr'><strong>merent,</strong></span> <span class='ocrx_word' id='word_1_414' title='bbox 357 2958 413 3001; x_wconf 89' lang='lat' dir='ltr'><strong>eas</strong></span> <span class='ocrx_word' id='word_1_415' title='bbox 434 2936 585 3000; x_wconf 85' lang='lat' dir='ltr'><strong>fortunae</strong></span> <span class='ocrx_word' id='word_1_416' title='bbox 606 2936 827 3019; x_wconf 91' lang='lat' dir='ltr'><strong>imputabant;</strong></span> <span class='ocrx_word' id='word_1_417' title='bbox 856 2944 970 3001; x_wconf 80' lang='lat' dir='ltr'><strong>contm</strong></span> <span class='ocrx_word' id='word_1_418' title='bbox 996 2957 1094 3017; x_wconf 89' lang='lat' dir='ltr'><strong>quarn</strong></span> <span class='ocrx_word' id='word_1_419' title='bbox 1116 2937 1168 2999; x_wconf 91' lang='lat' dir='ltr'><strong>in-</strong></span> <span class='ocrx_word' id='word_1_420' title='bbox 1220 2933 1439 3012; x_wconf 89' lang='lat' dir='ltr'><strong>aestimamus,</strong></span> <span class='ocrx_word' id='word_1_421' title='bbox 1458 2953 1519 2997; x_wconf 89' lang='lat' dir='ltr'><strong>nee</strong></span> <span class='ocrx_word' id='word_1_422' title='bbox 1537 2933 1733 3012; x_wconf 88' lang='lat' dir='ltr'><strong>dubitamus,</strong></span> <span class='ocrx_word' id='word_1_423' title='bbox 1751 2935 1907 3018; x_wconf 91' lang='lat' dir='ltr'><strong>quidquid</strong></span> <span class='ocrx_word' id='word_1_424' title='bbox 1921 2938 2057 3015; x_wconf 89' lang='lat' dir='ltr'><strong>eveniat,</strong></span> <span class='ocrx_word' id='word_1_425' title='bbox 2079 2943 2195 3001; x_wconf 88' lang='lat' dir='ltr'><strong>eontra</strong></span> 
     </span>
     <span class='ocr_line' id='line_1_32' title="bbox 190 3017 2193 3106; baseline 0 -20"><span class='ocrx_word' id='word_1_426' title='bbox 190 3021 321 3106; x_wconf 88' lang='lat' dir='ltr'><strong>dignari</strong></span> <span class='ocrx_word' id='word_1_427' title='bbox 343 3021 480 3086; x_wconf 92' lang='lat' dir='ltr'><strong>stultum</strong></span> <span class='ocrx_word' id='word_1_428' title='bbox 502 3043 572 3087; x_wconf 90' lang='lat' dir='ltr'><strong>esse</strong></span> <span class='ocrx_word' id='word_1_429' title='bbox 594 3020 792 3101; x_wconf 89' lang='lat' dir='ltr'><strong>iudicabant,</strong></span> <span class='ocrx_word' id='word_1_430' title='bbox 816 3020 901 3103; x_wconf 94' lang='lat' dir='ltr'><strong>quod</strong></span> <span class='ocrx_word' id='word_1_431' title='bbox 924 3017 1057 3094; x_wconf 79' lang='grc' dir='ltr'><strong><em>ἄσκοπος</em></strong></span> <span class='ocrx_word' id='word_1_432' title='bbox 1083 3030 1169 3086; x_wconf 91' lang='lat' dir='ltr'><strong>esset</strong></span> <span class='ocrx_word' id='word_1_433' title='bbox 1219 3038 1332 3083; x_wconf 90' lang='lat' dir='ltr'><strong>omnes</strong></span> <span class='ocrx_word' id='word_1_434' title='bbox 1350 3017 1558 3084; x_wconf 88' lang='lat' dir='ltr'><strong>difficultates</strong></span> <span class='ocrx_word' id='word_1_435' title='bbox 1576 3021 1748 3085; x_wconf 87' lang='lat' dir='ltr'><strong>infractam</strong></span> <span class='ocrx_word' id='word_1_436' title='bbox 1766 3021 1836 3087; x_wconf 81' lang='lat' dir='ltr'><strong>fore</strong></span> <span class='ocrx_word' id='word_1_437' title='bbox 1858 3030 1893 3087; x_wconf 89' lang='lat' dir='ltr'><strong>et</strong></span> <span class='ocrx_word' id='word_1_438' title='bbox 1909 3023 2072 3087; x_wconf 87' lang='lat' dir='ltr'><strong>invictam.</strong></span> <span class='ocrx_word' id='word_1_439' title='bbox 2095 3020 2193 3087; x_wconf 90' lang='lat' dir='ltr'><strong>Unde</strong></span> 
     </span>
     <span class='ocr_line' id='line_1_33' title="bbox 190 3103 2192 3190; baseline -0.001 -17"><span class='ocrx_word' id='word_1_440' title='bbox 190 3129 228 3173; x_wconf 89' lang='lat' dir='ltr'><strong>ae</strong></span> <span class='ocrx_word' id='word_1_441' title='bbox 250 3108 433 3186; x_wconf 83' lang='lat' dir='ltr'><strong>temeraria,</strong></span> <span class='ocrx_word' id='word_1_442' title='bbox 457 3128 540 3190; x_wconf 90' lang='lat' dir='ltr'><strong>quae</strong></span> <span class='ocrx_word' id='word_1_443' title='bbox 563 3109 669 3173; x_wconf 87' lang='lat' dir='ltr'><strong>caecis</strong></span> <span class='ocrx_word' id='word_1_444' title='bbox 691 3107 792 3173; x_wconf 91' lang='lat' dir='ltr'><strong>oculis</strong></span> <span class='ocrx_word' id='word_1_445' title='bbox 821 3114 983 3172; x_wconf 91' lang='lat' dir='ltr'><strong>merentes</strong></span> <span class='ocrx_word' id='word_1_446' title='bbox 1005 3107 1102 3172; x_wconf 91' lang='lat' dir='ltr'><strong>simul</strong></span> <span class='ocrx_word' id='word_1_447' title='bbox 1130 3129 1169 3172; x_wconf 89' lang='lat' dir='ltr'><strong>ac</strong></span> <span class='ocrx_word' id='word_1_448' title='bbox 1220 3104 1255 3167; x_wconf 94' lang='lat' dir='ltr'><strong>in</strong></span> <span class='ocrx_word' id='word_1_449' title='bbox 1277 3103 1429 3168; x_wconf 90' lang='lat' dir='ltr'><strong>stolidam</strong></span> <span class='ocrx_word' id='word_1_450' title='bbox 1458 3112 1491 3169; x_wconf 90' lang='lat' dir='ltr'><strong>et</strong></span> <span class='ocrx_word' id='word_1_451' title='bbox 1522 3107 1654 3170; x_wconf 90' lang='lat' dir='ltr'><strong>inanem</strong></span> <span class='ocrx_word' id='word_1_452' title='bbox 1683 3108 1790 3171; x_wconf 91' lang='lat' dir='ltr'><strong>carnis</strong></span> <span class='ocrx_word' id='word_1_453' title='bbox 1824 3107 2053 3173; x_wconf 88' lang='lat' dir='ltr'><strong>confidentiam</strong></span> <span class='ocrx_word' id='word_1_454' title='bbox 2080 3108 2192 3173; x_wconf 85' lang='lat' dir='ltr'><strong>evehi-</strong></span> 
     </span>
     <span class='ocr_line' id='line_1_34' title="bbox 189 3190 2196 3285; baseline 0.001 -29"><span class='ocrx_word' id='word_1_455' title='bbox 189 3195 398 3257; x_wconf 89' lang='lat' dir='ltr'><strong>immerentes</strong></span> <span class='ocrx_word' id='word_1_456' title='bbox 419 3193 616 3285; x_wconf 79' lang='lat' dir='ltr'><strong>vulneraret</strong></span> <span class='ocrx_word' id='word_1_457' title='bbox 643 3192 754 3258; x_wconf 70' lang='lat' dir='ltr'><strong>‘Haec</strong></span> <span class='ocrx_word' id='word_1_458' title='bbox 776 3194 865 3258; x_wconf 91' lang='lat' dir='ltr'><strong>enim</strong></span> <span class='ocrx_word' id='word_1_459' title='bbox 887 3215 905 3258; x_wconf 93' lang='lat' dir='ltr'><strong>e</strong></span> <span class='ocrx_word' id='word_1_460' title='bbox 926 3214 1082 3259; x_wconf 81' lang='lat' dir='ltr'><strong>converso</strong></span> <span class='ocrx_word' id='word_1_461' title='bbox 1098 3195 1167 3274; x_wconf 92' lang='lat' dir='ltr'><strong>pie·</strong></span> <span class='ocrx_word' id='word_1_462' title='bbox 1219 3210 1309 3268; x_wconf 89' lang='lat' dir='ltr'><strong>mur;</strong></span> <span class='ocrx_word' id='word_1_463' title='bbox 1336 3209 1400 3271; x_wconf 89' lang='lat' dir='ltr'><strong>qua</strong></span> <span class='ocrx_word' id='word_1_464' title='bbox 1427 3190 1502 3254; x_wconf 84' lang='lat' dir='ltr'><strong>freti</strong></span> <span class='ocrx_word' id='word_1_465' title='bbox 1529 3193 1765 3257; x_wconf 88' lang='lat' dir='ltr'><strong>contumaciter</strong></span> <span class='ocrx_word' id='word_1_466' title='bbox 1791 3192 1907 3259; x_wconf 91' lang='lat' dir='ltr'><strong>deinde</strong></span> <span class='ocrx_word' id='word_1_467' title='bbox 1932 3195 2134 3276; x_wconf 90' lang='lat' dir='ltr'><strong>superbimus</strong></span> <span class='ocrx_word' id='word_1_468' title='bbox 2156 3194 2196 3259; x_wconf 91' lang='lat' dir='ltr'><strong>in</strong></span> 
     </span>
     <span class='ocr_line' id='line_1_35' title="bbox 190 3273 2195 3363; baseline 0 -21"><span class='ocrx_word' id='word_1_469' title='bbox 190 3279 268 3343; x_wconf 90' lang='lat' dir='ltr'><strong>tatis</strong></span> <span class='ocrx_word' id='word_1_470' title='bbox 289 3284 339 3343; x_wconf 90' lang='lat' dir='ltr'><strong>est</strong></span> <span class='ocrx_word' id='word_1_471' title='bbox 360 3278 483 3362; x_wconf 89' lang='lat' dir='ltr'><strong>regula,</strong></span> <span class='ocrx_word' id='word_1_472' title='bbox 506 3278 610 3344; x_wconf 91' lang='lat' dir='ltr'><strong>solam</strong></span> <span class='ocrx_word' id='word_1_473' title='bbox 630 3280 696 3344; x_wconf 94' lang='lat' dir='ltr'><strong>Dei</strong></span> <span class='ocrx_word' id='word_1_474' title='bbox 718 3299 852 3343; x_wconf 91' lang='lat' dir='ltr'><strong>manum</strong></span> <span class='ocrx_word' id='word_1_475' title='bbox 874 3279 1043 3361; x_wconf 90' lang='lat' dir='ltr'><strong>utriusque</strong></span> <span class='ocrx_word' id='word_1_476' title='bbox 1064 3280 1167 3343; x_wconf 88' lang='lat' dir='ltr'><strong>fortu-</strong></span> <span class='ocrx_word' id='word_1_477' title='bbox 1220 3273 1331 3339; x_wconf 92' lang='lat' dir='ltr'><strong>Deum</strong></span> <span class='ocrx_word' id='word_1_478' title='bbox 1351 3277 1476 3360; x_wconf 66' lang='lat' dir='ltr'><strong>ipsum‘,</strong></span> <span class='ocrx_word' id='word_1_479' title='bbox 1506 3277 1641 3360; x_wconf 92' lang='lat' dir='ltr'><strong>perinde</strong></span> <span class='ocrx_word' id='word_1_480' title='bbox 1663 3299 1701 3343; x_wconf 89' lang='lat' dir='ltr'><strong>ae</strong></span> <span class='ocrx_word' id='word_1_481' title='bbox 1723 3280 1751 3342; x_wconf 93' lang='lat' dir='ltr'><strong>si</strong></span> <span class='ocrx_word' id='word_1_482' title='bbox 1772 3281 1922 3363; x_wconf 90' lang='lat' dir='ltr'><strong>propriae</strong></span> <span class='ocrx_word' id='word_1_483' title='bbox 1943 3280 2035 3345; x_wconf 94' lang='lat' dir='ltr'><strong>nobis</strong></span> <span class='ocrx_word' id='word_1_484' title='bbox 2056 3280 2195 3345; x_wconf 87' lang='lat' dir='ltr'><strong>faculta-</strong></span> 
     </span>
     <span class='ocr_line' id='line_1_36' title="bbox 189 3362 2195 3449; baseline 0 -19"><span class='ocrx_word' id='word_1_485' title='bbox 189 3387 252 3430; x_wconf 91' lang='lat' dir='ltr'><strong>nae</strong></span> <span class='ocrx_word' id='word_1_486' title='bbox 275 3365 432 3430; x_wconf 85' lang='lat' dir='ltr'><strong>arbitram</strong></span> <span class='ocrx_word' id='word_1_487' title='bbox 452 3386 523 3430; x_wconf 87' lang='lat' dir='ltr'><strong>esse</strong></span> <span class='ocrx_word' id='word_1_488' title='bbox 544 3373 578 3430; x_wconf 88' lang='lat' dir='ltr'><strong>et</strong></span> <span class='ocrx_word' id='word_1_489' title='bbox 599 3365 862 3430; x_wconf 86' lang='lat' dir='ltr'><strong>moderatricem:</strong></span> <span class='ocrx_word' id='word_1_490' title='bbox 887 3386 924 3430; x_wconf 89' lang='lat' dir='ltr'><strong>ac</strong></span> <span class='ocrx_word' id='word_1_491' title='bbox 946 3387 1019 3429; x_wconf 87' lang='lat' dir='ltr'><strong>eam</strong></span> <span class='ocrx_word' id='word_1_492' title='bbox 1036 3364 1168 3449; x_wconf 90' lang='lat' dir='ltr'><strong>quidem</strong></span> <span class='ocrx_word' id='word_1_493' title='bbox 1218 3367 1269 3424; x_wconf 88' lang='lat' dir='ltr'><strong>tes</strong></span> <span class='ocrx_word' id='word_1_494' title='bbox 1295 3363 1377 3426; x_wconf 91' lang='lat' dir='ltr'><strong>citra</strong></span> <span class='ocrx_word' id='word_1_495' title='bbox 1404 3362 1473 3427; x_wconf 88' lang='lat' dir='ltr'><strong>eius</strong></span> <span class='ocrx_word' id='word_1_496' title='bbox 1499 3364 1641 3446; x_wconf 88' lang='lat' dir='ltr'><strong>gratiam</strong></span> <span class='ocrx_word' id='word_1_497' title='bbox 1670 3365 1866 3430; x_wconf 90' lang='lat' dir='ltr'><strong>sufficerent.</strong></span> <span class='ocrx_word' id='word_1_498' title='bbox 1911 3366 2008 3431; x_wconf 89' lang='lat' dir='ltr'><strong>Hanc</strong></span> <span class='ocrx_word' id='word_1_499' title='bbox 2036 3387 2195 3449; x_wconf 86' lang='lat' dir='ltr'><strong>arrogan-</strong></span> 
     </span>
     <span class='ocr_line' id='line_1_37' title="bbox 187 3447 2196 3534; baseline 0 -20"><span class='ocrx_word' id='word_1_500' title='bbox 187 3452 293 3533; x_wconf 90' lang='lat' dir='ltr'><strong>ipsam</strong></span> <span class='ocrx_word' id='word_1_501' title='bbox 315 3472 381 3514; x_wconf 92' lang='lat' dir='ltr'><strong>non</strong></span> <span class='ocrx_word' id='word_1_502' title='bbox 403 3471 498 3515; x_wconf 92' lang='lat' dir='ltr'><strong>ruere</strong></span> <span class='ocrx_word' id='word_1_503' title='bbox 525 3450 763 3516; x_wconf 85' lang='lat' dir='ltr'><strong>inconsiderato</strong></span> <span class='ocrx_word' id='word_1_504' title='bbox 784 3452 921 3534; x_wconf 90' lang='lat' dir='ltr'><strong>impetu,</strong></span> <span class='ocrx_word' id='word_1_505' title='bbox 950 3451 1009 3515; x_wconf 92' lang='lat' dir='ltr'><strong>sed</strong></span> <span class='ocrx_word' id='word_1_506' title='bbox 1036 3450 1166 3515; x_wconf 90' lang='lat' dir='ltr'><strong>ordina-</strong></span> <span class='ocrx_word' id='word_1_507' title='bbox 1218 3447 1300 3511; x_wconf 88' lang='lat' dir='ltr'><strong>tiam</strong></span> <span class='ocrx_word' id='word_1_508' title='bbox 1328 3447 1444 3512; x_wconf 92' lang='lat' dir='ltr'><strong>melius</strong></span> <span class='ocrx_word' id='word_1_509' title='bbox 1470 3448 1646 3514; x_wconf 87' lang='lat' dir='ltr'><strong>retundere</strong></span> <span class='ocrx_word' id='word_1_510' title='bbox 1672 3472 1738 3514; x_wconf 92' lang='lat' dir='ltr'><strong>non</strong></span> <span class='ocrx_word' id='word_1_511' title='bbox 1760 3459 1881 3532; x_wconf 91' lang='lat' dir='ltr'><strong>potest,</strong></span> <span class='ocrx_word' id='word_1_512' title='bbox 1908 3473 2007 3534; x_wconf 92' lang='lat' dir='ltr'><strong>quam</strong></span> <span class='ocrx_word' id='word_1_513' title='bbox 2034 3451 2114 3515; x_wconf 93' lang='lat' dir='ltr'><strong>dum</strong></span> <span class='ocrx_word' id='word_1_514' title='bbox 2135 3473 2196 3515; x_wconf 85' lang='lat' dir='ltr'><strong>ex-</strong></span> 
     </span>
     <span class='ocr_line' id='line_1_38' title="bbox 189 3533 2196 3619; baseline 0 -19"><span class='ocrx_word' id='word_1_515' title='bbox 189 3537 315 3601; x_wconf 90' lang='lat' dir='ltr'><strong>tissima</strong></span> <span class='ocrx_word' id='word_1_516' title='bbox 332 3537 456 3600; x_wconf 89' lang='lat' dir='ltr'><strong>iustitia</strong></span> <span class='ocrx_word' id='word_1_517' title='bbox 474 3537 567 3601; x_wconf 90' lang='lat' dir='ltr'><strong>nobis</strong></span> <span class='ocrx_word' id='word_1_518' title='bbox 584 3537 669 3602; x_wconf 89' lang='lat' dir='ltr'><strong>bona</strong></span> <span class='ocrx_word' id='word_1_519' title='bbox 687 3537 784 3602; x_wconf 91' lang='lat' dir='ltr'><strong>simul</strong></span> <span class='ocrx_word' id='word_1_520' title='bbox 802 3557 840 3601; x_wconf 89' lang='lat' dir='ltr'><strong>ae</strong></span> <span class='ocrx_word' id='word_1_521' title='bbox 857 3536 945 3601; x_wconf 87' lang='lat' dir='ltr'><strong>mala</strong></span> <span class='ocrx_word' id='word_1_522' title='bbox 967 3536 1165 3619; x_wconf 89' lang='lat' dir='ltr'><strong>dispensare.</strong></span> <span class='ocrx_word' id='word_1_523' title='bbox 1218 3533 1400 3615; x_wconf 84' lang='lat' dir='ltr'><strong>perimente</strong></span> <span class='ocrx_word' id='word_1_524' title='bbox 1422 3535 1515 3600; x_wconf 89' lang='lat' dir='ltr'><strong>nobis</strong></span> <span class='ocrx_word' id='word_1_525' title='bbox 1535 3536 1725 3617; x_wconf 88' lang='lat' dir='ltr'><strong>comprobat</strong></span> <span class='ocrx_word' id='word_1_526' title='bbox 1746 3545 1868 3619; x_wconf 87' lang='lat' dir='ltr'><strong>quanta</strong></span> <span class='ocrx_word' id='word_1_527' title='bbox 1890 3558 1955 3601; x_wconf 91' lang='lat' dir='ltr'><strong>non</strong></span> <span class='ocrx_word' id='word_1_528' title='bbox 1977 3536 2073 3601; x_wconf 92' lang='lat' dir='ltr'><strong>modo</strong></span> <span class='ocrx_word' id='word_1_529' title='bbox 2090 3537 2196 3602; x_wconf 92' lang='lat' dir='ltr'><strong>imbe-</strong></span> 
     </span>
    </p>

    <p class='ocr_par' dir='ltr' id='par_1_7' title="bbox 113 3618 2216 5252">
     <span class='ocr_line' id='line_1_39' title="bbox 279 3618 2196 3706; baseline 0.002 -23"><span class='ocrx_word' id='word_1_530' title='bbox 279 3625 325 3685; x_wconf 83' lang='lat'><strong>15.</strong></span> <span class='ocrx_word' id='word_1_531' title='bbox 372 3619 462 3701; x_wconf 80' lang='lat' dir='ltr'><strong>Quin</strong></span> <span class='ocrx_word' id='word_1_532' title='bbox 490 3622 588 3686; x_wconf 90' lang='lat' dir='ltr'><strong>altius</strong></span> <span class='ocrx_word' id='word_1_533' title='bbox 616 3623 796 3686; x_wconf 89' lang='lat' dir='ltr'><strong>etiamnum</strong></span> <span class='ocrx_word' id='word_1_534' title='bbox 828 3622 1045 3687; x_wconf 91' lang='lat' dir='ltr'><strong>conscendere</strong></span> <span class='ocrx_word' id='word_1_535' title='bbox 1078 3623 1167 3704; x_wconf 87' lang='lat' dir='ltr'><strong>piam</strong></span> <span class='ocrx_word' id='word_1_536' title='bbox 1218 3618 1361 3696; x_wconf 91' lang='lat' dir='ltr'><strong>cillitate,</strong></span> <span class='ocrx_word' id='word_1_537' title='bbox 1385 3619 1443 3684; x_wconf 89' lang='lat' dir='ltr'><strong>sed</strong></span> <span class='ocrx_word' id='word_1_538' title='bbox 1464 3622 1564 3684; x_wconf 90' lang='lat' dir='ltr'><strong>etiam</strong></span> <span class='ocrx_word' id='word_1_539' title='bbox 1584 3621 1762 3705; x_wconf 85' lang='lat' dir='ltr'><strong>fragilitate</strong></span> <span class='ocrx_word' id='word_1_540' title='bbox 1788 3623 1981 3688; x_wconf 87' lang='lat' dir='ltr'><strong>laboremus.</strong></span> <span class='ocrx_word' id='word_1_541' title='bbox 2025 3623 2116 3706; x_wconf 85' lang='lat' dir='ltr'><strong>Ergo</strong></span> <span class='ocrx_word' id='word_1_542' title='bbox 2138 3623 2196 3687; x_wconf 81' lang='lat' dir='ltr'><strong>vel</strong></span> 
     </span>
     <span class='ocr_line' id='line_1_40' title="bbox 191 3705 2194 3791; baseline 0.001 -21"><span class='ocrx_word' id='word_1_543' title='bbox 191 3715 336 3770; x_wconf 91' lang='lat' dir='ltr'><strong>mentem</strong></span> <span class='ocrx_word' id='word_1_544' title='bbox 369 3707 469 3772; x_wconf 89' lang='lat' dir='ltr'><strong>decet</strong></span> <span class='ocrx_word' id='word_1_545' title='bbox 514 3707 640 3790; x_wconf 92' lang='lat' dir='ltr'><strong>Nempe</strong></span> <span class='ocrx_word' id='word_1_546' title='bbox 667 3730 730 3790; x_wconf 94' lang='lat' dir='ltr'><strong>quo</strong></span> <span class='ocrx_word' id='word_1_547' title='bbox 756 3708 931 3791; x_wconf 90' lang='lat' dir='ltr'><strong>discipulos</strong></span> <span class='ocrx_word' id='word_1_548' title='bbox 962 3729 1038 3772; x_wconf 89' lang='lat' dir='ltr'><strong>suos</strong></span> <span class='ocrx_word' id='word_1_549' title='bbox 1072 3715 1167 3773; x_wconf 85' lang='lat' dir='ltr'><strong>vocat</strong></span> <span class='ocrx_word' id='word_1_550' title='bbox 1217 3705 1411 3789; x_wconf 86' lang='lat' dir='ltr'><strong>ignominia,</strong></span> <span class='ocrx_word' id='word_1_551' title='bbox 1432 3707 1485 3770; x_wconf 84' lang='lat' dir='ltr'><strong>vel</strong></span> <span class='ocrx_word' id='word_1_552' title='bbox 1507 3715 1715 3790; x_wconf 88' lang='lat' dir='ltr'><strong>paupertate,</strong></span> <span class='ocrx_word' id='word_1_553' title='bbox 1739 3709 1791 3773; x_wconf 79' lang='lat' dir='ltr'><strong>vel</strong></span> <span class='ocrx_word' id='word_1_554' title='bbox 1815 3710 1966 3785; x_wconf 86' lang='lat' dir='ltr'><strong>orbitate,</strong></span> <span class='ocrx_word' id='word_1_555' title='bbox 1994 3708 2046 3774; x_wconf 81' lang='lat' dir='ltr'><strong>vel</strong></span> <span class='ocrx_word' id='word_1_556' title='bbox 2068 3709 2194 3789; x_wconf 90' lang='lat' dir='ltr'><strong>morbo,</strong></span> 
     </span>
     <span class='ocr_line' id='line_1_41' title="bbox 113 3789 2198 3878; baseline 0.001 -22"><span class='ocrx_word' id='word_1_557' title='bbox 113 3820 119 3832; x_wconf 82' lang='grc'><em>·</em></span> <span class='ocrx_word' id='word_1_558' title='bbox 189 3791 352 3872; x_wconf 79' lang='lat' dir='ltr'><strong>Christus,</strong></span> <span class='ocrx_word' id='word_1_559' title='bbox 371 3799 409 3856; x_wconf 92' lang='lat' dir='ltr'><strong>ut</strong></span> <span class='ocrx_word' id='word_1_560' title='bbox 424 3815 519 3858; x_wconf 90' lang='lat' dir='ltr'><strong>suam</strong></span> <span class='ocrx_word' id='word_1_561' title='bbox 536 3795 755 3877; x_wconf 90' lang='lat' dir='ltr'><strong>unusquisque</strong></span> <span class='ocrx_word' id='word_1_562' title='bbox 773 3816 903 3859; x_wconf 90' lang='lat' dir='ltr'><strong>crucem</strong></span> <span class='ocrx_word' id='word_1_563' title='bbox 919 3793 1014 3859; x_wconf 87' lang='lat' dir='ltr'><strong>tollat</strong></span> <span class='ocrx_word' id='word_1_564' title='bbox 1030 3793 1165 3878; x_wconf 85' lang='lat' dir='ltr'><strong>(Matth.</strong></span> <span class='ocrx_word' id='word_1_565' title='bbox 1218 3789 1272 3854; x_wconf 84' lang='lat' dir='ltr'><strong>vel</strong></span> <span class='ocrx_word' id='word_1_566' title='bbox 1294 3791 1365 3856; x_wconf 90' lang='lat' dir='ltr'><strong>aliis</strong></span> <span class='ocrx_word' id='word_1_567' title='bbox 1387 3792 1627 3858; x_wconf 86' lang='lat' dir='ltr'><strong>calamitatibus</strong></span> <span class='ocrx_word' id='word_1_568' title='bbox 1649 3815 1709 3858; x_wconf 92' lang='lat' dir='ltr'><strong>nos</strong></span> <span class='ocrx_word' id='word_1_569' title='bbox 1730 3795 1863 3877; x_wconf 89' lang='lat' dir='ltr'><strong>affligit,</strong></span> <span class='ocrx_word' id='word_1_570' title='bbox 1892 3796 2008 3878; x_wconf 92' lang='lat' dir='ltr'><strong>quibus</strong></span> <span class='ocrx_word' id='word_1_571' title='bbox 2026 3796 2198 3859; x_wconf 89' lang='lat' dir='ltr'><strong>sustinen-&#39;</strong></span> 
     </span>
     <span class='ocr_line' id='line_1_42' title="bbox 193 3875 2194 3962; baseline 0.002 -22"><span class='ocrx_word' id='word_1_572' title='bbox 193 3877 327 3960; x_wconf 58' lang='grc'><strong>11114).</strong></span> <span class='ocrx_word' id='word_1_573' title='bbox 372 3877 591 3962; x_wconf 83' lang='lat' dir='ltr'><strong>Quoseunque</strong></span> <span class='ocrx_word' id='word_1_574' title='bbox 618 3881 706 3943; x_wconf 89' lang='lat' dir='ltr'><strong>enim</strong></span> <span class='ocrx_word' id='word_1_575' title='bbox 734 3881 896 3944; x_wconf 89' lang='lat' dir='ltr'><strong>Dominus</strong></span> <span class='ocrx_word' id='word_1_576' title='bbox 923 3881 1100 3962; x_wconf 89' lang='lat' dir='ltr'><strong>cooptavit,</strong></span> <span class='ocrx_word' id='word_1_577' title='bbox 1129 3901 1167 3945; x_wconf 90' lang='lat' dir='ltr'><strong>ac</strong></span> <span class='ocrx_word' id='word_1_578' title='bbox 1219 3875 1269 3941; x_wconf 91' lang='lat' dir='ltr'><strong>dis</strong></span> <span class='ocrx_word' id='word_1_579' title='bbox 1296 3876 1392 3960; x_wconf 84' lang='lat' dir='ltr'><strong>longe</strong></span> <span class='ocrx_word' id='word_1_580' title='bbox 1419 3878 1574 3960; x_wconf 90' lang='lat' dir='ltr'><strong>impares,</strong></span> <span class='ocrx_word' id='word_1_581' title='bbox 1608 3888 1769 3962; x_wconf 89' lang='lat' dir='ltr'><strong>quantum</strong></span> <span class='ocrx_word' id='word_1_582' title='bbox 1795 3880 1837 3944; x_wconf 91' lang='lat' dir='ltr'><strong>ad</strong></span> <span class='ocrx_word' id='word_1_583' title='bbox 1864 3901 1924 3945; x_wconf 93' lang='lat' dir='ltr'><strong>nos</strong></span> <span class='ocrx_word' id='word_1_584' title='bbox 1951 3881 2082 3959; x_wconf 88' lang='lat' dir='ltr'><strong>attinet,</strong></span> <span class='ocrx_word' id='word_1_585' title='bbox 2115 3902 2194 3947; x_wconf 85' lang='lat' dir='ltr'><strong>mox</strong></span> 
     </span>
     <span class='ocr_line' id='line_1_43' title="bbox 190 3962 2192 4048; baseline 0.001 -21"><span class='ocrx_word' id='word_1_586' title='bbox 190 3985 325 4028; x_wconf 92' lang='lat' dir='ltr'><strong>suorum</strong></span> <span class='ocrx_word' id='word_1_587' title='bbox 355 3966 516 4029; x_wconf 91' lang='lat' dir='ltr'><strong>consortio</strong></span> <span class='ocrx_word' id='word_1_588' title='bbox 553 3964 706 4048; x_wconf 88' lang='lat' dir='ltr'><strong>dignatus</strong></span> <span class='ocrx_word' id='word_1_589' title='bbox 739 3974 802 4043; x_wconf 91' lang='lat' dir='ltr'><strong>est,</strong></span> <span class='ocrx_word' id='word_1_590' title='bbox 841 3966 864 4028; x_wconf 93' lang='lat' dir='ltr'><strong>ii</strong></span> <span class='ocrx_word' id='word_1_591' title='bbox 898 3987 932 4030; x_wconf 92' lang='lat' dir='ltr'><strong>se</strong></span> <span class='ocrx_word' id='word_1_592' title='bbox 964 3965 1007 4030; x_wconf 90' lang='lat' dir='ltr'><strong>ad</strong></span> <span class='ocrx_word' id='word_1_593' title='bbox 1040 3965 1165 4044; x_wconf 90' lang='lat' dir='ltr'><strong>duram,</strong></span> <span class='ocrx_word' id='word_1_594' title='bbox 1218 3962 1466 4028; x_wconf 87' lang='lat' dir='ltr'><strong>succumbimus.</strong></span> <span class='ocrx_word' id='word_1_595' title='bbox 1505 3963 1561 4030; x_wconf 80' lang='lat' dir='ltr'><strong>Sic</strong></span> <span class='ocrx_word' id='word_1_596' title='bbox 1583 3965 1747 4030; x_wconf 89' lang='lat' dir='ltr'><strong>humiliati</strong></span> <span class='ocrx_word' id='word_1_597' title='bbox 1768 3966 1925 4031; x_wconf 90' lang='lat' dir='ltr'><strong>discimus</strong></span> <span class='ocrx_word' id='word_1_598' title='bbox 1946 3968 2098 4033; x_wconf 81' lang='lat' dir='ltr'><strong>invocare</strong></span> <span class='ocrx_word' id='word_1_599' title='bbox 2120 3967 2192 4030; x_wconf 91' lang='lat' dir='ltr'><strong>eius</strong></span> 
     </span>
     <span class='ocr_line' id='line_1_44' title="bbox 189 4049 2194 4135; baseline 0.002 -23"><span class='ocrx_word' id='word_1_600' title='bbox 189 4049 398 4128; x_wconf 87' lang='lat' dir='ltr'><strong>laboriosam,</strong></span> <span class='ocrx_word' id='word_1_601' title='bbox 427 4050 619 4133; x_wconf 87' lang='lat' dir='ltr'><strong>inquietam,</strong></span> <span class='ocrx_word' id='word_1_602' title='bbox 647 4051 860 4134; x_wconf 91' lang='lat' dir='ltr'><strong>plurimisque</strong></span> <span class='ocrx_word' id='word_1_603' title='bbox 883 4073 920 4117; x_wconf 89' lang='lat' dir='ltr'><strong>ac</strong></span> <span class='ocrx_word' id='word_1_604' title='bbox 943 4053 1042 4117; x_wconf 82' lang='lat' dir='ltr'><strong>variis</strong></span> <span class='ocrx_word' id='word_1_605' title='bbox 1063 4051 1166 4116; x_wconf 91' lang='lat' dir='ltr'><strong>malo·</strong></span> <span class='ocrx_word' id='word_1_606' title='bbox 1218 4049 1392 4127; x_wconf 79' lang='lat' dir='ltr'><strong>virtutem,</strong></span> <span class='ocrx_word' id='word_1_607' title='bbox 1421 4070 1503 4131; x_wconf 90' lang='lat' dir='ltr'><strong>quae</strong></span> <span class='ocrx_word' id='word_1_608' title='bbox 1531 4051 1601 4116; x_wconf 89' lang='lat' dir='ltr'><strong>sola</strong></span> <span class='ocrx_word' id='word_1_609' title='bbox 1627 4051 1689 4116; x_wconf 92' lang='lat' dir='ltr'><strong>sub</strong></span> <span class='ocrx_word' id='word_1_610' title='bbox 1716 4052 1860 4135; x_wconf 89' lang='lat' dir='ltr'><strong>pondere</strong></span> <span class='ocrx_word' id='word_1_611' title='bbox 1881 4052 2094 4117; x_wconf 88' lang='lat' dir='ltr'><strong>afflictionum</strong></span> <span class='ocrx_word' id='word_1_612' title='bbox 2116 4072 2194 4117; x_wconf 91' lang='lat' dir='ltr'><strong>con-</strong></span> 
     </span>
     <span class='ocr_line' id='line_1_45' title="bbox 189 4134 2194 4221; baseline 0.002 -24"><span class='ocrx_word' id='word_1_613' title='bbox 189 4157 264 4198; x_wconf 93' lang='lat' dir='ltr'><strong>rum</strong></span> <span class='ocrx_word' id='word_1_614' title='bbox 292 4134 466 4218; x_wconf 87' lang='lat' dir='ltr'><strong>generibus</strong></span> <span class='ocrx_word' id='word_1_615' title='bbox 493 4136 648 4201; x_wconf 89' lang='lat' dir='ltr'><strong>refertam</strong></span> <span class='ocrx_word' id='word_1_616' title='bbox 681 4138 785 4202; x_wconf 89' lang='lat' dir='ltr'><strong>vitam</strong></span> <span class='ocrx_word' id='word_1_617' title='bbox 816 4158 1012 4221; x_wconf 89' lang='lat' dir='ltr'><strong>praeparare</strong></span> <span class='ocrx_word' id='word_1_618' title='bbox 1037 4138 1164 4202; x_wconf 88' lang='lat' dir='ltr'><strong>debent</strong></span> <span class='ocrx_word' id='word_1_619' title='bbox 1218 4134 1332 4198; x_wconf 83' lang='lat' dir='ltr'><strong>sistere</strong></span> <span class='ocrx_word' id='word_1_620' title='bbox 1354 4156 1413 4199; x_wconf 90' lang='lat' dir='ltr'><strong>nos</strong></span> <span class='ocrx_word' id='word_1_621' title='bbox 1434 4135 1521 4200; x_wconf 85' lang='lat' dir='ltr'><strong>facit.</strong></span> <span class='ocrx_word' id='word_1_622' title='bbox 1566 4135 1775 4217; x_wconf 80' lang='lat' dir='ltr'><strong>Quinetiam</strong></span> <span class='ocrx_word' id='word_1_623' title='bbox 1797 4138 2002 4216; x_wconf 90' lang='lat' dir='ltr'><strong>sanctissimi,</strong></span> <span class='ocrx_word' id='word_1_624' title='bbox 2026 4147 2194 4219; x_wconf 91' lang='lat' dir='ltr'><strong>utcunque</strong></span> 
     </span>
     <span class='ocr_line' id='line_1_46' title="bbox 190 4218 2194 4305; baseline 0.001 -20"><span class='ocrx_word' id='word_1_625' title='bbox 190 4218 246 4285; x_wconf 80' lang='lat' dir='ltr'><strong>Sic</strong></span> <span class='ocrx_word' id='word_1_626' title='bbox 268 4228 318 4286; x_wconf 91' lang='lat' dir='ltr'><strong>est</strong></span> <span class='ocrx_word' id='word_1_627' title='bbox 341 4221 487 4285; x_wconf 90' lang='lat' dir='ltr'><strong>coelestis</strong></span> <span class='ocrx_word' id='word_1_628' title='bbox 507 4223 609 4304; x_wconf 89' lang='lat' dir='ltr'><strong>patris</strong></span> <span class='ocrx_word' id='word_1_629' title='bbox 636 4222 801 4287; x_wconf 88' lang='lat' dir='ltr'><strong>voluntas:</strong></span> <span class='ocrx_word' id='word_1_630' title='bbox 831 4230 868 4288; x_wconf 90' lang='lat' dir='ltr'><strong>ut</strong></span> <span class='ocrx_word' id='word_1_631' title='bbox 888 4230 1013 4288; x_wconf 91' lang='lat' dir='ltr'><strong>certum</strong></span> <span class='ocrx_word' id='word_1_632' title='bbox 1036 4223 1076 4288; x_wconf 95' lang='lat' dir='ltr'><strong>de</strong></span> <span class='ocrx_word' id='word_1_633' title='bbox 1099 4225 1166 4292; x_wconf 86' lang='lat' dir='ltr'><strong>suis</strong></span> <span class='ocrx_word' id='word_1_634' title='bbox 1217 4221 1353 4284; x_wconf 92' lang='lat' dir='ltr'><strong>Domini</strong></span> <span class='ocrx_word' id='word_1_635' title='bbox 1382 4223 1488 4304; x_wconf 58' lang='lat' dir='ltr'><strong>matis</strong></span> <span class='ocrx_word' id='word_1_636' title='bbox 1510 4243 1578 4285; x_wconf 90' lang='lat' dir='ltr'><strong>non</strong></span> <span class='ocrx_word' id='word_1_637' title='bbox 1607 4224 1747 4305; x_wconf 87' lang='lat' dir='ltr'><strong>propriis</strong></span> <span class='ocrx_word' id='word_1_638' title='bbox 1775 4224 1899 4288; x_wconf 85' lang='lat' dir='ltr'><strong>viribus</strong></span> <span class='ocrx_word' id='word_1_639' title='bbox 1926 4233 2014 4288; x_wconf 83' lang='lat' dir='ltr'><strong>stare</strong></span> <span class='ocrx_word' id='word_1_640' title='bbox 2036 4246 2070 4290; x_wconf 91' lang='lat' dir='ltr'><strong>se</strong></span> <span class='ocrx_word' id='word_1_641' title='bbox 2091 4245 2194 4288; x_wconf 83' lang='lat' dir='ltr'><strong>nore-</strong></span> 
     </span>
     <span class='ocr_line' id='line_1_47' title="bbox 189 4306 2193 4392; baseline 0.001 -22"><span class='ocrx_word' id='word_1_642' title='bbox 189 4306 456 4388; x_wconf 84' lang='lat' dir='ltr'><strong>experimentum&#39;</strong></span> <span class='ocrx_word' id='word_1_643' title='bbox 478 4309 599 4389; x_wconf 90' lang='lat' dir='ltr'><strong>capiat,</strong></span> <span class='ocrx_word' id='word_1_644' title='bbox 631 4329 686 4373; x_wconf 91' lang='lat' dir='ltr'><strong>eos</strong></span> <span class='ocrx_word' id='word_1_645' title='bbox 713 4307 813 4373; x_wconf 89' lang='lat' dir='ltr'><strong>talem</strong></span> <span class='ocrx_word' id='word_1_646' title='bbox 839 4310 887 4373; x_wconf 89' lang='lat' dir='ltr'><strong>in·</strong></span> <span class='ocrx_word' id='word_1_647' title='bbox 904 4309 1038 4373; x_wconf 94' lang='lat' dir='ltr'><strong>modum</strong></span> <span class='ocrx_word' id='word_1_648' title='bbox 1070 4331 1164 4374; x_wconf 82' lang='lat' dir='ltr'><strong>exer-</strong></span> <span class='ocrx_word' id='word_1_649' title='bbox 1217 4307 1299 4385; x_wconf 90' lang='lat' dir='ltr'><strong>rint,</strong></span> <span class='ocrx_word' id='word_1_650' title='bbox 1333 4306 1374 4370; x_wconf 94' lang='lat' dir='ltr'><strong>de</strong></span> <span class='ocrx_word' id='word_1_651' title='bbox 1401 4328 1461 4371; x_wconf 91' lang='lat' dir='ltr'><strong>sua</strong></span> <span class='ocrx_word' id='word_1_652' title='bbox 1488 4315 1600 4372; x_wconf 87' lang='lat' dir='ltr'><strong>tamen</strong></span> <span class='ocrx_word' id='word_1_653' title='bbox 1625 4309 1818 4373; x_wconf 84' lang='lat' dir='ltr'><strong>fortitudine</strong></span> <span class='ocrx_word' id='word_1_654' title='bbox 1845 4317 1879 4374; x_wconf 92' lang='lat' dir='ltr'><strong>et</strong></span> <span class='ocrx_word' id='word_1_655' title='bbox 1905 4311 2089 4375; x_wconf 88' lang='lat' dir='ltr'><strong>constantia</strong></span> <span class='ocrx_word' id='word_1_656' title='bbox 2116 4309 2193 4392; x_wconf 92' lang='lat' dir='ltr'><strong>plus</strong></span> 
     </span>
     <span class='ocr_line' id='line_1_48' title="bbox 189 4391 2192 4479; baseline 0 -22"><span class='ocrx_word' id='word_1_657' title='bbox 189 4413 271 4457; x_wconf 91' lang='lat' dir='ltr'><strong>cere.</strong></span> <span class='ocrx_word' id='word_1_658' title='bbox 327 4394 359 4456; x_wconf 82' lang='lat' dir='ltr'>A</span> <span class='ocrx_word' id='word_1_659' title='bbox 392 4391 525 4457; x_wconf 76' lang='lat' dir='ltr'><strong>Christo</strong></span> <span class='ocrx_word' id='word_1_660' title='bbox 563 4394 778 4478; x_wconf 86' lang='lat' dir='ltr'><strong>primogenito</strong></span> <span class='ocrx_word' id='word_1_661' title='bbox 811 4417 869 4460; x_wconf 94' lang='lat' dir='ltr'><strong>suo</strong></span> <span class='ocrx_word' id='word_1_662' title='bbox 902 4416 1052 4472; x_wconf 86' lang='lat' dir='ltr'><strong>exorsus,</strong></span> <span class='ocrx_word' id='word_1_663' title='bbox 1086 4416 1165 4477; x_wconf 87' lang='lat' dir='ltr'><strong>erga</strong></span> <span class='ocrx_word' id='word_1_664' title='bbox 1217 4393 1304 4456; x_wconf 89' lang='lat' dir='ltr'><strong>iusto</strong></span> <span class='ocrx_word' id='word_1_665' title='bbox 1337 4393 1443 4457; x_wconf 87' lang='lat' dir='ltr'><strong>securi</strong></span> <span class='ocrx_word' id='word_1_666' title='bbox 1477 4401 1571 4470; x_wconf 90' lang='lat' dir='ltr'><strong>sunt,</strong></span> <span class='ocrx_word' id='word_1_667' title='bbox 1609 4396 1674 4458; x_wconf 86' lang='lat' dir='ltr'><strong>nisi</strong></span> <span class='ocrx_word' id='word_1_668' title='bbox 1707 4415 1762 4460; x_wconf 91' lang='lat' dir='ltr'><strong>eos</strong></span> <span class='ocrx_word' id='word_1_669' title='bbox 1793 4397 1899 4460; x_wconf 90' lang='lat' dir='ltr'><strong>crucis</strong></span> <span class='ocrx_word' id='word_1_670' title='bbox 1931 4396 2122 4479; x_wconf 88' lang='lat' dir='ltr'><strong>probatione</strong></span> <span class='ocrx_word' id='word_1_671' title='bbox 2154 4394 2192 4458; x_wconf 91' lang='lat' dir='ltr'><strong>in</strong></span> 
     </span>
     <span class='ocr_line' id='line_1_49' title="bbox 189 4476 2193 4563; baseline 0.001 -22"><span class='ocrx_word' id='word_1_672' title='bbox 189 4476 272 4542; x_wconf 90' lang='lat' dir='ltr'><strong>filios</strong></span> <span class='ocrx_word' id='word_1_673' title='bbox 294 4499 406 4542; x_wconf 90' lang='lat' dir='ltr'><strong>omnes</strong></span> <span class='ocrx_word' id='word_1_674' title='bbox 434 4499 509 4543; x_wconf 93' lang='lat' dir='ltr'><strong>suos</strong></span> <span class='ocrx_word' id='word_1_675' title='bbox 539 4480 628 4544; x_wconf 91' lang='lat' dir='ltr'><strong>hune</strong></span> <span class='ocrx_word' id='word_1_676' title='bbox 650 4480 797 4545; x_wconf 88' lang='lat' dir='ltr'><strong>ordinem</strong></span> <span class='ocrx_word' id='word_1_677' title='bbox 820 4482 1032 4563; x_wconf 90' lang='lat' dir='ltr'><strong>prosequitur.</strong></span> <span class='ocrx_word' id='word_1_678' title='bbox 1077 4480 1164 4543; x_wconf 90' lang='lat' dir='ltr'><strong>Nam</strong></span> <span class='ocrx_word' id='word_1_679' title='bbox 1216 4478 1412 4561; x_wconf 88' lang='lat' dir='ltr'><strong>penitiorem</strong></span> <span class='ocrx_word' id='word_1_680' title='bbox 1441 4480 1492 4542; x_wconf 90' lang='lat' dir='ltr'><strong>sui</strong></span> <span class='ocrx_word' id='word_1_681' title='bbox 1524 4480 1675 4544; x_wconf 87' lang='lat' dir='ltr'><strong>notitiam</strong></span> <span class='ocrx_word' id='word_1_682' title='bbox 1702 4481 1865 4546; x_wconf 90' lang='lat' dir='ltr'><strong>Dominus</strong></span> <span class='ocrx_word' id='word_1_683' title='bbox 1893 4481 2042 4546; x_wconf 88' lang='lat' dir='ltr'><strong>adducat</strong></span> <span class='ocrx_word' id='word_1_684' title='bbox 2093 4478 2193 4560; x_wconf 80' lang='lat' dir='ltr'><strong>Quod</strong></span> 
     </span>
     <span class='ocr_line' id='line_1_50' title="bbox 189 4564 2216 4649; baseline 0 -22"><span class='ocrx_word' id='word_1_685' title='bbox 189 4584 291 4646; x_wconf 91' lang='lat' dir='ltr'><strong>quum</strong></span> <span class='ocrx_word' id='word_1_686' title='bbox 308 4573 393 4628; x_wconf 88' lang='lat' dir='ltr'><strong>esset</strong></span> <span class='ocrx_word' id='word_1_687' title='bbox 420 4564 474 4629; x_wconf 93' lang='lat' dir='ltr'><strong>ille</strong></span> <span class='ocrx_word' id='word_1_688' title='bbox 497 4564 584 4630; x_wconf 90' lang='lat' dir='ltr'><strong>filius</strong></span> <span class='ocrx_word' id='word_1_689' title='bbox 610 4586 688 4648; x_wconf 91' lang='lat' dir='ltr'><strong>prae</strong></span> <span class='ocrx_word' id='word_1_690' title='bbox 714 4567 785 4630; x_wconf 90' lang='lat' dir='ltr'><strong>aliis</strong></span> <span class='ocrx_word' id='word_1_691' title='bbox 807 4565 958 4644; x_wconf 75' lang='lat' dir='ltr'><strong>dilectu,</strong></span> <span class='ocrx_word' id='word_1_692' title='bbox 992 4573 1026 4630; x_wconf 92' lang='lat' dir='ltr'><strong>et</strong></span> <span class='ocrx_word' id='word_1_693' title='bbox 1046 4567 1081 4629; x_wconf 91' lang='lat' dir='ltr'><strong>in</strong></span> <span class='ocrx_word' id='word_1_694' title='bbox 1101 4586 1164 4647; x_wconf 92' lang='lat' dir='ltr'><strong>quo</strong></span> <span class='ocrx_word' id='word_1_695' title='bbox 1216 4585 1305 4649; x_wconf 88' lang='lat' dir='ltr'><strong>ergo,</strong></span> <span class='ocrx_word' id='word_1_696' title='bbox 1323 4564 1421 4628; x_wconf 90' lang='lat' dir='ltr'><strong>rebus</strong></span> <span class='ocrx_word' id='word_1_697' title='bbox 1439 4566 1633 4647; x_wconf 90' lang='lat' dir='ltr'><strong>tranquillis,</strong></span> <span class='ocrx_word' id='word_1_698' title='bbox 1652 4567 1785 4631; x_wconf 88' lang='lat' dir='ltr'><strong>maioris</strong></span> <span class='ocrx_word' id='word_1_699' title='bbox 1802 4568 2005 4633; x_wconf 91' lang='lat' dir='ltr'><strong>constantiae</strong></span> <span class='ocrx_word' id='word_1_700' title='bbox 2017 4575 2049 4631; x_wconf 88' lang='lat' dir='ltr'><strong>et</strong></span> <span class='ocrx_word' id='word_1_701' title='bbox 2064 4567 2216 4648; x_wconf 66' lang='lat' dir='ltr'><strong>patiam·</strong></span> 
     </span>
     <span class='ocr_line' id='line_1_51' title="bbox 189 4649 2192 4735; baseline 0.001 -24"><span class='ocrx_word' id='word_1_702' title='bbox 189 4649 292 4732; x_wconf 88' lang='lat' dir='ltr'><strong>patris</strong></span> <span class='ocrx_word' id='word_1_703' title='bbox 319 4650 448 4714; x_wconf 89' lang='lat' dir='ltr'><strong>animus</strong></span> <span class='ocrx_word' id='word_1_704' title='bbox 477 4651 713 4733; x_wconf 88' lang='lat' dir='ltr'><strong>acquiescebat,</strong></span> <span class='ocrx_word' id='word_1_705' title='bbox 747 4651 896 4716; x_wconf 85' lang='lat' dir='ltr'><strong>videmus</strong></span> <span class='ocrx_word' id='word_1_706' title='bbox 921 4659 1031 4715; x_wconf 91' lang='lat' dir='ltr'><strong>tamen</strong></span> <span class='ocrx_word' id='word_1_707' title='bbox 1066 4672 1164 4732; x_wconf 89' lang='lat' dir='ltr'><strong>quam</strong></span> <span class='ocrx_word' id='word_1_708' title='bbox 1216 4651 1282 4715; x_wconf 89' lang='lat' dir='ltr'><strong>tiae</strong></span> <span class='ocrx_word' id='word_1_709' title='bbox 1314 4651 1469 4733; x_wconf 92' lang='lat' dir='ltr'><strong>opinione</strong></span> <span class='ocrx_word' id='word_1_710' title='bbox 1498 4650 1560 4715; x_wconf 88' lang='lat' dir='ltr'><strong>sibi</strong></span> <span class='ocrx_word' id='word_1_711' title='bbox 1592 4651 1857 4731; x_wconf 88' lang='lat' dir='ltr'><strong>blandiebantur,</strong></span> <span class='ocrx_word' id='word_1_712' title='bbox 1896 4654 1993 4718; x_wconf 90' lang='lat' dir='ltr'><strong>rebus</strong></span> <span class='ocrx_word' id='word_1_713' title='bbox 2033 4652 2192 4735; x_wconf 89' lang='lat' dir='ltr'><strong>asperatis</strong></span> 
     </span>
     <span class='ocr_line' id='line_1_52' title="bbox 189 4734 2191 4822; baseline 0 -24"><span class='ocrx_word' id='word_1_714' title='bbox 189 4754 254 4798; x_wconf 89' lang='lat' dir='ltr'><strong>non</strong></span> <span class='ocrx_word' id='word_1_715' title='bbox 275 4734 485 4818; x_wconf 81' lang='lat' dir='ltr'><strong>indulgenter</strong></span> <span class='ocrx_word' id='word_1_716' title='bbox 506 4758 544 4801; x_wconf 90' lang='lat' dir='ltr'><strong>ac</strong></span> <span class='ocrx_word' id='word_1_717' title='bbox 566 4737 708 4801; x_wconf 89' lang='lat' dir='ltr'><strong>molliter</strong></span> <span class='ocrx_word' id='word_1_718' title='bbox 733 4737 865 4801; x_wconf 89' lang='lat' dir='ltr'><strong>habitus</strong></span> <span class='ocrx_word' id='word_1_719' title='bbox 886 4738 999 4815; x_wconf 88' lang='lat' dir='ltr'><strong>fuerit;</strong></span> <span class='ocrx_word' id='word_1_720' title='bbox 1028 4742 1066 4799; x_wconf 90' lang='lat' dir='ltr'><strong>ut</strong></span> <span class='ocrx_word' id='word_1_721' title='bbox 1087 4759 1164 4802; x_wconf 88' lang='lat' dir='ltr'><strong>vere</strong></span> <span class='ocrx_word' id='word_1_722' title='bbox 1216 4736 1398 4816; x_wconf 89' lang='lat' dir='ltr'><strong>humiliati,</strong></span> <span class='ocrx_word' id='word_1_723' title='bbox 1425 4737 1615 4822; x_wconf 83' lang='lat' dir='ltr'><strong>hypocrisin</strong></span> <span class='ocrx_word' id='word_1_724' title='bbox 1647 4739 1748 4804; x_wconf 79' lang='lat' dir='ltr'><strong>firisse</strong></span> <span class='ocrx_word' id='word_1_725' title='bbox 1774 4738 1913 4804; x_wconf 85' lang='lat' dir='ltr'><strong>discunt</strong></span> <span class='ocrx_word' id='word_1_726' title='bbox 1963 4736 2110 4814; x_wconf 72' lang='lat' dir='ltr'><strong>Talibus,</strong></span> <span class='ocrx_word' id='word_1_727' title='bbox 2139 4738 2191 4799; x_wconf 91' lang='lat' dir='ltr'><strong>in-</strong></span> 
     </span>
     <span class='ocr_line' id='line_1_53' title="bbox 189 4820 2190 4907; baseline 0 -23"><span class='ocrx_word' id='word_1_728' title='bbox 189 4820 252 4884; x_wconf 92' lang='lat' dir='ltr'><strong>dici</strong></span> <span class='ocrx_word' id='word_1_729' title='bbox 279 4828 390 4902; x_wconf 91' lang='lat' dir='ltr'><strong>queat,</strong></span> <span class='ocrx_word' id='word_1_730' title='bbox 424 4843 490 4886; x_wconf 89' lang='lat' dir='ltr'><strong>uon</strong></span> <span class='ocrx_word' id='word_1_731' title='bbox 519 4821 615 4887; x_wconf 93' lang='lat' dir='ltr'><strong>modo</strong></span> <span class='ocrx_word' id='word_1_732' title='bbox 643 4829 800 4907; x_wconf 91' lang='lat' dir='ltr'><strong>perpetua</strong></span> <span class='ocrx_word' id='word_1_733' title='bbox 826 4844 922 4887; x_wconf 91' lang='lat' dir='ltr'><strong>eruce</strong></span> <span class='ocrx_word' id='word_1_734' title='bbox 950 4823 1164 4888; x_wconf 87' lang='lat' dir='ltr'><strong>exercitatum</strong></span> <span class='ocrx_word' id='word_1_735' title='bbox 1216 4843 1323 4905; x_wconf 90' lang='lat' dir='ltr'><strong>quam,</strong></span> <span class='ocrx_word' id='word_1_736' title='bbox 1343 4822 1546 4889; x_wconf 89' lang='lat' dir='ltr'><strong>documentis</strong></span> <span class='ocrx_word' id='word_1_737' title='bbox 1569 4824 1728 4889; x_wconf 87' lang='lat' dir='ltr'><strong>admoniti</strong></span> <span class='ocrx_word' id='word_1_738' title='bbox 1749 4846 1884 4890; x_wconf 88' lang='lat' dir='ltr'><strong>suorum</strong></span> <span class='ocrx_word' id='word_1_739' title='bbox 1904 4823 2092 4888; x_wconf 88' lang='lat' dir='ltr'><strong>morborum</strong></span> <span class='ocrx_word' id='word_1_740' title='bbox 2109 4820 2190 4885; x_wconf 92' lang='lat' dir='ltr'><strong>fide-</strong></span> 
     </span>
     <span class='ocr_line' id='line_1_54' title="bbox 188 4905 2191 4993; baseline 0.003 -24"><span class='ocrx_word' id='word_1_741' title='bbox 188 4905 297 4983; x_wconf 84' lang='lat' dir='ltr'><strong>fnisse,</strong></span> <span class='ocrx_word' id='word_1_742' title='bbox 319 4906 475 4987; x_wconf 92' lang='lat' dir='ltr'><strong>quamdiu</strong></span> <span class='ocrx_word' id='word_1_743' title='bbox 498 4915 621 4972; x_wconf 90' lang='lat' dir='ltr'><strong>terram</strong></span> <span class='ocrx_word' id='word_1_744' title='bbox 642 4909 792 4985; x_wconf 89' lang='lat' dir='ltr'><strong>incoluit,</strong></span> <span class='ocrx_word' id='word_1_745' title='bbox 822 4907 879 4972; x_wconf 90' lang='lat' dir='ltr'><strong>sed</strong></span> <span class='ocrx_word' id='word_1_746' title='bbox 901 4914 1002 4972; x_wconf 90' lang='lat' dir='ltr'><strong>totam</strong></span> <span class='ocrx_word' id='word_1_747' title='bbox 1025 4909 1095 4973; x_wconf 92' lang='lat' dir='ltr'><strong>eius</strong></span> <span class='ocrx_word' id='word_1_748' title='bbox 1114 4910 1164 4974; x_wconf 88' lang='lat' dir='ltr'><strong>vi-</strong></span> <span class='ocrx_word' id='word_1_749' title='bbox 1216 4907 1264 4972; x_wconf 92' lang='lat' dir='ltr'><strong>les</strong></span> <span class='ocrx_word' id='word_1_750' title='bbox 1301 4910 1476 4990; x_wconf 89' lang='lat' dir='ltr'><strong>proficiunt</strong></span> <span class='ocrx_word' id='word_1_751' title='bbox 1513 4909 1555 4973; x_wconf 92' lang='lat' dir='ltr'><strong>ad</strong></span> <span class='ocrx_word' id='word_1_752' title='bbox 1594 4910 1826 4991; x_wconf 69' lang='lat' dir='ltr'><strong>humilitatem</strong></span> <span class='ocrx_word' id='word_1_753' title='bbox 1863 4917 1903 4975; x_wconf 92' lang='lat' dir='ltr'><strong>ut</strong></span> <span class='ocrx_word' id='word_1_754' title='bbox 1942 4930 2044 4993; x_wconf 88' lang='lat' dir='ltr'><strong>prava</strong></span> <span class='ocrx_word' id='word_1_755' title='bbox 2082 4910 2191 4975; x_wconf 88' lang='lat' dir='ltr'><strong>carnis</strong></span> 
     </span>
     <span class='ocr_line' id='line_1_55' title="bbox 189 4981 2191 5081; baseline 0.002 -27"><span class='ocrx_word' id='word_1_756' title='bbox 189 4997 257 5054; x_wconf 88' lang='lat' dir='ltr'><strong>tam</strong></span> <span class='ocrx_word' id='word_1_757' title='bbox 279 4991 363 5055; x_wconf 90' lang='lat' dir='ltr'><strong>nihil</strong></span> <span class='ocrx_word' id='word_1_758' title='bbox 391 4991 480 5056; x_wconf 90' lang='lat' dir='ltr'><strong>aliud</strong></span> <span class='ocrx_word' id='word_1_759' title='bbox 507 4993 606 5057; x_wconf 87' lang='lat' dir='ltr'><strong>fuisse</strong></span> <span class='ocrx_word' id='word_1_760' title='bbox 638 5015 736 5076; x_wconf 88' lang='lat' dir='ltr'><strong>quam</strong></span> <span class='ocrx_word' id='word_1_761' title='bbox 761 5001 937 5076; x_wconf 89' lang='lat' dir='ltr'><strong>perpetuae</strong></span> <span class='ocrx_word' id='word_1_762' title='bbox 963 4995 1068 5060; x_wconf 89' lang='lat' dir='ltr'><strong>crucis</strong></span> <span class='ocrx_word' id='word_1_763' title='bbox 1091 5016 1164 5077; x_wconf 91' lang='lat' dir='ltr'><strong>spe-</strong></span> <span class='ocrx_word' id='word_1_764' title='bbox 1216 4993 1415 5059; x_wconf 88' lang='lat' dir='ltr'><strong>confidentia</strong></span> <span class='ocrx_word' id='word_1_765' title='bbox 1442 4995 1534 5059; x_wconf 85' lang='lat' dir='ltr'><strong>exuti</strong></span> <span class='ocrx_word' id='word_1_766' title='bbox 1562 4995 1604 5059; x_wconf 91' lang='lat' dir='ltr'><strong>ad</strong></span> <span class='ocrx_word' id='word_1_767' title='bbox 1631 4996 1768 5062; x_wconf 90' lang='lat' dir='ltr'><strong>Domini</strong></span> <span class='ocrx_word' id='word_1_768' title='bbox 1794 4997 1936 5081; x_wconf 82' lang='lat' dir='ltr'><strong>gratiam</strong></span> <span class='ocrx_word' id='word_1_769' title='bbox 1954 5016 1991 5061; x_wconf 80' lang='lat' dir='ltr'><strong>ae</strong></span> <span class='ocrx_word' id='word_1_770' title='bbox 2013 4981 2191 5059; x_wconf 74' lang='lat' dir='ltr'><strong>conferant</strong></span> 
     </span>
     <span class='ocr_line' id='line_1_56' title="bbox 190 5075 2192 5164; baseline 0.002 -24"><span class='ocrx_word' id='word_1_771' title='bbox 190 5077 281 5140; x_wconf 91' lang='lat' dir='ltr'><strong>ciem.</strong></span> <span class='ocrx_word' id='word_1_772' title='bbox 331 5075 401 5140; x_wconf 83' lang='lat' dir='ltr'><strong>Our</strong></span> <span class='ocrx_word' id='word_1_773' title='bbox 426 5097 485 5143; x_wconf 92' lang='lat' dir='ltr'><strong>nos</strong></span> <span class='ocrx_word' id='word_1_774' title='bbox 513 5099 591 5162; x_wconf 84' lang='lat' dir='ltr'><strong>ergo</strong></span> <span class='ocrx_word' id='word_1_775' title='bbox 625 5080 666 5144; x_wconf 92' lang='lat' dir='ltr'><strong>ab</strong></span> <span class='ocrx_word' id='word_1_776' title='bbox 695 5102 734 5143; x_wconf 88' lang='lat' dir='ltr'><strong>ea</strong></span> <span class='ocrx_word' id='word_1_777' title='bbox 762 5078 945 5144; x_wconf 89' lang='lat' dir='ltr'><strong>conditione</strong></span> <span class='ocrx_word' id='word_1_778' title='bbox 972 5080 1163 5158; x_wconf 86' lang='lat' dir='ltr'><strong>eximamus,</strong></span> <span class='ocrx_word' id='word_1_779' title='bbox 1215 5079 1320 5143; x_wconf 89' lang='lat' dir='ltr'><strong>Porro</strong></span> <span class='ocrx_word' id='word_1_780' title='bbox 1342 5081 1400 5144; x_wconf 93' lang='lat' dir='ltr'><strong>ubi</strong></span> <span class='ocrx_word' id='word_1_781' title='bbox 1422 5102 1457 5145; x_wconf 91' lang='lat' dir='ltr'><strong>se</strong></span> <span class='ocrx_word' id='word_1_782' title='bbox 1479 5081 1700 5161; x_wconf 73' lang='lat' dir='ltr'><strong>contulerunt,</strong></span> <span class='ocrx_word' id='word_1_783' title='bbox 1729 5081 1862 5147; x_wconf 78' lang='lat' dir='ltr'><strong>divinae</strong></span> <span class='ocrx_word' id='word_1_784' title='bbox 1882 5082 2016 5149; x_wconf 86' lang='lat' dir='ltr'><strong>virtutis</strong></span> <span class='ocrx_word' id='word_1_785' title='bbox 2037 5102 2192 5164; x_wconf 85' lang='lat' dir='ltr'><strong>praesen·</strong></span> 
     </span>
     <span class='ocr_line' id='line_1_57' title="bbox 191 5161 2192 5252; baseline 0.003 -28"><span class='ocrx_word' id='word_1_786' title='bbox 191 5182 289 5242; x_wconf 90' lang='lat' dir='ltr'><strong>quam</strong></span> <span class='ocrx_word' id='word_1_787' title='bbox 318 5161 426 5226; x_wconf 87' lang='lat' dir='ltr'><strong>subire</strong></span> <span class='ocrx_word' id='word_1_788' title='bbox 462 5161 647 5241; x_wconf 82' lang='lat' dir='ltr'><strong>Christum,</strong></span> <span class='ocrx_word' id='word_1_789' title='bbox 681 5177 779 5247; x_wconf 89' lang='lat' dir='ltr'><strong>caput</strong></span> <span class='ocrx_word' id='word_1_790' title='bbox 802 5173 962 5241; x_wconf 91' lang='lat' dir='ltr'><strong>nostrum,</strong></span> <span class='ocrx_word' id='word_1_791' title='bbox 997 5165 1162 5249; x_wconf 81' lang='lat' dir='ltr'><strong>oportuit?</strong></span> <span class='ocrx_word' id='word_1_792' title='bbox 1216 5165 1426 5248; x_wconf 89' lang='lat' dir='ltr'><strong>tiam,inqua</strong></span> <span class='ocrx_word' id='word_1_793' title='bbox 1436 5168 1515 5231; x_wconf 91' lang='lat' dir='ltr'><strong>satis</strong></span> <span class='ocrx_word' id='word_1_794' title='bbox 1523 5164 1849 5252; x_wconf 87' lang='lat' dir='ltr'><strong>superquepraesidii</strong></span> <span class='ocrx_word' id='word_1_795' title='bbox 1858 5169 1954 5248; x_wconf 89' lang='lat' dir='ltr'><strong>inest,</strong></span> <span class='ocrx_word' id='word_1_796' title='bbox 1965 5167 2192 5252; x_wconf 82' lang='lat' dir='ltr'><strong>experiuntur.</strong></span> 
     </span>
    </p>
   </div>
   <div class='ocr_carea' id='block_1_7' title="bbox 189 5246 2193 5347">
    <p class='ocr_par' dir='ltr' id='par_1_8' title="bbox 189 5246 2193 5347">
     <span class='ocr_line' id='line_1_58' title="bbox 189 5246 2193 5347; baseline 0.003 -37"><span class='ocrx_word' id='word_1_797' title='bbox 189 5246 389 5311; x_wconf 87' lang='lat' dir='ltr'><strong>Praesertim</strong></span> <span class='ocrx_word' id='word_1_798' title='bbox 410 5270 512 5330; x_wconf 91' lang='lat' dir='ltr'><strong>quum</strong></span> <span class='ocrx_word' id='word_1_799' title='bbox 532 5255 645 5313; x_wconf 86' lang='lat' dir='ltr'><strong>nostra</strong></span> <span class='ocrx_word' id='word_1_800' title='bbox 665 5269 764 5314; x_wconf 84' lang='lat' dir='ltr'><strong>causa</strong></span> <span class='ocrx_word' id='word_1_801' title='bbox 784 5250 930 5329; x_wconf 84' lang='lat' dir='ltr'><strong>subierit,</strong></span> <span class='ocrx_word' id='word_1_802' title='bbox 958 5258 995 5314; x_wconf 93' lang='lat' dir='ltr'><strong>ut</strong></span> <span class='ocrx_word' id='word_1_803' title='bbox 1015 5252 1108 5317; x_wconf 90' lang='lat' dir='ltr'><strong>nohis</strong></span> <span class='ocrx_word' id='word_1_804' title='bbox 1129 5252 1165 5316; x_wconf 91' lang='lat' dir='ltr'><strong>in</strong></span> <span class='ocrx_word' id='word_1_805' title='bbox 1305 5256 1353 5316; x_wconf 83' lang='lat'><strong>17.</strong></span> <span class='ocrx_word' id='word_1_806' title='bbox 1396 5252 1507 5335; x_wconf 84' lang='lat' dir='ltr'><strong>Atque</strong></span> <span class='ocrx_word' id='word_1_807' title='bbox 1528 5252 1563 5317; x_wconf 94' lang='lat' dir='ltr'><strong>id</strong></span> <span class='ocrx_word' id='word_1_808' title='bbox 1583 5261 1635 5318; x_wconf 91' lang='lat' dir='ltr'><strong>est</strong></span> <span class='ocrx_word' id='word_1_809' title='bbox 1655 5253 1744 5336; x_wconf 85' lang='lat' dir='ltr'><strong>quod</strong></span> <span class='ocrx_word' id='word_1_810' title='bbox 1761 5252 1888 5347; x_wconf 78' lang='lat' dir='ltr'><strong>Paulus</strong></span> <span class='ocrx_word' id='word_1_811' title='bbox 1907 5251 2017 5321; x_wconf 67' lang='lat' dir='ltr'><strong>duat:</strong></span> <span class='ocrx_word' id='word_1_812' title='bbox 2052 5253 2193 5318; x_wconf 83' lang='lat' dir='ltr'><strong>tribulu-</strong></span> 
     </span>
    </p>
   </div>
   <div class='ocr_carea' id='block_1_8' title="bbox 0 0 2390 6020">
    <p class='ocr_par' dir='ltr' id='par_1_9' title="bbox 0 0 2390 6020">
     <span class='ocr_line' id='line_1_59' title="bbox 0 0 2390 6020; baseline 0 0"><span class='ocrx_word' id='word_1_813' title='bbox 0 0 2390 6020; x_wconf 95' lang='lat' dir='ltr'><strong> </strong></span> 
     </span>
    </p>
   </div>
  </div>
 </body>
</html>
