4770 6030
147 195 200 258 tls
704 182 970 252 INSfflU'ssO
992 183 1097 250 mih.
1120 180 1301 250 OHRIST.
1328 186 1565 248 lues-1554.

1902 297 2015 365 32043
2032 295 2083 351 cn
2128 334 2138 352 .

135 379 249 447 sieusis
269 378 370 442 breues
390 376 516 440 illorum
537 379 706 456 reupoun
722 373 948 451 mrmrnntarii5
969 371 1033 453 qui,
1054 319 1132 434 ubi.
1159 369 1215 434 sed
1234 374 1342 434 utrum
1369 370 1463 433 etium
1489 370 1635 450 debeatin
1663 373 1800 452 moestia
1821 375 1873 437 est.
1888 283 1903 373 [
1917 370 1973 436 Aa
1992 299 2138 437 umbi·

135 467 174 532 de
193 464 284 530 rebus
300 462 513 527 ecclesiasticis
533 461 646 543 opitur,
668 461 848 524 nuntiorum
865 459 1046 540 padionum
1060 456 1110 537 fa·
1160 453 1331 536 nudusque
1351 474 1446 519 mum
1463 457 1656 540 praelumque
1677 457 1919 523 mnseruurdum
1933 458 2033 539 positi
2052 459 2137 538 estis,

135 553 228 630 ciunt,
250 554 315 612 tum
339 547 465 631 Pipini,
487 552 554 611 tum
578 544 696 623 Caroli,
723 565 793 609 cum
814 565 941 609 rontano
957 543 1108 624 pontifice.
1161 561 1221 605 riou
1241 540 1449 606 incidendum.
1483 540 1570 606 Haec
1585 562 1692 624 pauca
1711 563 1750 608 ee
1770 543 1879 608 nuidis
1894 544 2009 625 referre
2028 543 2138 609 libuit:

136 637 216 702 Iude
239 634 376 717 collipere
403 634 484 710 lieet,
515 633 631 713 factam
658 636 729 695 tune
754 632 856 712 fecisse
876 631 986 694 oetois
1010 631 1109 691 statum
1161 631 1196 690 ut
1210 627 1332 707 purtim
1352 627 1475 691 uuleant
1495 627 1625 706 uuna,
1648 649 1743 709 quam
1761 630 1901 712 promta
1920 635 1992 693 tunc
2012 629 2138 694 eeclesia

135 721 341 787 mansionem,
887 764 891 769 .
1162 712 1353 789 coruidisset,
1370 714 1491 792 partim
1510 715 1605 778 etiam
1624 719 1660 777 ut
1676 721 1851 797 aeruscaut,
1874 719 1987 796 quanio
2006 716 2043 778 in
2059 736 2139 781 moe·

224 809 293 869 123.
340 805 393 869 En
415 825 447 867 eo
468 810 612 885 tempore,
642 824 739 883 quum
760 823 810 866 res
832 801 957 883 passim
978 800 1014 862 in
1035 799 1111 862 dete-
1161 819 1230 862 rore
1250 818 1287 861 ac
1305 799 1420 881 pondu
1436 800 1510 879 pios
1530 819 1632 863 omnes
1652 803 1782 865 tenuerit
1802 803 1896 865 istaec
1915 801 2086 866 calamitas.

134 894 205 958 rius
223 891 358 973 quotidie
372 889 614 971 prolaberentur,
636 889 774 953 stabilita
797 908 914 968 auoque
934 884 1063 949 subirrde
1084 858 1137 967 etl
1252 887 1320 946 124.
1368 883 1440 947 Iam
1466 905 1536 950 uero
1556 891 1591 949 ut
1619 906 1745 950 romairo
1768 888 1909 968 pontifici
1929 887 2018 951 leodic
2039 907 2137 952 muce-

134 982 226 1044 aucto
254 982 298 1041 est
324 996 471 1041 romanae
497 976 579 1039 sedis
607 976 762 1056 tyrannis,
790 975 881 1053 idaim
903 973 1111 1053 episcoporum
1134 972 1138 1017 ¹
1162 970 1276 1032 damus
1305 971 1500 1034 eminentiam
1524 971 1628 1051 illam,
1655 978 1684 1036 et
1708 973 1936 1038 iurisdictionis
1956 973 2137 1054 amplitudi-

129 1065 251 1146 partim
281 1063 423 1140 inscitia,
452 1063 573 1143 partim
605 1062 740 1143 londria.
792 1060 879 1122 Nam
905 1078 1001 1139 quum
1026 1075 1111 1119 unus
1134 1020 1138 1137 l
1162 1075 1256 1151 uteru,¹
1271 1076 1366 1136 quum
1386 1056 1499 1120 mediis
1518 1057 1716 1138 temporibus,
1742 1064 1777 1122 ut
1799 1059 1913 1124 Leonis
1933 1063 1961 1123 et
1984 1059 2136 1148 Greporii,

135 1150 241 1215 omnia
261 1148 321 1213 sibi
342 1152 482 1226 siemera,
505 1167 542 1210 ac
562 1146 630 1210 siue
651 1147 738 1210 modo
760 1166 793 1209 se
814 1149 920 1209 contra
941 1145 994 1206 ius
1011 1147 1038 1205 et
1057 1142 1111 1223 fas
1162 1140 1269 1205 babuit
1289 1140 1362 1204 baec
1382 1141 1483 1205 sales:
1510 1144 1586 1223 quid
1612 1142 1666 1208 lroe
1688 1147 1729 1210 ad
1748 1149 1942 1226 praesentem
1959 1146 2138 1227 papatum?

136 1235 273 1302 extollere
295 1235 395 1316 rumpis
416 1235 577 1315 mir-pisane
589 1237 736 1314 perperet,
758 1251 811 1294 nec
832 1230 904 1307 nelo,
927 1249 986 1309 ano
999 1227 1111 1292 'debue-
1165 1226 1313 1293 Nondum
1338 1226 1444 1306 mquor
1471 1228 1508 1290 de
1529 1232 1645 1292 terreno
1667 1231 1816 1309 dominio,
1846 1251 1898 1295 nec
1919 1231 1957 1295 de
1978 1230 2064 1294 ciuili
2082 1249 2139 1311 po

135 1325 215 1400 rant,
236 1320 437 1383 incubuerunt
458 1320 591 1399 episcopi
609 1319 651 1382 ad
668 1317 834 1381 arcendam
850 1317 918 1380 eius
934 1314 1111 1391 libidinem,
1163 1317 1273 1390 testate,
1295 1311 1461 1392 ruaudus
1476 1319 1585 1394 postea
1601 1335 1658 1379 sero
1676 1316 1737 1381 lom
1753 1317 1941 1381 uidebimus:
1962 1317 2017 1380 sed
2033 1317 2140 1398 ipsum

135 1407 247 1490 etsi¹)
267 1405 393 1469 animus
409 1424 470 1468 uon
487 1405 643 1486 defuisset,
662 1402 902 1467 destituebantur
919 1406 1019 1464 tamen
1038 1419 1111 1463 uera
1162 1397 1328 1479 spirituale
1347 1399 1482 1481 repimeu
1503 1401 1584 1480 quod
1604 1401 1733 1479 iactant,
1762 1404 1838 1483 quid
1859 1402 1962 1467 simile
1982 1422 2053 1466 eum
2073 1401 2140 1466 illo

135 1492 274 1557 dedeina
295 1490 466 1572 aperitio,
488 1495 523 1553 ut
542 1489 584 1553 ad
605 1494 724 1552 turdum
739 1509 804 1552 rem
821 1487 997 1551 tendandum
1014 1489 1112 1550 essent
1135 1482 1139 1565 ἵ,
1163 1504 1233 1546 rum
1265 1489 1433 1564 ternporum
1465 1485 1634 1549 conditione
1664 1487 1774 1551 naboe
1819 1487 1942 1570 Papam
1969 1489 2052 1551 mrim
2077 1507 2140 1552 non

135 1578 262 1642 nuinime
283 1576 394 1640 idonm
435 1575 545 1656 ltaque
566 1575 714 1651 uidemus,
736 1574 841 1654 qualis
859 1573 957 1654 f'uerit
973 1578 1000 1636 et
1016 1591 1111 1652 quam
1163 1569 1255 1634 aliter
1280 1570 1443 1650 definiunt,
1466 1591 1561 1650 quam
1581 1592 1737 1637 sununum
1758 1574 1794 1637 in
1814 1575 1907 1639 terris
1927 1574 2070 1639 ecelesiae
2089 1593 2139 1637 ea-

129 1663 312 1746 prodipiosa
335 1661 453 1726 Romae
473 1662 611 1724 anuinium
631 1680 790 1725 sucronem
805 1659 999 1740 profanatio,
1022 1662 1049 1720 et
1069 1661 1111 1720 to·
1157 1660 1226 1736 peut
1249 1659 1276 1718 et
1296 1656 1503 1719 anniversalem
1525 1658 1617 1721 totius
1639 1658 1721 1722 orbis
1749 1660 1932 1742 episcopum.
1977 1659 2048 1741 Ipsi
2068 1679 2139 1723 uero

135 1751 199 1813 tius
231 1747 425 1812 ecclesiastici
458 1746 578 1810 ordinis
616 1745 780 1826 dissipatio
812 1744 974 1808 Bernurdi
1006 1747 1110 1807 aetate
1134 1741 1333 1837 fporrtifees,
1361 1762 1456 1822 quum
1485 1742 1521 1805 de
1547 1764 1607 1807 sica
1629 1745 1792 1810 autoritate
1820 1746 2001 1827 mquurrtur,
2027 1764 2138 1828 mapno

138 1833 389 1916 &annuerit-urst)
416 1851 453 1895 eu
474 1837 531 1896 toto
559 1832 627 1895 orbe
651 1831 785 1895 Romam
806 1831 952 1909 confinem
972 1828 1111 1892 anubdio
1135 1854 1137 1907 i
1162 1825 1327 1907 supercilio
1341 1829 1557 1907 pronuntiant,
1573 1849 1669 1909 penes
1686 1850 1720 1895 se
1735 1850 1801 1896 esse
1816 1832 1994 1914 imperandi
2005 1835 2138 1913 potesta-

135 1940 195 1999 sos,
217 1939 337 1995 avaros,
361 1918 553 1995 simoniacos,
574 1917 746 1999 sacrilepm,
770 1915 1009 1993 carcubmarios,
1031 1916 1110 1977 ince-
1135 1911 1138 2003 l
1162 1918 1236 1990 tem‚·
1261 1912 1340 1976 alios
1361 1933 1485 1978 inurere
1511 1913 1668 1979 obediendi
1695 1918 1917 1996 nenessitatem
1942 1918 1989 1981 sie
2009 1917 2139 1981 sanctio-

136 2011 269 2082 stuosos,
298 2009 325 2068 et
351 2024 488 2084 quaeque
509 2003 685 2068 istiusmodi
706 2008 858 2080 monstra,
887 2008 921 2064 ut
942 2000 1111 2081 apostolica
1135 2008 1138 2065 t
1162 2018 1215 2062 nes
1246 2017 1348 2062 ornnes
1379 2019 1456 2062 suas
1484 1998 1640 2064 trahendas
1665 2022 1745 2081 esse,
1786 2005 1880 2083 quasi
1912 2004 2023 2068 diuina
2052 2000 2140 2066 Petri

137 2091 299 2155 autoritate
319 2088 367 2154 uel
385 2089 549 2153 obtinerent
570 2089 696 2153 lemures
717 2088 943 2164 memmonicos,
974 2087 1019 2149 oel
1041 2087 1111 2149 reti·
1162 2103 1229 2147 uoce
1253 2084 1413 2164 functas,
1440 2085 1650 2165 provinciales
1675 2088 1821 2170 synodos,
1850 2091 1926 2171 quio
1949 2109 2057 2171 papae
2076 2108 2138 2152 nori

136 2180 254 2254 ruerent·
273 2175 432 2257 frarulem,
454 2179 482 2238 et
502 2174 797 2251 circumventionem,
820 2179 848 2238 et
868 2173 1044 2237 uiolentiam
1065 2172 1112 2234 in·
1162 2168 1293 2233 habeant
1307 2171 1527 2250 puaeserdiam,
1549 2173 1653 2254 cipere
1674 2193 1791 2252 carere,-
1817 2193 1850 2239 se
1864 2194 1960 2257 posse
1980 2175 2019 2238 de
2038 2174 2139 2255 quali·

135 2262 280 2326 valuisse.
329 2259 415 2324 Eum
441 2260 605 2324 ircdicandi
631 2259 770 2338 modurn
804 2259 860 2340 qui
880 2265 950 2322 tune
975 2258 1112 2321 usitatus
1136 2334 1139 2347 .
1163 2255 1208 2319 bet
1230 2255 1355 2319 ecclesia
1383 2255 1505 2321 clericos
1531 2259 1692 2338 ordinare·
1724 2261 1827 2341 etqui
1848 2260 1926 2324 alibi
1950 2261 2070 2341 fuerint
2091 2281 2140 2324 or·

136 2352 217 2425 erat,
239 2345 454 2410 exsecrabilem
474 2365 538 2409 esse
560 2346 650 2423 dicit,
677 2366 732 2409 uec
762 2346 850 2410 modo
872 2344 1025 2422 ecclesiae,
1058 2343 1112 2407 sed
1136 2350 1139 2412 ἰ
1163 2342 1279 2418 (lineali,
1307 2361 1357 2405 eos
1377 2362 1471 2422 posse
1499 2343 1542 2407 ad
1568 2344 1669 2408 sedem
1695 2365 1788 2409 suam
1808 2367 1923 2410 uocare.
1968 2345 2139 2410 Innumero

134 2435 202 2515 foro
222 2432 406 2496 indemnem.
448 2430 580 2509 Clamat,
600 2431 726 2512 plorum
747 2450 812 2495 esse
832 2429 1005 2494 ambitiosis
1026 2429 1112 2493 eccle
1136 2419 1139 2442 ’
1163 2428 1233 2492 eius
1249 2428 1371 2509 poneris
1391 2427 1540 2492 labentur
1560 2430 1595 2492 in
1613 2430 1776 2514 furrapine
1796 2431 1956 2509 Gratiani,
1978 2452 2058 2513 quae
2076 2450 2138 2494 non

135 2520 234 2596 siam;
254 2538 307 2582 nee
328 2538 393 2581 esse
413 2519 469 2597 orci
487 2519 589 2600 inopis
606 2516 766 2581 eutrorreat
782 2517 907 2599 flapitia
922 2520 1111 2596 perpetrare,
1163 2531 1312 2591 recenseo,
1340 2534 1377 2576 ne
1401 2514 1498 2577 nimis
1523 2515 1666 2579 molestus
1697 2517 1760 2580 sim
1788 2517 1955 2582 lemuribus.
2008 2516 2138 2581 Sumrrm

135 2624 230 2686 quam
251 2603 383 2668 latratus
405 2605 439 2665 in
460 2603 614 2684 spelunca,
636 2623 732 2683 auum
753 2602 854 2684 spolia
874 2602 1029 2665 rumorum
1049 2601 1112 2665 dis-
1164 2604 1266 2663 tamen
1285 2598 1345 2662 lunc
1365 2599 1453 2678 redit,
1471 2620 1567 2680 penes
1587 2622 1686 2665 unum
1701 2604 1878 2685 pontificem
1893 2623 2057 2668 romanum
2073 2621 2138 2666 esse

134 2689 280 2754 tribuunt.
334 2688 449 2766 Parni,
476 2690 593 2768 iniquit,
622 2689 664 2753 ad
692 2709 726 2752 os
749 2688 947 2770 lepsuutmis,
980 2687 1023 2750 rut
1047 2707 1113 2751 ma-
1136 2650 1140 2803 Ι
1164 2704 1342 2766 supremam
1369 2685 1642 2750 ecclesiastieorum
1668 2690 1808 2753 omnium
1840 2709 2009 2754 causarum
2040 2688 2140 2771 myni-

134 2796 196 2839 nus
223 2794 326 2838 munes
358 2775 534 2854 respiciunt.
580 2774 653 2839 Non
687 2774 837 2839 unnurito
862 2779 970 2838 tamar.
1018 2772 1113 2838 Omne
1137 2808 1140 2823 ·
1164 2773 1290 2849 tionem·
1322 2772 1448 2835 sivein
1475 2772 1689 2838 diiudicandis
1715 2775 1958 2856 iminundisaue
1983 2774 2140 2852 doctrinis,

136 2945 413 3010 aa
441 2859 655 2943 >
688 2860 868 3010 imm
884 2859 1024 3009 mu
1137 2828 1140 2959 t
1249 2856 1667 3009 fuum
1685 2861 1944 3030 enum
1961 2860 2139 3011 um

139 3029 321 3113 Pauperum
341 3033 406 3096 cita
427 3032 462 3094 in
478 2997 595 3112 plateii
612 2966 747 3095 diuitum
768 2965 963 3094 smirnii?
987 2965 1112 3113 'Aeibyeri
1137 2972 1141 3087 l
1165 3028 1226 3091 sibi
1247 3033 1374 3092 sumunt
1399 3029 1434 3092 in
1460 2994 1717 3096 reseruatroruibus
1744 3032 1793 3116 (ut
1813 2967 1999 3116 uomntlubtq
2016 2965 2143 3115 langiarii

136 3123 202 3182 tum
234 3117 327 3180 iuuat
354 3118 390 3181 iu
419 3116 498 3191 luto‚·
531 3118 706 3181 accurritur
732 3117 888 3198 mutique:
920 3115 997 3181 tollit
1024 3115 1112 3193 illud,
1164 3119 1241 3179 esset
1262 3133 1422 3193 recensere,
1443 3120 1471 3178 et
1491 3136 1724 3196 superuacuum
1771 3119 1858 3199 Quod
1880 3124 1983 3183 annm
2004 3118 2142 3183 onmium

135 3223 196 3267 non
221 3203 409 3284 pauperior,
437 3203 492 3266 sed
511 3202 635 3283 fortior,
663 3207 718 3266 out
739 3203 794 3284 qui
812 3204 891 3284 forte
910 3203 1004 3265 cr'tius
1019 3221 1113 3284 prae
1165 3201 1301 3264 mnium
1321 3200 1510 3265 intolerabile
1529 3207 1589 3266 est:
1610 3202 1732 3266 nullum
1752 3205 1788 3267 in
1808 3206 1902 3270 terris
1922 3206 2075 3269 iudicium
2095 3223 2142 3269 re·

137 3290 242 3353 currit.
278 3288 311 3352 A
333 3293 360 3353 te
381 3294 483 3352 tamen
502 3308 570 3353 mos
590 3289 655 3366 iste,
677 3289 723 3352 cel
738 3290 847 3369 potius
867 3307 952 3352 mors
973 3289 1035 3352 ista
1052 3307 1113 3352 non
1165 3287 1309 3366 linquunt
1331 3287 1508 3351 mmmmm
1526 3307 1564 3351 ac
1590 3289 1813 3369 refraenandae
1836 3311 1913 3355 suae
1939 3291 2078 3369 libidini,
2111 3288 2143 3354 si

135 3376 233 3441 uenit:
250 3375 372 3438 utinam
394 3376 430 3438 in
449 3380 477 3437 te
499 3375 628 3440 desinat.
662 3374 749 3438 Inter
769 3373 842 3437 laec
862 3379 897 3437 tu
913 3380 1024 3456 pastor
1040 3393 1113 3454 pro-
1165 3377 1230 3436 tam
1247 3373 1397 3436 immensa
1407 3377 1556 3453 potestate
1572 3372 1746 3439 chamutum
1785 3375 1928 3455 Nemini,
1947 3378 2102 3458 inquiunt,
2115 3374 2141 3458 ¹)
2212 3388 2218 3404 “

136 3461 226 3539 cedis,
248 3460 343 3525 multo
365 3465 392 3524 et
411 3460 547 3542 pretioso
569 3460 779 3525 circumdatus
796 3465 916 3523 ornatu
963 3458 1000 3523 Si
1021 3460 1114 3525 eude-
1165 3458 1319 3522 iudicium
1334 3458 1419 3523 sedis
1439 3457 1535 3523 liuius
1552 3459 1641 3524 liceat
1657 3466 1831 3541 retractare,
1847 3468 1975 3544 propter
1995 3478 2143 3526 romanae

136 3566 201 3609 reru
233 3547 347 3610 dicere:
380 3547 562 3610 daenrormm
596 3547 698 3629 mapis
730 3567 825 3626 quani
857 3547 960 3610 ouium
990 3565 1115 3626 pascua
1138 3542 1142 3649 Ι
1166 3543 1306 3609 ecclesiae
1326 3544 1510 3626 primatum.
1555 3544 1651 3610 Item:
1664 3546 1694 3629 ²)
1723 3568 1818 3630 neque
1845 3547 1884 3612 ab
1905 3547 2060 3631 Aupusto,
2090 3564 2142 3608 ne-

135 3630 216 3694 laee.
262 3630 383 3695 Scilicet
403 3632 449 3695 sic
474 3631 635 3713 factitabat
659 3631 786 3711 Petrus,
815 3631 861 3696 sic
885 3630 1009 3695 Pardus
1031 3631 1114 3695 lude-
1166 3650 1224 3711 que
1251 3651 1272 3693 a
1300 3629 1436 3712 rupibus,
1463 3651 1559 3711 neque
1584 3630 1624 3695 ab
1644 3634 1729 3696 omni
1750 3634 1840 3712 clero,
1866 3652 1962 3713 neque
1981 3654 2002 3697 a
2023 3630 2141 3713 populo

135 3717 194 3781 bat.
236 3712 334 3779 Guria
355 3721 410 3780 tua
432 3720 564 3799 recepere
584 3717 675 3783 bonos
696 3720 799 3802 mapis
818 3738 913 3798 quam
928 3717 1030 3798 facere
1048 3737 1114 3781 com
1166 3716 1261 3780 luder
1287 3715 1484 3780 iudicabitur.
1535 3717 1578 3781 Id
1604 3719 1727 3798 quidun
1755 3719 1832 3801 plns
1858 3719 1937 3783 satis
1968 3719 2140 3800 imperiose,

135 3801 242 3866 necuit
287 3799 371 3864 Muli
397 3804 480 3866 euim
501 3804 567 3867 illic
588 3824 649 3867 non
666 3804 847 3885 proficiunt,
877 3802 931 3867 sed
952 3802 1022 3868 boni
1040 3804 1113 3884 defi·
1139 3856 1142 3867 .
1166 3802 1247 3882 prod
1267 3821 1350 3865 unus
1370 3801 1457 3866 bonno
1478 3803 1616 3866 omuimn
1635 3823 1668 3867 se
1687 3804 1821 3869 iudicem
1837 3804 1999 3883 cmrstitm't,
2021 3803 2143 3868 nullius

136 3889 228 3953 ciunt.
278 3885 352 3950 Iam
380 3908 456 3967 quos
477 3889 720 3970 appellationum
747 3889 865 3954 abnues
891 3890 1000 3970 refert,
1028 3908 1114 3954 uerno
1166 3891 1269 3951 autem
1294 3887 1411 3952 iudicio
1437 3908 1552 3969 parere
1576 3891 1713 3954 sustinet.
1760 3889 1822 3955 Sed
1846 3889 1974 3971 quidsi
2001 3890 2141 3972 tyranni·

132 4145 253 4228 panda,
282 4143 489 4228 concludit:⁴)
518 4165 661 4211 murmur
682 4147 804 4229 loquor,
837 4151 866 4210 et
891 4147 1116 4227 querimoniam
1166 4165 1227 4209 nus
1247 4144 1408 4226 pastorale
1439 4146 1474 4209 in
1507 4144 1704 4212 latrocinium
1731 4148 1905 4213 concertat?
1949 4148 2018 4212 Ima
2043 4151 2078 4210 ut
2097 4146 2142 4210 sit

137 4250 327 4305 communen
353 4228 566 4309 eeclesiarum;
598 4233 737 4297 trurrcari
765 4253 798 4297 se
825 4232 985 4296 clamitant
1006 4251 1043 4296 ac
1064 4232 1114 4295 de
1166 4231 1434 4310 sceleratissimus,
1466 4251 1500 4295 se
1531 4233 1574 4296 ad
1605 4233 1792 4299 reddendam
1823 4235 1976 4298 rationem
2007 4231 2141 4315 astrinpi

137 4315 312 4381 membrari.
370 4314 424 4380 Vel
449 4315 567 4393 nullae,
602 4317 649 4381 uel
674 4337 798 4400 pomae
829 4318 1000 4382 admodum
1032 4321 1112 4395 sunt,
1165 4322 1263 4400 amat.
1308 4315 1389 4381 Sunt
1408 4317 1491 4381 euim
1517 4319 1596 4383 istae
1624 4320 1806 4401 pontificum
1831 4340 1932 4384 ames:
1945 4318 1975 4404 ⁸)
2007 4319 2142 4384 aliorum

137 4422 217 4484 auae
232 4402 364 4484 plepem
383 4401 487 4479 ustam,
509 4405 565 4465 aut
584 4421 645 4466 non
666 4403 794 4480 domant,
821 4408 878 4467 aut
897 4422 959 4466 uon
979 4403 1114 4468 timeant.
1165 4402 1324 4468 lominum
1350 4423 1464 4468 comas
1490 4404 1587 4469 uoluit
1612 4404 1703 4470 Deus
1722 4427 1783 4487 per
1808 4405 1945 4471 lominus
1965 4405 2140 4483 temnimure,

141 4488 275 4568 Qucueris
295 4486 413 4568 pram?
440 4485 666 4553 subtrabuntur
693 4487 814 4553 abbans
841 4488 1006 4570 episcopis,
1034 4489 1114 4572 epis-
1165 4489 1219 4554 sed
1244 4489 1327 4554 sedis
1352 4489 1449 4555 luins
1468 4491 1660 4571 prumalem,
1682 4511 1752 4571 siro,
1781 4493 1850 4556 sine
1870 4491 2058 4573 quaestione,
2078 4508 2141 4555 ser·

138 4574 206 4654 copi
226 4573 464 4656 orciuiepisoopis
485 4577 535 4638 ete.
576 4572 701 4638 Mirum
720 4574 751 4638 si
768 4573 913 4639 euursmi
933 4573 987 4639 boc
1007 4580 1114 4656 queat:
1165 4575 1251 4640 namt
1276 4574 1414 4640 arbitrio.
1458 4576 1554 4641 Item:
1567 4575 1597 4662 ⁴)
1630 4577 1716 4658 facta
1745 4577 1936 4644 subditorum
1962 4577 2141 4643 iunicum

137 4659 184 4724 sie
203 4659 387 4740 factitando,
409 4658 552 4744 probatis
577 4657 766 4725 metabere
786 4659 1012 4743 plenitudinem
1031 4667 1115 4744 pote-
1166 4660 1311 4741 anobin
1331 4665 1438 4727 nostra
1458 4667 1561 4727 amem
1582 4684 1604 4727 a
1624 4662 1686 4728 solo
1706 4661 1782 4729 Deo.

137 4744 246 4823 statim
267 4745 321 4810 sed
338 4746 477 4812 iustitiae
494 4765 556 4812 non
571 4747 626 4812 ita.
660 4744 783 4812 Facitis
798 4745 861 4825 troc,
879 4747 956 4828 quia
969 4749 1114 4831 potestis:
1255 4749 1325 4811 125.
1370 4745 1421 4814 Ac
1440 4767 1500 4831 quo
1521 4749 1672 4815 eiusmodi
1690 4749 1788 4816 edida
1809 4749 1886 4833 plus
1906 4749 2049 4815 iuberem
2063 4766 2141 4833 pon·

205 4914 610 5092 1)Ριῳιο1115501ᾔὲ4ι
657 4970 689 5090 23
711 4969 770 5021 Lib.
791 4968 813 5021 1.
838 4969 872 5021 dc
897 4930 1057 5024 considerat.
1078 4971 1113 5022 ad
1235 4971 1265 5037 1)
1289 4970 1424 5034 Nicoloue,
1443 4972 1518 5023 ouius
1531 4975 1621 5024 exstat
1635 4971 1886 5024 sententiuhoeein
1904 4972 2009 5026 Deci-et.
2023 4970 2063 5025 17.
2078 4970 2132 5042 ai

562 5079 568 5092 .
630 5055 652 5092 c.

138 5034 295 5102 Eugenium
330 5037 408 5090 Oircn
424 5040 505 5092 finem
656 5078 694 5106 Ι.
779 5035 809 5106 3)
829 5035 876 5093 Su
895 5040 954 5094 oola
971 5039 1011 5104 ed.
1031 5036 1112 5102 154&
1167 5057 1189 5092 c.
1208 5037 1325 5094 Nemini.
1395 5037 1425 5105 2)
1442 5040 1595 5093 Innocentii
1613 5038 1637 5092 9.
1657 5056 1683 5108 q.
1701 5039 1726 5092 3.
1745 5057 1767 5092 c.
1786 5040 1881 5093 Nemo.
1942 5040 1972 5109 3)
1990 5040 2126 5110 Symmsc}

140 5107 260 5158 murae
275 5120 367 5160 onmes
382 5106 445 5160 illue
464 5109 598 5175 (mnus).
684 5105 715 5175 4)
739 5104 798 5160 Lib·
817 5104 841 5159 3.
1166 5106 1190 5160 9.
1211 5125 1237 5177 q.
1255 5107 1280 5162 3.
1300 5125 1322 5162 c.
1341 5107 1474 5160 Aliorum.
1547 5107 1578 5175 4)
1596 5108 1746 5161 Antheriuo
1764 5108 1872 5195 ibidem,
1892 5125 1913 5162 a
1933 5111 2022 5163 Festa„
