4770 6030
218 338 278 399 747
787 325 1053 392 INSTITU'FIO
1077 329 1181 392 REL.
1204 325 1385 391 cflulsr.
1414 329 1645 392 1539—1554.
2160 331 2224 392 748

218 522 301 587 tabit
322 541 396 584 7717
416 520 492 601 igne
515 515 713 581 devorante?
736 517 842 597 inquit
863 515 1022 598 propheta
1045 515 1122 599 (177.
1144 518 1193 593 33,
1247 515 1455 598 profiteretur
1477 536 1511 579 se
1533 515 1617 578 nihil
1640 516 1701 581 sibi
1723 427 2080 594 aomairlinlggsbffesrl
2092 441 2223 582 ’17118111

220 607 283 691 14),
306 607 378 687 quis
399 603 545 667 manebit
567 624 642 667 oum
668 601 837 667 ardoribus
867 600 1093 684 sempiternis?
1139 601 1194 683 qui
1247 601 1309 665 777
1329 600 1498 665 1777177711
1521 600 1552 682 (1
1575 599 1649 665 Oor.
1672 608 1701 678 4,
1721 601 1765 684 4).

218 691 364 758 ambulat
384 691 419 753 in
440 689 581 766 iustitiis,
605 696 638 752 et
659 687 801 769 loquitur
823 689 1003 764 veritatem,
1026 694 1085 751 eto.
1127 685 1194 751 Sed
1336 688 1383 749 17.
1438 677 1503 749 Nee
1542 686 1575 749 in
1605 688 1707 751 777777
1739 688 1826 751 modo
1860 688 1960 751 literis
1991 693 2111 753 exstant
2142 689 2221 754 talia

216 775 352 861 prodeat
383 775 438 839 ille
466 775 610 856 quisquis
643 781 700 837 est.
752 774 824 837 Imo
849 795 927 837 vero
954 773 1032 837 feeit
1059 772 1194 836 111717-
1246 770 1401 851 euenmta·
1429 771 1482 836 sed
1509 791 1612 835 omnes
1634 773 1980 853 attemperatum
2006 775 2069 838 eidi
2094 794 2221 839 77777777

217 864 347 946 sponsio
377 882 419 925 ne
447 861 518 942 quis
545 858 688 942 prodeat
734 859 789 922 Ex
816 859 953 924 adverso
981 859 1070 921 77117
1096 860 1193 922 77111-
1244 858 1344 937 fnisse
1371 857 1585 921 demorutrant.
1637 857 1690 922 Sia
1717 859 1926 941 Aupustinus,
1940 859 1965 943 ¹)
1992 862 2144 938 omnium,
2174 863 2222 925 in·

217 948 290 1014 bilis
319 969 383 1012 171
413 948 544 1011 1777777
570 945 672 1030 (Ρ771.
696 949 766 1022 130,
787 944 836 1028 3);
865 946 893 1009 71
921 945 1108 1026 iniquitates
1137 943 1193 1008 ob·
1245 943 1326 1023 quit,
1349 943 1478 1023 piorum
1503 941 1561 1006 7777
1582 942 1636 1008 boe
1659 965 1747 1008 onere
1774 944 1984 1026 corruptibilis
2004 947 2110 1011 earnis
2137 948 2219 1010 etin

217 1035 399 1100 servaveris
426 1033 582 1108 Domine,
612 1031 753 1095 Domine
780 1031 852 1113 quis
875 1029 1067 1094 sustinebit?
1111 1030 1193 1094 Per·
1245 1029 1302 1092 lma
1334 1029 1415 1091 vitoe
1443 1028 1622 1108 infirmitate
1649 1031 1833 1112 7777777777
1860 1051 1926 1094 unu
1952 1052 2022 1112 spes
2049 1037 2108 1110 est,
2140 1033 2222 1112 quod

216 1118 363 1186 eundum
399 1138 477 1183 sane
513 1118 656 1181 7171717
689 1117 914 1194 7177177777
942 1115 1194 1180 7771771171771
1244 1115 1442 1178 mediatorem
1457 1134 1555 1177 unum
1576 1113 1722 1180 babemus
1740 1115 1847 1180 Iesmn
1867 1115 2024 1181 Christum
2041 1119 2166 1195 iustum,
2193 1124 2221 1182 et

217 1206 300 1291 (Iob.
320 1212 350 1282 4,
372 1203 440 1287 17);
464 1202 623 1285 numquid
645 1203 742 1265 homo
759 1202 824 1267 Dei
842 1201 1083 1283 comparatione
1100 1201 1193 1264 iusti·
1244 1201 1312 1281 ipse
1329 1205 1374 1263 est
1393 1201 1528 1263 77777777
1544 1220 1606 1280 pro
1622 1203 1899 1282 peccatisnostris.
1946 1203 2028 1284 Quid
2050 1204 2222 1268 audimus?

215 1287 924 1371 7177111771,77777771711717777177771
955 1308 1027 1351 eeoe
1047 1287 1102 1368 qui
1124 1308 1193 1350 ser·
1248 1285 1285 1349 Si
1295 1285 1388 1348 777777
1406 1283 1479 1349 77777
1496 1285 1561 1349 iltis
1578 1306 1648 1367 spes
1661 1293 1713 1373 est,
1731 1287 1785 1352 ubi
1801 1309 1927 1369 operum
1941 1289 2083 1369 fidncia?
2112 1288 2219 1354 Solam

216 1379 314 1442 viunt
334 1378 364 1441 ei
385 1397 451 1439 non
474 1383 551 1440 sunt
569 1374 695 1450 fideles,
726 1383 759 1437 et
778 1375 814 1437 in
837 1374 961 1456 angelis
984 1373 1051 1436 suis
1073 1374 1194 1454 reperit
1245 1372 1327 1435 eninr
1348 1391 1443 1450 quum
1464 1370 1547 1449 dicit,
1570 1372 1690 1436 nullom
1713 1374 1811 1437 alium
1833 1374 1987 1455 relinquit.
2031 1375 2219 1440 Bernartius

217 1464 413 1546 pravitatem
420 1485 428 1540 ;
455 1471 576 1543 quanta
605 1459 711 1541 magis
738 1461 793 1541 qui
821 1459 973 1524 habitant
1002 1457 1114 1522 domos
1141 1457 1193 1520 lu·
1244 1475 1331 1520 vero:
1345 1455 1373 1538 2)
1396 1461 1423 1519 et
1444 1478 1477 1521 re
1496 1477 1576 1535 uera,
1599 1458 1653 1521 ubi
1675 1463 1740 1522 tuta
1762 1460 1913 1540 firmaque
1934 1461 2071 1541 7777777777
2089 1462 2219 1542 reputet,

218 1549 373 1631 77777111
391 1554 559 1611 terrenum
577 1545 699 1610 habent
720 1544 977 1621 fundamentum,
1001 1564 1193 1608 oonsumen-
1245 1543 1456 1619 etseeuritus,
1486 1543 1550 1605 77777
1571 1545 1605 1606 in
1632 1541 1810 1608 7777777777
1831 1546 2021 1611 saluatoris?
2048 1552 2131 1610 tante
2155 1546 2220 1612 illie
2268 1603 2270 1607 .

217 1641 272 1698 tur
297 1654 400 1698 eorum
427 1632 535 1697 tinea?
552 1630 577 1716 l)
612 1630 651 1695 de
684 1652 782 1695 mane
816 1650 917 1712 usque
950 1629 992 1693 ad
1023 1649 1193 1710 vesperam
1244 1628 1380 1691 77777777
1411 1627 1526 1705 lauro,
1559 1633 1672 1709 quanto
1693 1631 1844 1710 7777777777
1870 1636 1912 1694 777
1939 1632 1982 1695 ad
2016 1633 2220 1697 salvandum:

218 1721 433 1786 suooidentur.
478 1718 563 1782 Item
581 1716 664 1816 (Iob.
687 1721 735 1794 15,
757 1716 826 1800 15):
850 1737 933 1793 7777,
955 1715 1042 1778 inter
1064 1721 1192 1778 sanetas
1242 1713 1346 1795 fremit
1376 1713 1528 1790 mundus,
1558 1715 1673 1793 7777777
1698 1703 1822 1797 eorpui,
1855 1716 1997 1782 diabolus
2029 1718 2221 1795 insidiatum·

167 1806 169 1810 ’
218 1807 288 1871 eius
315 1812 486 1870 77717777
512 1803 632 1879 fidelis,
661 1801 795 1867 7777711
824 1823 891 1865 777
918 1808 996 1865 sunt
1022 1799 1136 1863 mundi
1157 1800 1192 1861 in
1245 1819 1304 1863 7777
1330 1799 1418 1867 emto.
1449 1798 1525 1879 quin
1549 1800 1701 1881 fundatus
1722 1822 1793 1865 sum
1813 1822 1913 1884 supra
1939 1804 2064 1884 famam
2085 1809 2219 1885 patruus,

218 1899 394 1974 eonspeotn
416 1891 498 1954 eius:
522 1897 643 1972 quanto
665 1889 770 1971 magis
793 1886 1016 1951 abominabilis
1039 1894 1072 1950 et
1093 1886 1193 1949 inuti·
1239 1886 1365 1966 peneum
1386 1890 1547 1966 peceatum
1566 1906 1674 1968 77777,
1700 1887 1843 1952 turbatur
1864 1889 2060 1967 eonseimtin,
2083 1889 2136 1954 sed
2158 1910 2220 1953 non

217 1977 259 2042 lis
282 1978 388 2055 homo,
411 1976 467 2058 qui
489 1975 578 2053 bibit,
601 1975 693 2055 quasi
716 1994 843 2056 aquam,
866 1971 1094 2054 iniquitatem?
1132 2009 1134 2013 -
1238 1971 1487 2052 perturbabitur:
1508 1972 1585 2052 quia
1606 1973 1768 2036 uulnerum
1784 1972 1916 2038 Domini
1937 1974 2123 2040 recordabar.
2159 1974 2220 2039 Po-

307 2067 354 2126 16.
399 2060 489 2138 Η77,
512 2060 577 2125 777
600 2058 768 2124 attollendi
789 2065 884 2126 eraut
905 2057 1003 2135 oculi,
1034 2064 1071 2120 ut
1092 2057 1192 2138 trepi·
1244 2061 1309 2120 stea
1330 2077 1368 2120 77
1389 2057 1432 2120 iis
1453 2057 1618 2121 emtdudit:
1645 2060 1788 2124 7777777777
1809 2060 1943 2140 proinde
1968 2081 2070 2125 meum
2091 2062 2221 2126 misera-

219 2148 297 2213 dare
328 2148 436 2230 potius
467 2145 679 2224 disseremus,
713 2166 812 2226 quarn
844 2145 986 2208 inaniter
1018 2141 1190 2207 exsultare.
1243 2143 1286 2207 777
1308 2141 1455 2221 Dumium
1476 2163 1537 2206 non
1554 2163 1625 2207 sum
1636 2145 1732 2226 pla-ne
1752 2146 1854 2210 meriti
1871 2147 1970 2227 inops,
1991 2148 2142 2227 quamdiu
2160 2167 2220 2211 non

219 2233 330 2298 Facile
352 2232 483 2315 quidem
500 2239 557 2309 ost,
582 2231 660 2295 dum
681 2232 717 2294 in
735 2229 922 2294 hominibus
940 2229 1086 2294 subsistit
1105 2248 1193 2293 eom·
1242 2228 1339 2310 fuerit
1364 2228 1416 2292 ille
1442 2229 1532 2308 inops
1560 2230 1809 2309 miserationum·
1836 2233 1916 2312 quod
1936 2233 1967 2296 si
1991 2234 2221 2298 misericordiae

218 2320 360 2402 paratio,
392 2327 429 2383 ut
460 2340 495 2383 se
522 2318 657 2400 quisque
689 2316 811 2381 habere
843 2322 985 2397 reputet,
1020 2314 1106 2398 quod
1139 2313 1193 2377 alii
1245 2313 1376 2378 Domini
1396 2314 1518 2392 multae,
1541 2315 1658 2380 multus
1679 2336 1748 2399 erpo
1762 2338 1917 2398 peraeque
1938 2320 2065 2383 eumin
2083 2319 2221 2396 mettim

218 2412 426 2471 oontemnere
457 2425 524 2467 non
557 2401 705 2467 debeant.
756 2400 824 2467 Sed
851 2401 908 2467 ubi
936 2401 978 2465 sd
998 2402 1109 2465 Deum
1142 2420 1193 2463 77-
1244 2399 1398 2479 numquid
1418 2401 1557 2465 iustitias
1577 2421 1662 2466 77777
1683 2402 1832 2467 cantabo?
1875 2401 2024 2482 Domine,
2053 2405 2219 2469 7777777777

219 2491 398 2575 surgimus,
436 2488 558 2554 eorruit
591 2488 676 2552 dioto
709 2488 804 2553 717177
836 2509 873 2552 ao
913 2488 1038 2569 deperit
1074 2484 1194 2550 fiducia
1244 2485 1384 2550 iustitiae
1410 2491 1481 2550 tuae
1505 2487 1620 2551 solius:
1652 2489 1725 2570 ipsu
1752 2489 1834 2552 enim
1860 2494 1904 2554 est
1935 2494 1962 2554 et
1993 2511 2079 2568 mea;
2112 2511 2221 2570 nempe

127 2649 129 2656 ¹
218 2576 284 2641 illa.
329 2577 437 2659 Atque
459 2575 493 2639 id
520 2595 653 2657 prorsus
675 2574 804 2638 animae
831 2580 962 2638 nostrae
983 2594 1062 2655 erga
1083 2572 1194 2649 Deum
1242 2572 1346 2654 faetm
1367 2576 1411 2635 est
1431 2572 1509 2636 777177
1528 2574 1650 2637 iustitia
1672 2595 1693 2637 a
1714 2573 1791 2638 Deo.
1834 2573 1922 2653 Item,
1945 2575 2080 2659 7777718)
2103 2575 2155 2640 leae
2177 2581 2222 2640 to·

219 2684 282 2728 usu
302 2659 1055 2744 17717,7777171777777777777717717717711.
1097 2657 1194 2721 Acies
1245 2662 1310 2720 tum
1336 2656 1472 2722 7777777777
1496 2659 1656 2737 meritum,
1687 2660 1716 2723 si
1744 2665 1838 2724 totam
1865 2681 1951 2742 spem
1975 2667 2071 2742 ponat
2093 2662 2128 2724 in
2148 2682 2221 2725 eum

218 2749 307 2814 enim
324 2747 417 2826 oculi,
437 2745 627 2830 quantisper
644 2746 742 2810 rebus
760 2744 981 2810 adimentibus
993 2743 1194 2826 perlustrari·
1245 2744 1301 2823 qui
1321 2747 1416 2807 totum
1434 2743 1586 2808 bominem
1606 2745 1730 2810 salvum
1748 2745 1833 2827 fauit.

218 2833 269 2898 dis
290 2834 426 2913 insistit,
455 2831 702 2915 perspicientiae
729 2853 807 2896 suae
829 2829 1024 2895 documenta
1044 2829 1144 2911 eapit;
1166 2828 1195 2892 si
1335 2831 1383 2893 18.
1429 2828 1483 2893 Ita
1510 2835 1554 2894 est
1580 2851 1663 2896 sone.
1708 2831 1775 2896 Hos
1795 2832 1922 2897 unitum
1949 2832 2062 2897 salutis
2088 2832 2221 2915 asylum,

218 2919 377 3002 insolem
405 2918 571 3001 dirigitur,
599 2917 790 2982 7171177177
817 2916 942 3001 fulgore
968 2915 1140 2998 perstricta
1161 2918 1195 2978 et
1246 2916 1281 2978 in
1302 2936 1361 2997 quo
1381 2916 1537 2996 respirare
1558 2920 1620 2982 7777
1640 2919 1778 2998 possint,
1796 2919 1930 2983 7777777777
1953 2919 2134 2984 7777717777
2155 2939 2222 2985 eon-

218 2994 456 3088 obstnpefaeta,
485 3024 551 3067 non
572 3003 734 3067 minorem
753 3004 791 3066 in
812 3002 882 3066 71117
903 3001 1025 3066 1777177
1047 2998 1194 3066 debilita-
1246 3002 1400 3079 seientiae,
1422 3001 1476 3065 ubi
1497 3022 1567 3066 eum
1588 3001 1653 3067 Dei
1672 3004 1790 3067 77777777
1813 3005 1966 3088 nepotium
1987 3009 2040 3068 est.
2072 3005 2161 3070 Nam
2182 3007 2220 3084 si,

219 3098 288 3154 tem
308 3091 423 3168 sentit,
452 3110 551 3171 quam
577 3089 612 3153 in
639 3110 750 3153 rerum
776 3088 966 3153 inferiorum
988 3093 1121 3169 aspeotu
1142 3107 1194 3150 17-
1247 3108 1330 3171 qnae
1356 3087 1574 3152 lutidissimae
1601 3088 1799 3154 videbantur
1825 3097 1925 3155 noetu
1952 3090 2082 3169 stellae,
2112 3091 2221 3174 splen·

218 3176 290 3242 bur.
345 3177 396 3241 Ne
425 3175 577 3240 fallamus
606 3196 683 3239 717
711 3195 879 3240 7771777
906 3173 1038 3253 fiduoia,
1067 3173 1195 3236 etiamsi
1248 3173 1360 3238 dorem
1386 3195 1483 3238 suum
1508 3173 1652 3256 perdunt
1679 3176 1756 3241 solis
1778 3183 1926 3258 aspeotu,
1957 3176 2037 3258 quid
2058 3184 2220 3259 putamus,

219 3260 354 3344 reliquis
386 3261 573 3327 hominibus
603 3196 798 3343 17777177,
832 3260 886 3326 vel
919 3259 1102 3342 superiores
1135 3278 1195 3322 nos
1247 3260 1674 3326 1711711771177777711717
1696 3261 1899 3327 innoeentiae
1920 3262 2076 3340 futurum,
2102 3262 2159 3328 ubi
2179 3263 2222 3328 ad

219 3367 290 3414 esse
322 3347 484 3413 ducimus:
519 3346 604 3411 nihil
631 3345 665 3410 id
697 3344 739 3411 ad
765 3347 889 3423 Deum,
918 3345 1010 3410 ouius
1036 3343 1079 3408 ad
1107 3344 1195 3409 arbi·
1246 3347 1311 3411 Dei
1338 3346 1516 3428 puritatem
1543 3347 1720 3429 composita
1747 3347 1866 3412 ilierit?
1911 3349 1987 3412 Erit
2013 3349 2101 3413 enim
2130 3371 2222 3415 seve·
2348 3349 2355 3364 '

219 3433 322 3499 trium
348 3432 533 3499 1717777717
560 3440 610 3497 777
638 3432 702 3496 1777
735 3431 868 3516 agnitio.
878 3431 908 3514 ²)
958 3428 1055 3510 Quod
1083 3431 1111 3495 si
1138 3429 1195 3494 do-
1248 3433 1415 3496 tissimum
1436 3431 1520 3496 illud
1543 3454 1696 3511 7171777,
1719 3432 1805 3515 quod
1826 3434 1862 3498 17
1884 3434 2102 3500 abditissimas
2124 3455 2220 3517 quas·

219 3519 303 3585 mari
320 3520 441 3585 1717717
457 3525 570 3583 777717
585 3517 818 3582 monitionibus
835 3517 907 3582 istis
924 3516 1048 3599 nequit,
1061 3537 1195 3598 respon·
1247 3539 1310 3600 que
1337 3517 1442 3583 sordis
1476 3519 1685 3602 cogitationes
1717 3520 1916 3602 penetrabit3
1949 3528 1982 3584 et
2013 3521 2222 3602 quemadmo-

220 3605 310 3671 debit
337 3604 431 3670 nobis
458 3602 544 3687 quod
570 3603 759 3668 Pharisaeis
782 3602 909 3668 dioebat
935 3602 1193 3687 (Luo.16,15):
1248 3603 1326 3668 dum
1349 3604 1395 3668 717
1416 3604 1541 3669 Ρ77177
1563 3603 1595 3689 (1
1617 3603 1690 3669 Gor.
1710 3611 1740 3680 4,
1760 3606 1810 3688 5),
1841 3605 2000 3670 revelabit
2025 3607 2153 3673 oeoulta
2174 3615 2222 3672 te-

221 3713 279 3757 177
303 3691 380 3756 77717
409 3691 464 3773 qui
491 3711 549 3754 177
586 3689 768 3754 iustifioatis
791 3710 900 3754 eoram
928 3687 1129 3766 hominibus;
1161 3693 1196 3752 at
1248 3690 1438 3767 nebrarum,
1461 3697 1495 3754 et
1516 3689 1706 3754 abscondita
1726 3690 1873 3756 sordium
1900 3699 2039 3774 reteget;
2067 3692 2152 3774 quod
2174 3693 2222 3756 17

220 3776 306 3859 quod
332 3775 526 3842 bominibus
558 3774 662 3839 altum
690 3781 756 3853 est,
790 3774 1007 3840 abominabile
1036 3781 1087 3839 est
1112 3774 1194 3838 Deo.
1248 3777 1400 3840 titantem
1423 3783 1455 3840 et
1476 3777 1683 3840 restitantem
1704 3777 1936 3842 eonsoientiam
1962 3778 2106 3859 proferre
2129 3788 2223 3859 eoget

219 3861 288 3927 Eas
313 3883 417 3941 nuno,
447 3869 480 3926 et
501 3862 541 3926 de
560 3861 687 3925 iustitia
709 3868 767 3925 tua
787 3860 912 3925 tumide
939 3861 1026 3925 inter
1047 3860 1195 3925 homines
1248 3863 1365 3941 omnia,
1388 3882 1469 3943 quae
1491 3882 1618 3926 77777
1646 3863 1804 3927 1117717117
1824 3884 1950 3945 quoque
1978 3869 2091 3927 nostra
2110 3862 2222 3944 elapsa

221 3948 380 4032 glorieris,
404 3946 482 4012 dum
499 3947 591 4010 illam
608 3947 700 4011 Deus
719 3968 737 4010 e
754 3947 841 4012 77717
860 3947 1073 4012 abominetur.
1107 3943 1196 4025 Quid
1248 3954 1334 4013 sunt.
1378 3946 1517 4031 Urgebit
1538 3954 1705 4013 aecusator
1726 3947 1882 4027 diabolus,
1904 3950 2050 4013 77777177
2073 3949 2221 4013 omnium

220 4041 331 4098 autem
354 4034 441 4118 servi
462 4033 535 4111 Dei,
558 4052 636 4097 vere
658 4031 777 4096 eruditi
800 4033 870 4098 eius
890 4032 1029 4115 spiritu?
1073 4032 1124 4095 Ne
1145 4031 1196 4095 in-
1247 4032 1457 4116 flagitiorum,
1480 4031 1522 4097 ad
1542 4054 1624 4114 quae
1642 4033 1859 4116 perpetranda
1875 4056 1934 4099 nos
1952 4034 2133 4116 impulerit;
2154 4034 2221 4100 illio

220 4126 288 4185 tres
315 4120 350 4183 in
378 4118 536 4185 iuditium
562 4139 638 4183 eum
667 4139 760 4183 servo
782 4126 854 4183 tuo:
882 4118 959 4201 quia
985 4140 1052 4182 non
1079 4117 1195 4182 iustifi—
1248 4119 1333 4183 nihil
1353 4117 1532 4201 proderunt
1559 4126 1713 4185 externae
1738 4122 1896 4185 bonorum
1917 4141 2051 4202 operum
2073 4143 2220 4204 pompae,

220 4206 348 4272 eabitur
376 4206 412 4269 in
439 4210 614 4286 conspeetu
644 4217 699 4268 tuo
721 4205 828 4270 omnis
854 4206 971 4270 vivens
999 4203 1101 4288 (Psal.
1125 4205 1194 4280 143,
1248 4226 1330 4287 quae
1357 4205 1444 4269 solae
1465 4227 1553 4271 nune
1574 4206 1800 4285 aestimantur;
1829 4207 1898 4270 sola
1926 4207 2145 4288 postulabitur
2164 4227 2221 4271 vo-

221 4289 265 4376 2).
302 4291 398 4355 Alter
419 4311 496 4355 vero
519 4289 601 4372 (Iob.
622 4292 651 4367 9,
670 4287 720 4388 2):
743 4312 809 4355 non
830 4291 951 4373 poterit
971 4291 1068 4354 homo
1089 4291 1195 4352 iustus
1246 4291 1382 4356 luntatis
1411 4291 1588 4356 sineeritas.
1639 4290 1750 4371 Quare
1786 4292 1984 4376 hypoorisis,
2023 4316 2089 4358 non
2127 4291 2222 4356 modo

222 4398 294 4443 esse
315 4398 391 4442 oum
413 4377 501 4454 Deo;
524 4377 551 4440 si
573 4375 714 4440 voluent
734 4377 929 4441 contendere
951 4397 1026 4441 oum
1048 4396 1100 4452 eo,
1128 4395 1195 4438 non
1247 4399 1312 4459 qua
1332 4377 1428 4442 homo
1455 4397 1565 4441 eoram
1586 4378 1658 4442 Deo
1685 4379 1745 4442 sibi
1772 4377 1858 4442 male
1887 4380 2036 4445 oonsoius
2058 4385 2223 4444 ostentare

219 4464 341 4546 poterit
361 4461 556 4544 respondere
578 4483 682 4525 unum
703 4483 763 4544 pro
784 4462 882 4526 mille.
918 4460 1006 4525 Hine
1014 4458 1043 4543 8)
1064 4460 1132 4523 iam
1153 4459 1195 4524 ad
1247 4484 1282 4527 se
1304 4462 1390 4545 apud
1413 4462 1561 4527 homines
1584 4464 1728 4542 affeotat,
1753 4463 1810 4529 sed
1837 4485 1902 4545 qua
1928 4465 1991 4530 sibi
2013 4467 2148 4549 quisque
2170 4486 2222 4530 oo-

221 4547 382 4630 liqnidum
405 4547 564 4626 audimus,
588 4546 693 4630 qualis
715 4548 759 4612 sit
779 4549 844 4612 Dei
865 4546 1004 4610 iustitia:
1035 4545 1087 4608 oui
1108 4546 1195 4610 seili-
1247 4570 1319 4613 ram
1338 4549 1410 4612 Deo
1431 4549 1580 4630 imponit,
1603 4557 1641 4614 ut
1662 4571 1774 4614 sumus
1796 4548 1838 4614 ad
1858 4572 1917 4615 nos
1939 4552 2119 4634 palpandos
2142 4550 2222 4616 adu·

222 4641 274 4698 eet
294 4634 394 4700 nullis
416 4633 569 4698 humanis
591 4633 742 4715 operibus
765 4633 917 4712 satisfiet;
939 4631 993 4696 oui
1015 4630 1104 4696 mille
1126 4654 1194 4698 soe-
1246 4632 1424 4715 laudasque
1442 4635 1609 4716 proclives,
1628 4637 1761 4701 oonfusa
1778 4634 1934 4716 conoidet,
1953 4644 2118 4720 uteunque
2136 4658 2223 4700 nuno

221 4718 328 4784 lerum
354 4743 413 4785 nos
442 4720 673 4802 interroganti,
705 4719 802 4782 77177
822 4718 973 4800 purgatio
996 4716 1107 4781 afferri
1129 4739 1195 4782 non
1247 4720 1322 4802 plus
1348 4741 1446 4802 quam
1467 4721 1647 4786 temulenta
1673 4721 1809 4786 audaoia
1831 4723 2004 4804 superbiat.
2055 4721 2109 4786 Ad
2138 4721 2223 4783 7177-

221 4807 349 4887 poterit
390 4806 503 4870 Talem
524 4805 682 4870 nimirum
703 4804 864 4867 iustitiam
884 4803 966 4868 bene
988 4802 1098 4867 animo
1120 4826 1195 4869 eon-
1248 4805 1337 4871 modi
1364 4807 1585 4889 speetaeulum
1612 4808 1668 4889 qui
1696 4829 1829 4872 sensum
1852 4829 1948 4872 suum
1976 4829 2043 4871 non
2066 4806 2221 4887 dirigunt,

222 4898 352 4973 oeporat
380 4892 519 4957 oleatum
545 4890 627 4954 illud
654 4889 718 4953 Dei
745 4908 905 4971 organum
925 4888 1066 4967 Pardus,
1095 4911 1195 4972 quum
1248 4893 1393 4958 suaviter
1414 4892 1545 4975 quidem
1567 4901 1601 4957 et
1617 4892 1744 4975 plaoide
1761 4893 1919 4958 iustitiam
1938 4892 2001 4957 sibi
2018 4891 2059 4955 ad
2077 4911 2223 4955 momen-

1247 4984 1320 5042 tum
1341 4977 1510 5043 adstruere
1527 4985 1673 5060 possunt,
1697 4977 1754 5044 sed
1772 4998 1853 5060 quae
1873 4977 1907 5040 in
1926 4975 2046 5042 iudieio
2064 4976 2129 5040 Dei
2146 4999 2224 5041 1771

1254 5118 1356 5126 ..μ-.-

292 5177 322 5244 l)
339 5195 429 5230 eoram
447 5179 527 5230 tinea
565 5175 799 5232 stantunus
835 5177 1195 5249 Anteolepebotnr1doneo
1318 5183 1347 5250 1)
1365 5183 1424 5236 Lib.
1443 5184 1478 5234 ad
1496 5183 1614 5235 Bonitso.
1633 5182 1657 5235 3.
1677 5198 1699 5234 o.
1718 5179 1743 5234 5.
1809 5178 2065 5248 7771177777.
2085 5182 2225 5235 7717161.

202 5246 283 5298 lerit.
353 5245 383 5311 11)
401 5246 519 5314 eognitio
538 5244 606 5300 lato
623 5263 692 5318 seqq.
785 5247 815 5316 3)
833 5247 885 5300 Hie
903 5245 972 5304 loto
989 5265 1061 5319 seqq.
1247 5249 1277 5318 3)
1296 5252 1347 5317 Qui
1365 5251 1548 5304 117717.77117.
1568 5249 1609 5303 lo.
