4770 6030
205 371 267 432 666
751 364 849 431 one.
872 365 969 438 vm.
990 361 1082 450 av.)
1126 360 1340 429 66666666
1357 360 1653 428 6666666666.
1921 466 1923 471 Ι
2144 371 2206 432 666

103 485 110 493 ·
204 481 315 550 erse,
334 467 451 555 oisc]

206 557 288 639 qnod
315 556 400 619 salvo
422 557 515 636 pacis
542 555 661 620 macedo
689 554 847 618 excludere
873 573 933 617 nori
957 557 1057 634 potest
1077 552 1181 632 acqui-
1232 552 1426 628 etconsdia,
1453 549 1569 632 inquit,
1595 553 1801 632 separationis
1826 553 1937 617 inania
1959 559 2033 618 sunt
2051 575 2088 619 66
2100 557 2208 636 perri

205 647 268 707 tate
288 640 448 723 improbat,
469 641 614 722 firmitate
634 644 808 722 supponat,
830 637 952 702 bareca
973 637 1181 702 maledictione
1232 638 1317 701 ciosa
1339 657 1375 700 ac
1395 635 1561 717 sacrileqa,
1584 639 1660 717 quia
1680 638 1782 720 impia
1801 643 1892 720 atque
1913 639 2045 720 superba
2065 641 2158 720 fiunt,
2180 647 2210 708 et

206 728 336 793 liberum
358 746 395 790 ac
415 727 549 791 solutum
569 746 641 790 esse.
683 725 847 789 Rationem
868 724 945 787 alibi
966 724 1083 787 reddit:
1105 723 1181 803 qnia
1228 722 1305 804 plus
1325 721 1509 803 perturbant
1536 722 1677 802 infirmos
1704 722 1808 802 bonos,
1836 745 1931 805 quam
1959 726 2114 807 mrriqant
2140 729 2210 792 ani-

206 814 308 880 omnis
334 813 396 893 pia
426 813 523 890 ratio,
552 816 580 875 et
606 810 716 874 nudus
744 810 962 874 ecclesiasticae
988 808 1180 889 disciplinae,
1232 828 1333 872 masos
1358 806 1465 871 malos.
1509 807 1663 889 Aequod
1688 809 1764 873 aliis
1784 810 1829 873 ibi
1849 811 2019 892 66666666,
2048 812 2115 892 6666
2136 833 2209 893 quo·

205 900 353 963 6666666
380 898 512 980 spiritus
533 898 568 960 in
589 895 708 960 maculo
731 898 825 976 pacis
849 895 965 959 intueri
992 914 1112 975 semper
1133 894 1182 957 de-
1233 914 1291 974 que
1310 893 1442 974 (idelitm
1462 898 1608 972 sequutus
1629 898 1680 958 est.
1723 895 1810 959 Nam
1831 896 1962 960 Aurelio
1982 897 2120 978 episcopa
2141 918 2209 962 car-

206 986 267 1063 va,-
300 983 380 1064 quod
408 983 562 1065 apostolas
594 982 764 1062 sufferendo
790 1001 846 1044 nos
874 981 1003 1044 invicem
1025 979 1182 1060 praecipit
1233 979 1405 1062 tbapinensi
1434 978 1577 1057 scribens,
1593 978 1617 1064 ¹)
1651 983 1845 1061 6666666666
1875 982 2046 1047 mntem
2082 983 2209 1064 inrpune

207 1070 354 1136 custodiri
360 1093 370 1146 ,·
392 1073 419 1133 et
440 1089 498 1150 quo
520 1089 580 1131 non
601 1067 756 1144 acdodito,
774 1066 926 1131 vindictae
946 1065 1100 1130 medicina
1121 1084 1182 1128 non
1231 1065 1376 1148 pressari
1402 1065 1438 1127 66
1464 1064 1593 1145 Africa,
1621 1086 1700 1147 qnae
1728 1068 1802 1131 adeo
1829 1068 1966 1150 praviter
1987 1069 2022 1131 in
2043 1070 2209 1150 scripturis

208 1162 328 1220 tantmn
358 1156 564 1235 superuacua,
591 1153 645 1218 sed
665 1153 758 1216 etiam
779 1152 958 1233 perniciosa
979 1171 1044 1215 esse
1064 1150 1182 1232 incipit,
1233 1151 1408 1227 damnatur,
1429 1150 1595 1230 suadetque
1614 1157 1649 1215 ut
1670 1158 1768 1216 coacto
1790 1155 2000 1236 episcoporum
2020 1154 2145 1219 macilio
2160 1175 2207 1220 re·

208 1242 334 1320 ideaque
354 1241 506 1304 medimna
528 1259 592 1304 esse
612 1238 732 1303 desinit.
776 1238 878 1315 Haec,
900 1238 1012 1319 inquit,
1034 1236 1090 1317 qui
1111 1235 1183 1300 dili-
1233 1237 1370 1300 medium
1400 1235 1591 1299 adbibeotur.
1647 1236 1812 1322 &rbiunqit
1839 1239 1964 1303 deinde:
1997 1260 2058 1303 non
2090 1260 2206 1321 aspere,

206 1331 308 1410 666666
326 1327 442 1408 6666666,
460 1345 514 1408 666
531 1326 565 1389 66
583 1324 806 1389 conservatione
823 1323 955 1387 nudatis
971 1321 1098 1406 neqlipit
1119 1321 1184 1385 dis-
1234 1326 1384 1419 quantum
1405 1321 1559 1400 existino,
1587 1343 1648 1386 non
1667 1324 1802 1403 duriter,
1830 1345 1891 1388 nou
1919 1326 2007 1390 modo
2035 1326 2208 1408 imperioso,

209 1412 342 1494 clplinae
363 1412 558 1489 seminar,
576 1429 629 1473 nec
645 1410 822 1491 6666666666
839 1411 1032 1474 correctionis
1047 1408 1185 1472 disrnm·
1234 1412 1297 1471 ista
1323 1407 1491 1484 tolluntur‚·
1520 1408 1623 1491 66666
1648 1409 1792 1488 domnelo,
1815 1430 1910 1490 quam
1932 1411 2079 1490 iubenda·
2107 1412 2210 1495 maqis

204 1500 256 1579 pit
277 1496 432 1560 moenitum
460 1495 619 1561 societatis.
664 1493 794 1559 Fatetur
814 1495 938 1575 'quidem
959 1515 1020 1558 non
1042 1498 1185 1576 pastores
1235 1493 1389 1571 6666666,
1412 1512 1507 1572 qnam
1525 1494 1680 1557 mirando.
1726 1493 1779 1560 Sic
1800 1497 1882 1559 enim
1903 1497 2055 1580 apendurn
2076 1501 2120 1560 est
2140 1517 2210 1563 cum

209 1582 297 1647 modo
324 1581 428 1647 debere
453 1583 489 1646 in
514 1581 593 1645 banc
613 1585 737 1661 partem
766 1580 952 1660 incumbere,
978 1600 1016 1644 ne
1047 1579 1124 1660 quid
1150 1579 1185 1641 in
1234 1578 1431 1642 multitudine
1464 1580 1667 1659 peccantium.
1723 1579 1879 1645 Severitas
1911 1587 2013 1646 autern
2044 1584 2211 1647 6666666666
2248 1607 2256 1620 ’

210 1668 334 1733 cedema
353 1669 424 1732 vitii
445 1671 609 1745 renmneat,
631 1666 685 1730 sed
705 1667 871 1748 unicuique
893 1667 994 1731 66666
1011 1664 1185 1729 enitendum
1235 1665 1335 1729 estin
1351 1668 1478 1744 peccata
1493 1684 1676 1745 paucorum.
1719 1666 1826 1746 Neque
1847 1672 1948 1731 tamen
1970 1666 2121 1750 intellipit,
2143 1687 2211 1732 666-

204 1775 265 1837 pro
287 1773 346 1817 666
367 1753 472 1832 virili;
492 1773 545 1817 nec
562 1752 748 1829 dissimulat,
767 1772 846 1829 cum,
869 1753 924 1833 qni
940 1752 1039 1816 malos
1055 1770 1184 1827 neonem,
1236 1749 1403 1814 nivardum
1418 1755 1592 1832 propterea,
1615 1757 1670 1814 ant
1691 1753 1852 1817 tacendum
1872 1754 2036 1835 episcopis,
2064 1755 2145 1834 quod
2165 1773 2210 1818 se-

210 1860 347 1922 arpnere,
369 1840 519 1920 66666666
539 1838 672 1920 neqlipit,
695 1839 787 1902 etiam
808 1838 837 1902 si
857 1839 901 1902 iis
921 1858 981 1901 run
998 1838 1109 1918 faveat,
1131 1855 1185 1900 nec
1235 1835 1342 1900 aerius
1361 1836 1480 1917 partire
1509 1836 1637 1916 publica
1670 1837 1793 1920 tlaqitia
1824 1844 1991 1920 nequmrd:
2018 1839 2210 1920 quenadmo-

210 1945 279 1988 vum
299 1925 344 1988 iis
359 1929 474 2006 peccd,
495 1943 583 1988 reum
604 1942 669 1986 esse
689 1943 791 1987 coram
811 1921 964 2002 Domino,·
986 1922 1065 2003 quod
1086 1923 1116 1985 si
1136 1926 1183 1985 ta·
1235 1923 1311 1986 dum
1343 1921 1412 2002 ipse
1438 1927 1548 2002 postea
1580 1924 1710 2004 exponit.
1718 1922 1747 2006 ²)
1793 1922 1856 1988 Sed
1885 1925 2055 2008 66666666
2085 1925 2211 1989 modurn

210 2011 366 2092 temporit
387 2029 570 2091 personam,
600 2011 634 2070 ul
655 2009 748 2072 etiam
769 2030 789 2072 a
808 2013 1069 2073 sacramentorum
1082 2008 1185 2088 parti
1236 2009 1282 2071 ita
1307 2006 1373 2070 vult
1398 2008 1564 2088 66666666
1587 2013 1636 2087 ut,
1667 2009 1768 2089 quoad
1801 2009 1882 2088 licet,
1915 2012 2078 2074 66666666
2104 2002 2211 2091 patius
2254 2028 2257 2036 ·

209 2097 362 2176 cipatione
383 2096 485 2176 possit
505 2113 660 2176 separare,
680 2099 708 2159 et
728 2114 786 2158 non
807 2094 892 2175 facit,
915 2096 981 2159 iam
1002 2114 1064 2158 non
1085 2092 1185 2157 alierro
1235 2112 1330 2174 quum
1351 2093 1483 2157 evitium
1504 2094 1624 2173 corpori
1645 2095 1765 2175 offan.
1808 2096 1911 2176 Atque
1932 2097 2000 2161 ideo
2021 2096 2067 2159 sie
2086 2096 2211 2160 666166

209 2182 293 2245 nmlo
310 2201 446 2263 peccare,
468 2182 522 2245 sed
543 2200 607 2244 suo.
654 2180 790 2243 Tardum
811 2180 846 2243 id
864 2181 936 2261 fieri
958 2181 1023 2245 vult
1044 2177 1185 2243 adbibita
1236 2178 1401 2243 concludit:
1438 2178 1633 2258 6666666666
1671 2185 1698 2244 et
1730 2180 1810 2246 illud
1841 2186 2041 2263 praeceptum
2079 2181 2212 2264 apastoli

204 2268 391 2348 prendentia,
419 2286 514 2347 quam
541 2265 700 2329 Dominus
726 2286 842 2346 qnoque
870 2267 1017 2348 requirit:
1040 2286 1086 2344 ne,
1109 2265 1185 2329 dum
1236 2263 1321 2328 nota
1352 2264 1443 2329 modo
1469 2264 1684 2347 neqliqeridum
1714 2271 1771 2344 est,
1806 2267 1844 2331 de
1875 2268 1972 2331 malis
2004 2267 2210 2350 seqrepandis,

212 2353 411 2417 eradicantur
438 2352 579 2429 eieania,
605 2352 765 2432 frumenta
787 2352 958 2416 mactamur.
1003 2351 1083 2415 Inde
1104 2349 1185 2416 colli
1236 2370 1333 2430 quum
1354 2350 1420 2414 sine
1442 2349 1582 2432 periculo
1609 2351 1771 2415 66666666
1786 2352 1880 2432 pacis
1898 2354 1969 2433 pieri
1992 2359 2106 2433 666666,
2134 2353 2211 2434 quia

207 2440 254 2522 pit
275 2460 313 2502 666
334 2436 506 2520 Oppriano:
532 2437 771 2502 misericorditer
796 2437 896 2520 iqitur
923 2438 1072 2519 cormpiat
1097 2436 1185 2502 borno
1236 2455 1289 2500 nec
1310 2436 1400 2500 aliter
1418 2435 1490 2516 deri
1514 2435 1625 2514 voluit,
1652 2442 1681 2500 at
1706 2437 1792 2500 istud
1812 2457 1930 2519 quoque
1949 2439 2136 2502 sanandum
2157 2443 2210 2516 cst,
2264 2513 2265 2517 Ἰ

209 2525 291 2605 quod
305 2529 421 2605 potest,·
443 2523 524 2604 quod
545 2528 647 2588 66666
667 2542 728 2586 non
743 2527 850 2604 potest,
872 2524 1027 2605 patienter
1046 2522 1186 2603 feratel
1236 2526 1271 2585 ut
1300 2522 1478 2602 suffumtes
1515 2521 1657 2601 invicem,
1688 2523 1873 2587 studeamus
1903 2543 2028 2588 savaro
2061 2525 2212 2590 66666666

209 2629 279 2674 cum
300 2609 458 2674 dilectione
477 2611 580 2692 penva't
600 2614 691 2691 atqrrc
712 2609 822 2691 lnpevt.
1236 2608 1370 2689 spiritus
1390 2608 1426 2671 in
1448 2606 1568 2670 6666666
1583 2608 1683 2688 pacis.

298 2699 366 2759 195.
412 2695 480 2760 Hoc
501 2694 700 2759 autemdicit
714 2699 842 2777 propter
863 2692 1103 2758 Donatistarum
1123 2712 1186 2758 mo-
1326 2696 1395 2757 197.
1441 2691 1578 2774 Reliqua
1593 2713 1675 2774 pars
1695 2693 1886 2774 dnciquinae,
1908 2714 1987 2775 quae
2004 2695 2140 2759 clavium
2154 2714 2212 2776 po

208 2782 380 2859 casitatem3
407 2782 467 2863 qui,
483 2801 579 2862 quum
600 2786 752 2845 monerent
772 2781 807 2844 in
828 2780 964 2844 ecclesiis
984 2780 1076 2858 vitia,
1107 2800 1186 2860 qnae
1236 2783 1340 2843 6666666
1361 2779 1490 2859 proprie
1515 2798 1576 2842 nori
1599 2779 1785 2859 continetur,
1807 2779 1842 2842 in
1863 2799 1896 2843 eo
1917 2784 1973 2858 est,
2001 2785 2037 2842 ut
2057 2800 2119 2861 pro
2139 2784 2211 2843 torn·

209 2866 308 2929 verbis
335 2867 458 2947 quiderm
486 2866 735 2948 repremnaerau
764 2866 913 2948 episcopi,
942 2866 996 2930 sed
1017 2885 1185 2930 6666666-
1230 2885 1347 2946 porum
1368 2864 1542 2928 vianense
1563 2863 1685 2945 plebem
1705 2864 1899 2929 6666666666
1918 2871 2073 2946 pedores,
2100 2865 2147 2929 vel
2168 2865 2211 2930 ad

209 2953 360 3016 nicationc
380 2973 440 3016 non
455 2953 632 3033 plecterent,
654 2953 732 3032 quia
752 2972 812 3015 nm
827 2950 981 3033 putabant
1001 2972 1033 3015 sc
1054 2951 1110 3015 bae
1131 2953 1185 3015 via
1235 2951 1357 3014 ieiunia
1378 2949 1485 3014 velud
1506 2949 1642 3014 solennes
1661 2950 1914 3032 supplicationes,
1936 2951 1983 3015 vel
2004 2952 2047 3016 ad
2067 2950 2134 3015 alia
2154 2950 2211 3016 lui·

149 3093 151 3097 ,
210 3037 381 3116 quidquam
406 3039 611 3120 profecturos,
642 3039 676 3101 in
708 3039 863 3119 episcopas
897 3037 1039 3102 66666666
1068 3037 1186 3102 invebe
1236 3036 1395 3114 mititatis,
1417 3035 1621 3117 poenitentiae
1648 3055 1686 3099 ac
1708 3035 1784 3116 fidei
1807 3037 1969 3114 66666666
2000 3055 2131 3117 quorum
2157 3055 2212 3101 nec

211 3123 336 3200 bainna,
369 3128 516 3204 tanquam
542 3122 726 3204 disciplinae
748 3124 922 3204 proditores
929 3147 939 3202 ,·
966 3127 993 3187 et
1021 3144 1042 3186 a
1067 3119 1185 3188 Obristi
1235 3128 1363 3203 666666,
1387 3141 1440 3185 nec
1460 3121 1579 3199 nudus,
1601 3141 1654 3185 nec
1669 3121 1773 3203 forma
1788 3121 2017 3203 praescribitur
2032 3121 2120 3186 verbo
2138 3120 2211 3201 Dei,

207 3227 297 3290 qreqe
323 3208 419 3288 impio
448 3210 610 3274 schismate
635 3228 668 3273 se
699 3209 882 3274 dividebant.
929 3208 1070 3290 Qualiter
1097 3208 1186 3274 livdie
1236 3208 1291 3273 sed
1319 3206 1353 3271 in
1386 3207 1526 3272 ambasiae
1559 3207 1675 3271 iudicio
1706 3207 1902 3288 relinquitur.
1952 3206 2063 3272 Huius
2094 3226 2212 3288 quoque

211 3292 332 3374 faciunt
354 3292 593 3376 Anabaqnistae,
616 3297 671 3376 qui
692 3295 768 3360 dnm
789 3295 910 3358 undrim
931 3299 1045 3359 cadum
1069 3291 1186 3359 Obristi
1231 3295 1339 3376 partis
1360 3292 1543 3371 observatio,
1566 3286 1665 3357 ‘sicuti
1686 3297 1731 3358 est
1756 3293 1860 3372 utilis,
1888 3296 1935 3358 ita
1955 3294 2049 3357 666666
2070 3293 2212 3358 aetesiae

211 3399 276 3442 6666
297 3384 470 3461 66666666,
493 3381 558 3445 nisi
579 3382 720 3464 anqelica
733 3381 917 3463 perfectione
938 3382 1022 3446 unni
1044 3384 1186 3462 crepante
1238 3379 1276 3444 ab
1301 3380 1384 3461 ipsis
1409 3399 1508 3460 nsque
1535 3378 1683 3461 apostolis
1706 3399 1826 3461 semper
1849 3379 1913 3460 fnit
1938 3380 2065 3443 usitata.
2108 3379 2212 3459 Quan-

210 3465 417 3546 conspicuum,
442 3464 498 3528 sub
519 3471 681 3547 6666666666
702 3468 754 3532 sni
775 3467 843 3545 celi,
866 3467 1019 3549 quitquid
1039 3472 1083 3530 est
1102 3467 1186 3532 aedi
1237 3486 1332 3547 quam
1352 3487 1390 3528 ne
1410 3465 1475 3546 ipsi
1499 3465 1624 3547 quidem
1651 3465 1783 3547 apostoli
1804 3466 1906 3545 primi
1929 3464 2059 3547 fumant
2079 3469 2211 3544 6666666,

208 3552 364 3631 iectionis
390 3550 572 3615 subvertunt.
620 3552 725 3631 Tales,
753 3553 857 3633 inquit
883 3551 1096 3636 Anqustirrus,
1125 3574 1186 3618 non
1237 3552 1291 3616 sed
1318 3552 1491 3632 exemplum
1521 3554 1720 3631 sumpserunt
1746 3571 1784 3615 erc
1805 3551 1868 3633 leqe
1889 3556 1918 3615 et
1938 3550 2107 3632 propbetis.
2159 3548 2213 3615 Vi-

210 3638 278 3700 odio
305 3637 483 3717 iniquitatis
511 3636 643 3713 alianae,
671 3638 725 3702 scd
744 3639 847 3702 studio
874 3658 1007 3703 suarum
1028 3640 1186 3704 cannutio
1237 3637 1345 3701 demus
1369 3638 1453 3700 enim
1480 3637 1549 3701 illic
1577 3637 1694 3717 quoties
1721 3657 1816 3719 prave
1842 3637 1969 3718 aliquod
1989 3634 2143 3699 invidebat
2162 3654 2213 3701 ue

210 3742 300 3800 num,
329 3723 475 3803 infirmas
490 3721 609 3802 plebes,
631 3722 780 3788 iactantia
801 3725 854 3788 666
874 3726 1012 3790 mininis
1038 3726 1184 3804 irretitas,
1234 3724 1352 3805 patiam
1396 3727 1587 3787 convocatam
1611 3722 1711 3804 {uisse
1732 3722 1866 3803 plebem,
1899 3721 2139 3804 supplicationes
2163 3721 2213 3786 in·
2274 3743 2275 3746 ¹

210 3809 257 3872 vel
279 3812 356 3872 totas
377 3809 510 3885 trabere,
532 3807 579 3871 vel
599 3812 683 3895 certe
696 3809 832 3875 dividere
854 3811 1012 3891 affectaut3
1039 3810 1186 3893 superbia
1236 3808 1343 3888 dictas,
1366 3808 1517 3873 indictum
1542 3808 1705 3872 ieiunium.
1749 3806 1792 3873 Id
1812 3829 1882 3892 erqo
1904 3808 2027 3889 sequuti
2047 3812 2120 3872 666
2139 3826 2213 3889 666-

209 3894 336 3971 tumidi,
360 3895 539 3975 pervicacia
558 3895 680 3973 vesani,
700 3895 867 3960 calumniis
885 3896 1041 3975 insidiosi,
1064 3897 1186 3961 seditio
1236 3895 1321 3973 stoli,
1353 3895 1434 3974 quod
1461 3900 1489 3958 et
1510 3894 1625 3975 populo
1647 3893 1711 3958 Dei
1738 3914 1852 3959 novum
1877 3914 1938 3959 non
1965 3897 2047 3972 6666,
2082 3899 2110 3957 et
2136 3892 2213 3959 utile

210 3979 302 4041 nibeis
329 3980 509 4058 turbulenti,
536 4000 573 4042 ne
606 3977 671 4043 luce
694 3982 837 4058 ¹veritatis
861 4000 964 4046 666666
992 4003 1042 4047 eos
1068 3987 1184 4063 pateat,
1233 3981 1302 4061 lore
1317 3979 1529 4062 prmidcbant.
1575 3979 1700 4043 Similis
1719 3984 1764 4044 est
1789 3980 1872 4044 ratio
1892 3981 1930 4044 de
1951 3979 2029 4044 aliis
2048 3978 2211 4059 6666666666,

209 4064 353 4128 remmam
374 4067 494 4148 ripidae
510 4064 682 4130 severitatis
698 4065 873 4145 obtendant,·
894 4072 922 4131 et
943 4068 1071 4149 quaein
1088 4069 1185 4150 66666
1235 4065 1350 4148 quibus
1364 4065 1462 4148 plebs,
1485 4066 1532 4129 vel
1553 4066 1596 4128 ad
1614 4065 1752 4147 officium
1772 4066 1912 4144 66666666,
1934 4067 1982 4130 vel
2003 4066 2037 4128 in·
2055 4066 2154 4147 officio
2174 4083 2212 4130 aa

210 4151 292 4213 turis
318 4151 408 4214 salva
435 4151 606 4240 dilectionis
637 4152 824 4232 sinceritate,
857 4157 884 4217 et
916 4155 1066 4219 custodita
1091 4155 1184 4235 pacis
1235 4152 1405 4217 obedientia
1431 4152 1577 4215 contineri
1604 4157 1711 4233 potest.
1761 4150 1918 4232 Exempla
1938 4151 2066 4232 passim
2092 4154 2213 4214 666666

208 4236 333 4313 unitate,
357 4237 399 4298 ad
420 4237 601 4320 corripenda
621 4236 763 4316 fimana
781 4238 858 4302 vitia
877 4240 1075 4304 modmatrori
1094 4261 1184 4304 cura
1234 4240 1269 4303 in
1298 4239 1401 4302 sacris
1429 4237 1584 4315 bistoriis,
1614 4258 1693 4319 quae
1717 4257 1778 4301 non
1799 4256 1877 4319 opus
1898 4241 1943 4301 cst
1966 4237 2113 4318 collipere.
2159 4232 2212 4299 Sic

208 4322 288 4385 tione
306 4322 377 4402 beri
398 4322 549 4400 iubentur,
574 4322 616 4385 ad
636 4322 835 4406 sacrileqium
856 4324 1034 4390 schismatis
1055 4330 1184 4391 etocca-
1234 4326 1269 4388 66
1290 4344 1415 4389 66666
1440 4322 1612 4387 babendum
1640 4329 1700 4387 est:
1728 4323 1845 4404 quoties
1872 4323 1909 4387 de
1936 4322 2081 4404 reliqione
2101 4319 2213 4382 incidit

208 4409 324 4470 sionem
339 4408 550 4487 praecisionis
571 4414 734 4490 66666666.
778 4409 831 4474 Ita
853 4431 885 4474 se
911 4413 1114 4494 transpipurot
1134 4431 1184 4476 sa-
1234 4411 1448 4488 controversia‚
1471 4429 1566 4490 quam
1587 4409 1634 4473 vel
1652 4411 1782 4491 666666,
1805 4408 1852 4472 vel
1872 4407 2073 4472 6666666666
2094 4404 2211 4470 iudicio

208 4497 261 4554 tan
289 4494 323 4555 in
345 4492 488 4575 anqelnm
516 4495 609 4572 lvcis,
638 4495 713 4558 dum
732 4516 794 4576 per
813 4497 1000 4562 occasionem
1021 4499 1114 4578 quasi
1135 4498 1183 4561 iu
1232 4498 1324 4577 finire
1344 4502 1466 4578 666666,
1488 4495 1605 4582 quoties
1627 4495 1664 4560 de
1685 4495 1821 4578 elipando
1843 4495 1985 4558 ministro
2002 4491 2116 4574 aqitur,
2139 4509 2212 4571 qua·

208 4583 273 4641 stae
301 4580 473 4642 severitatis
505 4580 657 4645 cnrdclem
689 4581 853 4645 scantiam
886 4584 1067 4663 persuadet,
1103 4582 1184 4647 nibil
1234 4585 1292 4647 ties
1321 4583 1450 4664 denique
1477 4585 1628 4646 tractatur
1653 4601 1704 4646 res
1730 4581 1839 4662 aliqua
1866 4579 2008 4661 difficilis
2198 4574 2212 4639 i

208 4663 298 4727 alind
319 4670 471 4745 appetens,
495 4668 559 4729 nisi
580 4672 615 4729 ut
636 4672 811 4748 corrumpat
831 4671 922 4748 atque
943 4668 1102 4750 dirunrpat
1117 4669 1184 4732 666-
1234 4670 1392 4748 momenti;
1418 4688 1547 4733 rursum
1575 4688 1671 4748 quum
1691 4671 1842 4750 apparent
1868 4661 2023 4745 nrdicw)
2056 4662 2125 4726 irae

208 4750 310 4813 66666
332 4752 426 4831 pacis
455 4756 483 4815 ct
510 4753 656 4831 unitates·
683 4773 742 4833 quo
764 4755 855 4835 firmo
877 4753 957 4818 irater
980 4752 1183 4834 Christianos,
1234 4755 1327 4831 mini,
1360 4760 1396 4817 ut
1426 4759 1499 4819 sunt
1524 4754 1717 4834 pestilentia,
1748 4758 1775 4817 et
1803 4752 1929 4829 bellum,
1957 4754 1985 4813 et
2010 4747 2124 4830 fames,
2156 4746 2212 4812 boc

207 4836 288 4900 vires
316 4837 385 4900 eius
412 4858 515 4903 66666
544 4838 702 4903 invalidae
728 4838 808 4921 fiunt
834 4839 877 4903 ad
897 4839 1077 4918 nocendum,
1099 4860 1184 4903 mus-
1233 4845 1375 4903 sanctum
1396 4861 1477 4919 csse,
1499 4845 1527 4904 et
1547 4839 1680 4903 saeculis
1700 4838 1842 4903 omnibus
1867 4839 2005 4902 salutare
2025 4834 2210 4912 iristitutirm,

206 4922 328 5002 eipulae
349 4923 542 4988 insidiarum
564 4925 827 5006 comminuuntur,
856 4924 1034 4990 etconsilia
1056 4926 1184 4989 evasio-
1233 4930 1269 4988 ut
1284 4929 1426 5006 66666666
1455 4927 1499 4991 ad
1519 4926 1683 5006 publicum
1714 4925 1915 4989 ieiuninmet
1942 4918 2211 4987 eatmordirmrias

205 5007 257 5071 nis
277 5014 467 5073 6666666666.
1230 5031 1337 5092 preces
1353 5008 1471 5090 puber
1495 5011 1659 5075 tradentur.
1706 5009 1744 5074 Si
1771 5011 1844 5090 quis
1864 5007 2051 5084 6666666666,
2074 5024 2152 5085 quae
2172 5023 2211 5071 6

294 5097 363 5157 196.
416 5094 520 5160 Unum
541 5095 627 5159 istud
649 5097 819 5179 praeapue
840 5095 1042 5173 commendat,
1065 5095 1095 5159 si
1116 5115 1182 5160 con-
1233 5149 1438 5158 „ffl
1845 5132 1850 5145 ·

204 5179 286 5276 willo
308 5181 458 5261 Peccandi
489 5181 717 5280 mffllllffllnqm
748 5183 911 5263 invaseras
940 5182 1064 5277 dimo
1090 5182 1182 5246 dmi·
1206 5222 1209 5283 γ
1300 5213 1329 5277 1)
1346 5215 1433 5282 Epist.
1452 5212 1487 5266 64
1505 5213 1573 5279 (22).
1661 5212 1692 5281 2)
1716 5213 1780 5282 Gap.
1799 5213 1824 5265 2.
1848 5214 1894 5264 lib.
1912 5211 1937 5264 3.
1969 5223 2063 5263 contra
2083 5210 2207 5263 Parmvn.

197 5264 309 5345 plenae
330 5284 469 5330 severam
491 5268 739 5332 misericordiam
758 5287 823 5334 esse
846 5287 1062 5340 necessatium.
1095 5267 1182 5332 Nam
1206 5288 1208 5319 ¹
1232 5283 1263 5349 3)
1280 5283 1379 5334 iudicia
1400 5280 1476 5333 1553.
1495 5281 1572 5335 1554.
