4732 6030
187 323 250 384 sec
732 298 952 385 aarum
975 317 1068 403 av.)
1112 315 1327 384 sensam
1347 317 1644 386 excussura.
2128 326 2190 390 aa

185 431 419 501 817230173.
1633 481 1640 493 ,
1879 460 1892 476 =

187 509 254 573 nisi
281 509 338 588 occi
364 419 434 570 siut]
454 527 552 571 sanae
575 507 747 585 doctrinae,
776 512 804 571 et
831 512 955 571 sacratae
980 510 1077 585 ritae,
1109 526 1164 570 uec
1187 528 1191 593 ξ
1212 506 1303 589 paris
1323 506 1421 570 rcuius
1439 509 1572 589 urnoopi
1592 508 1737 574 anuum
1754 528 1819 573 csse
1839 510 1992 591 ottimrat,
2012 511 2067 576 sed
2090 512 2192 593 ipnius

187 595 293 674 aliquo
314 595 389 656 nitio
410 593 563 670 notabiles,
584 595 665 674 quod
681 599 710 657 et
731 594 797 657 illis
817 594 939 657 adimat
958 594 1162 669 autoritatem,
1187 598 1190 679 ᾗ
1214 591 1346 656 Domini
1366 613 1417 656 ore
1438 599 1466 656 et
1486 596 1649 676 marritesto
1669 595 1799 658 oraado.

121 736 126 755 ,
187 687 216 745 d
236 681 410 743 ministerio
440 681 641 761 iprrominiam
662 681 781 760 afferat
824 678 875 743 Dc
896 680 1037 743 diaouds
1064 683 1092 741 et
1118 694 1190 742 se·'
1301 682 1352 742 48.
1403 679 1449 743 At
1477 701 1547 745 mm
1574 686 1608 744 ut
1634 680 1674 745 ab
1697 680 1872 745 bominibus
1893 682 2091 765 daiprrartur
2111 683 2193 766 cpis-

186 765 329 830 uioribus
353 766 471 829 similis
492 785 628 846 prorsus
659 771 704 828 est
734 767 823 831 ratio.
882 763 1057 829 Videndum
1087 784 1163 828 sarr
1187 774 1190 783 “
1215 764 1289 844 aopi,
1312 765 1435 828 omniuo
1455 786 1494 829 er
1514 766 1622 831 ouliue
1642 767 1796 850 lcoitimae
1816 768 1983 832 curationis
2003 787 2083 838 esse.
2105 789 2193 834 neura

180 873 255 935 per,
286 873 322 914 ne
348 851 391 914 ad
417 871 510 928 oncis,
528 838 625 931 'quod
650 851 717 914 illis
737 852 921 932 imponitur,
948 849 1163 913 sustinendum
1186 826 1190 915 l
1214 849 1337 913 uarius
1364 850 1569 931 inficiabitur:
1596 853 1720 934 auarrdo
1746 855 1779 917 iu
1810 852 1890 917 banc
1918 874 1983 917 rem
2009 859 2128 918 etstaut
2151 859 2194 921 ac

186 941 324 1019 impares
351 939 415 1000 siut
442 943 497 998 aret
524 937 636 1017 ineprti,
658 936 712 1001 boe
734 943 792 1014 est,
820 942 854 999 ut
872 937 1014 1000 iustmceti
1036 937 1100 998 siut
1119 936 1163 999 iis
1186 930 1190 955 ’
1214 937 1387 1016 scripturae
1412 938 1595 1003 testimonia
1650 939 1715 1002 Nec
1742 939 1886 1003 redamat
1911 939 1988 1003 illud
2017 938 2129 1018 Pauli,
2156 943 2193 1005 ut

184 1022 385 1107 facultatibus
411 1044 491 1104 orcae
504 1022 560 1114 ,ad
584 1023 778 1104 ‚implendum
808 1044 902 1087 suum
927 1042 1044 1085 uranus
1073 1026 1164 1084 eruent
1187 1044 1190 1101 ς
1214 1021 1330 1084 dictum
1356 1028 1413 1100 cst,
1441 1044 1475 1086 se
1501 1044 1560 1087 nou
1587 1024 1626 1087 ab
1654 1025 1829 1088 bominibus
1856 1045 1950 1106 reapse
1971 1046 2029 1105 per
2056 1025 2193 1092 ronna

185 1110 384 1174 necessariae
436 1108 489 1171 Sic
514 1107 672 1184 Christum,
706 1129 802 1188 orcum
828 1108 978 1188 apostolos
1004 1109 1163 1170 missurus
1187 1117 1189 1128 “
1213 1107 1315 1187 scrisse
1336 1110 1485 1187 missum,
1512 1131 1607 1189 arerem
1637 1111 1674 1173 de
1700 1111 1863 1174 ordinaria
1888 1112 2100 1175 ministrmum
2121 1111 2193 1176 eleo·

100 1221 112 1238 ·
187 1201 277 1272 esset,
311 1214 360 1257 eos
392 1196 492 1257 armis
524 1199 551 1256 et
583 1195 796 1258 instrumentis
828 1194 941 1274 quibus
967 1213 1070 1257 carere
1101 1213 1163 1256 uon
1187 1175 1190 1215 Ι
1215 1195 1295 1256 tione
1312 1193 1377 1258 illic
1398 1215 1458 1257 uon
1479 1195 1637 1275 loquatur,
1664 1197 1718 1261 sed
1735 1198 1816 1277 orcod
1836 1202 1902 1260 erut
1922 1197 2054 1279 spnciale
2074 1202 2193 1278 apasto—

181 1286 339 1363 pateraut,
365 1281 531 1344 accuravit.
581 1280 626 1343 Et
650 1279 774 1344 Paulus
798 1281 917 1360 depicta
943 1280 1014 1342 boui
1040 1300 1077 1342 ac
1097 1279 1163 1342 ceri
1187 1294 1190 1341 ξ
1215 1278 1273 1354 lis,
1295 1279 1356 1342 sibi
1378 1286 1505 1344 asserat.
1552 1283 1737 1363 Quanquam
1761 1284 1807 1346 sic
1831 1282 1968 1347 Paulum
1990 1304 2107 1364 puupcc
2127 1284 2192 1348 siu·

187 1369 322 1449 episcopi
344 1367 489 1448 imapiue,
515 1365 706 1430 Timotbeum
727 1367 868 1431 admonet
889 1366 921 1448 (l
944 1366 1026 1428 Tim.
1047 1371 1075 1441 5,
1096 1362 1162 1446 22),
1187 1400 1190 1431 ς
1212 1365 1319 1446 ardori
1336 1369 1555 1449 praerupatiua
1576 1367 1734 1432 Dominus
1750 1370 1988 1450 perseipsum
2009 1370 2191 1451 desipuerit,

187 1474 226 1517 ne
247 1473 336 1533 ouem
357 1451 396 1515 ab
425 1473 462 1516 ea
481 1452 618 1515 alierucm
638 1453 773 1535 dipacdo
794 1472 827 1515 sc
848 1453 954 1532 ipsum
975 1451 1163 1515 coritamiuet.
1215 1455 1250 1513 ut
1268 1451 1435 1531 disciplina
1461 1453 1680 1518 ecclesiasticae
1706 1456 1870 1519 necationis
1895 1455 2019 1519 iuterim
2047 1460 2191 1519 citaretur.

190 1538 386 1603 Particulam
414 1537 559 1617 mralitcr,
583 1559 644 1601 uon
672 1539 714 1602 ad
741 1539 838 1601 ritum
864 1537 1011 1619 elipandi,
1035 1537 1090 1601 sed
1121 1536 1164 1599 ad
1187 1508 1190 1587 l
1218 1536 1270 1599 Sic
1301 1538 1383 1600 cuim
1407 1539 1499 1619 refert
1526 1539 1631 1604 Lirem
1659 1541 1747 1625 (Aet.
1775 1546 1822 1615 13,
1849 1540 1900 1619 2).·
1927 1541 2137 1605 icirurautilms
2163 1546 2191 1605 et

186 1625 363 1708 relipiosum
386 1625 533 1702 timorem,
554 1625 609 1703 aui
630 1625 665 1687 iu
686 1624 823 1687 electione
844 1624 1092 1700 semanimem,
1116 1642 1162 1685 re·
1186 1596 1190 1703 i
1214 1622 1373 1686 orantibus
1385 1625 1538 1704 apostolis,
1555 1626 1632 1689 dicit
1647 1627 1780 1706 spiritus
1795 1632 1934 1691 sauctus:
1950 1626 2192 1710 surrepertemibi

185 1711 259 1793 fero.
305 1709 391 1772 Hinc
412 1711 532 1773 ieiunia
554 1715 580 1773 et
605 1711 757 1775 orationes
777 1708 890 1790 auibus
916 1729 990 1773 usos
1008 1709 1108 1790 friusa
1126 1711 1163 1788 ti·
1187 1735 1189 1773 ;
1216 1707 1355 1772 Paulum
1376 1715 1404 1799 ep
1426 1709 1611 1775 Barnabom
1632 1713 1667 1774 iu
1694 1731 1771 1792 opus
1793 1731 1853 1793 auo
1877 1713 1969 1795 srtcoi
1991 1734 2048 1777 uns.
2095 1718 2191 1793 Quor·

187 1797 269 1861 deles
296 1801 408 1859 narrat
437 1796 557 1872 Lucas,
585 1816 681 1875 quum
701 1796 894 1877 presbrderos
915 1799 1052 1859 crearent
1072 1795 1160 1879 (Aea
1186 1778 1189 1847 l
1213 1814 1284 1858 sum
1306 1796 1401 1860 istaec
1421 1799 1589 1879 seprcpatio
1610 1803 1638 1861 ct
1657 1819 1807 1862 manuum
1830 1799 1999 1878 impositio,
2025 1804 2190 1880 postauam

190 1886 238 1960 14,
259 1885 299 1944 23
318 1890 352 1945 et
376 1881 477 1966 alibi).
534 1881 621 1945 Nam
658 1902 755 1962 qurum
787 1882 1000 1964 iutetlipereut,
1033 1900 1066 1944 sc
1097 1900 1163 1944 rem
1186 1886 1190 1965 i
1216 1900 1306 1944 suam
1334 1881 1502 1945 electionem
1526 1888 1654 1947 testatus
1682 1888 1726 1948 est
1746 1885 1880 1965 spiritus
1903 1889 2041 1954 sanctius,
2071 1885 2135 1948 uisi
2155 1887 2191 1949 ut

187 1990 277 2051 apere
298 1968 437 2031 onrrrium
458 1967 593 2031 resociare
613 1968 743 2045 seriam,
766 1967 846 2030 nibil
867 1973 982 2031 tentare
1003 1965 1162 2042 audebant,
1186 1970 1189 2023 l
1214 1966 1417 2031 eeclesiastico
1437 1968 1660 2050 disciplinam
1681 1970 1884 2052 desipuaudis
1898 1990 1959 2051 per
1979 1968 2116 2035 bourines
2132 1969 2191 2034 mi·

186 2056 252 2117 uisi
279 2074 349 2117 cum
375 2074 499 2117 summa
525 2055 693 2117 reuerentia
721 2053 983 2118 etsollicitruliue.
1034 2052 1164 2116 Potissi-
1186 2046 1189 2075 ¹
1214 2052 1324 2116 nistris
1350 2055 1602 2117 comessaretur?
1653 2055 1749 2119 Nullo
1783 2056 1881 2138 ipitur
1905 2047 2073 2119 illinstriorb
2100 2055 2191 2119 ‹lour-

186 2160 274 2203 mum
296 2161 365 2203 cero
385 2139 587 2202 incubuerunt
608 2141 643 2202 in
657 2160 774 2221 preces,
797 2140 908 2219 anubim
928 2140 1077 2221 spiritum
1097 2157 1164 2203 corr·
1214 2144 1311 2202 ureuto
1332 2140 1484 2204 eiusmodi
1506 2140 1643 2203 ordinem
1664 2141 1836 2223 approbare
1857 2140 1946 2205 lteris
1963 2143 2073 2223 potnit.
2095 2160 2191 2222 arcum

188 2226 258 2290 sitii
279 2231 307 2289 et
327 2225 520 2289 discretionis
542 2246 562 2289 a
583 2224 651 2290 Deo
667 2229 810 2306 peterent.
1214 2225 1289 2288 dum
1318 2224 1457 2288 Paulum
1480 2224 1621 2310 pertibus
1647 2227 1816 2307 apostolum
1842 2247 1875 2289 sc
1902 2227 2071 2291 destinasse
2097 2247 2191 2309 prae·

274 2316 324 2374 47.
373 2312 512 2375 Tertium
537 2311 619 2391 quad
640 2312 674 2375 in
698 2313 870 2392 partitione
885 2312 1066 2392 paulimus,
1088 2315 1162 2387 erat
1212 2311 1313 2392 fretrus,
1343 2330 1413 2374 eum
1439 2315 1541 2374 tamen
1569 2312 1608 2376 ab
1634 2312 1758 2375 eulesio
1786 2312 1851 2375 mitt
1881 2312 2049 2395 ‹lesiprrari
2103 2312 2191 2393 Quod

151 2451 156 2477 ,
187 2420 209 2462 a
228 2397 340 2478 quibus
369 2397 499 2480 elipandi
525 2398 590 2460 siut
615 2398 763 2460 urinistri.
778 2396 803 2480 ¹)
852 2397 963 2470 Huius
988 2402 1090 2460 ardun
1116 2396 1164 2459 rei
1214 2397 1319 2477 ipsum
1340 2397 1375 2459 iu
1396 2395 1549 2462 Matthiae
1574 2397 1711 2462 electione
1738 2418 1857 2461 ceurae
1885 2397 1959 2462 lieet.
2007 2399 2093 2461 Nam
2113 2398 2191 2480 auia
2309 2441 2312 2447 ,

186 2489 268 2548 certa
289 2483 396 2566 reputa
422 2504 460 2546 ac
482 2483 686 2564 apostolorum
715 2484 902 2557 irutitutioue
925 2484 992 2564 peti
1014 2503 1075 2546 non
1095 2487 1163 2562 pot
1214 2483 1293 2546 tanti
1319 2487 1387 2545 erat
1413 2503 1528 2546 nicenus
1556 2483 1768 2564 apostolicum,
1796 2488 1831 2546 ut
1858 2504 1956 2546 narrum
1977 2484 2111 2564 aliquem
2133 2503 2191 2549 suo

186 2575 243 2646 est,
272 2590 350 2649 accae
371 2567 512 2632 uormibit
537 2568 646 2633 babuit
676 2590 697 2633 a
724 2571 877 2633 conrrnuni
904 2569 1093 2649 reliquorum
1114 2588 1163 2630 οο-
1214 2569 1386 2632 iudiciuin
1407 2589 1477 2631 cum
1499 2570 1634 2651 madum
1655 2575 1793 2650 cooptare
1820 2589 1880 2632 uou
1907 2570 2027 2646 ausint,
2055 2571 2133 2633 dicos
2154 2569 2190 2634 iu

185 2657 301 2721 eatiorie
327 2654 487 2719 dissimile.
541 2656 624 2736 Quia
651 2656 733 2719 enim
760 2655 1046 2719 entraordinarium
1070 2654 1163 2717 mini·
1214 2654 1313 2717 medio
1335 2655 1535 2734 coustituetur,
1558 2676 1689 2736 quorum
1710 2657 1744 2718 iu
1765 2655 1894 2728 alterum
1915 2674 1984 2718 sors
2006 2675 2120 2719 casua
2137 2656 2188 2735 sit,

186 2743 315 2806 sterium
348 2745 427 2818 erat,
460 2745 496 2803 ut
528 2741 636 2822 aliqua
667 2741 833 2825 insipniori
860 2746 933 2805 uota
965 2740 1162 2822 cumpriucum
1213 2745 1248 2803 ut
1269 2740 1315 2803 ita
1338 2746 1365 2804 et
1386 2740 1485 2804 elenu
1506 2747 1690 2824 compertum
1712 2762 1728 2804 e
1749 2741 1826 2805 coele
1847 2741 2053 2805 testimouium
2071 2739 2188 2820 lrabeat,

186 2827 377 2905 redderetur,
413 2828 517 2908 ipsius
556 2826 690 2891 Domini
728 2847 780 2891 cre
819 2828 924 2892 occari
959 2832 987 2890 et
1019 2826 1162 2891 cunstitui
1213 2846 1308 2907 neque
1329 2831 1431 2890 tamen
1450 2829 1573 2890 amerino
1588 2832 1802 2909 praetereatur
1823 2827 1964 2891 ecclesiae
1980 2826 2101 2908 politia.

186 2915 334 2996 apertuit,
368 2914 422 2993 qui
455 2915 524 2994 ipso
549 2914 759 2996 furrpereutur.
808 2913 870 2977 Illi
896 2933 966 2996 erpo
992 2912 1079 2976 nulla
1106 2910 1162 2974 bu·
1299 2916 1350 2975 49.
1405 2913 1573 2993 Quaeritur
1598 2934 1680 2977 num
1706 2935 1726 2978 a
1753 2919 1852 2977 totone
1879 2912 2004 2977 eeclesia
2034 2911 2108 2994 ellpi
2139 2911 2189 2978 de·

185 3020 281 3063 mana
303 2998 448 3076 electiora,
470 2999 525 3062 sed
545 2999 608 3064 solo
629 2998 763 3063 Domini
783 3000 930 3064 arandato
950 2999 1107 3076 instructi,
1128 3017 1162 3061 sc
1212 2997 1279 3061 beat
1305 2999 1460 3077 minister,
1493 3020 1535 3063 an
1556 3022 1577 3063 a
1598 2999 1719 3082 collepis
1745 3004 1865 3063 tantum
1887 3003 1915 3063 et
1939 2997 2112 3063 suricrilms
2133 2999 2189 3079 qui

186 3086 229 3149 ad
262 3105 339 3166 opius
367 3087 572 3149 aceirrucrunt.
622 3084 707 3149 Hinc
733 3091 790 3166 est,
823 3086 904 3166 cuod
934 3105 1030 3166 quum
1061 3083 1161 3148 alium
1212 3103 1358 3148 camurae
1378 3089 1546 3165 praesunt,
1575 3106 1618 3149 an
1643 3106 1712 3150 vero
1738 3086 1836 3149 unius
1862 3083 2189 3150 cinomannicum·

184 3171 427 3235 substituerem
456 3171 554 3234 locum
580 3171 683 3236 Iudae
698 3172 810 3236 uolunt
835 3172 980 3254 apastoli,
1015 3191 1077 3234 non
1104 3191 1161 3234 au-
1206 3170 1315 3250 possit.
1363 3171 1424 3250 φατ’
1450 3170 1504 3235 boe
1529 3171 1582 3234 ius
1603 3171 1645 3235 ad
1671 3191 1769 3235 uuum
1794 3172 1946 3236 leominem
1968 3171 2121 3252 deferunt,
2147 3169 2189 3235 ei·

185 3258 256 3321 dent
279 3278 377 3319 uuum
405 3257 540 3336 aliamne
561 3263 638 3322 certo
662 3259 835 3336 nominare,
863 3258 917 3323 sed
938 3258 1017 3322 dicos
1037 3259 1072 3320 iu
1099 3276 1160 3320 me
1211 3260 1278 3319 tant
1297 3256 1378 3335 arcad
1399 3256 1444 3319 ait
1468 3255 1592 3321 Paulus
1620 3257 1664 3321 ad
1688 3258 1794 3321 Titum
1816 3257 1861 3344 (l,
1883 3257 1934 3342 b).·
1957 3262 2121 3339 propterea
2143 3275 2190 3322 rr·

185 3344 273 3407 dium
291 3344 474 3424 producunt,
495 3348 531 3407 ut
551 3343 710 3407 Dominus
730 3349 809 3408 sorte
829 3344 973 3422 declaret,
994 3347 1101 3406 utrum
1121 3362 1160 3406 en
1211 3342 1289 3422 liqui
1311 3346 1339 3404 te
1359 3342 1392 3405 in
1417 3340 1521 3421 Greia,
1549 3347 1584 3407 ut
1604 3344 1771 3408 constituas
1791 3343 1963 3426 oppidatim
1987 3341 2187 3423 presbyteros.

185 3431 229 3493 iis
249 3428 320 3493 cetit
347 3431 503 3493 succedere
525 3429 611 3510 (Aet.
635 3435 661 3510 1,
681 3429 746 3513 23).
797 3429 839 3493 Iu
860 3430 940 3494 bunc
960 3449 1077 3511 qumque
1097 3449 1159 3493 mo
1211 3427 1292 3491 Item
1320 3428 1362 3491 ad
1392 3428 1602 3493 Tincotbeum:
1634 3450 1747 3494 manus
1776 3430 1892 3493 nemini
1919 3429 1975 3492 cito
2002 3425 2189 3508 imposueris

186 3516 261 3579 dum
288 3516 423 3595 accipere
450 3517 599 3593 conciunt,
628 3516 709 3596 qnod
734 3521 823 3599 nepot
847 3514 971 3580 Paulus
997 3537 1029 3579 se
1048 3514 1087 3579 ab
1108 3514 1159 3578 bo
1212 3514 1243 3598 (l
1265 3514 1347 3578 Tim.
1370 3520 1398 3591 τ’),
1418 3514 1482 3598 22).
1535 3515 1595 3580 Sed
1620 3515 1789 3597 falluntur,
1813 3516 1842 3579 si
1858 3518 1988 3597 putant,
2017 3513 2061 3576 ecl
2087 3512 2189 3577 Timo-

185 3600 335 3679 miuibus,
364 3601 410 3664 cel
430 3622 490 3681 per·
514 3602 666 3665 bominem
693 3608 827 3666 creatum
851 3602 952 3682 fecisse
978 3601 1157 3684 apostolum,
1210 3600 1312 3664 tbeum
1334 3599 1468 3680 Ephesi,
1491 3601 1537 3666 vel
1561 3603 1668 3666 Titum
1689 3603 1723 3664 in
1747 3600 1837 3665 Creta
1858 3619 1986 3683 reorum
2007 3599 2187 3678 exercuisse,

185 3680 240 3751 sid
252 3708 312 3769 per
331 3685 490 3750 Christum
507 3692 534 3750 et
550 3688 654 3751 Deum
670 3695 793 3770 patrem
811 3688 900 3769 (Ga-l.
918 3693 943 3766 l,
960 3687 1022 3774 12).
1059 3687 1159 3751 Prius
1210 3690 1245 3748 ut
1265 3706 1321 3750 seco
1342 3692 1466 3767 uterque
1487 3687 1616 3752 arbitrio
1637 3687 1742 3751 omnia
1763 3687 1941 3767 disponeret.
1978 3683 2188 3766 Praeticerunt

139 3763 148 3786 ⁸
184 3773 266 3837 illud
293 3773 417 3851 scilicet,
449 3773 487 3836 ab
509 3773 699 3853 lcomiuibuS,
728 3794 798 3839 eccm
818 3776 888 3856 piis
914 3774 1054 3838 omuibus
1075 3773 1159 3838 uerbi
1211 3773 1293 3836 euim
1319 3777 1438 3836 tantum
1466 3779 1499 3836 ut
1527 3773 1614 3837 bonis
1641 3777 1669 3836 et
1696 3772 1888 3836 sudatoribus
1909 3771 2048 3834 corisiliis
2070 3769 2188 3852 populo

184 3860 340 3923 ministris
366 3879 521 3923 comncuue
548 3860 663 3924 babuit.
714 3861 821 3941 Neque
845 3861 926 3923 enim
947 3861 1050 3941 poterit
1075 3860 1159 3940 quis-
1204 3859 1381 3940 pracireat,·
1408 3878 1469 3922 nou
1489 3865 1524 3922 ut
1545 3859 1611 3937 soli,
1634 3858 1768 3922 ecclccsis
1791 3858 1865 3921 aliis
1887 3857 2042 3935 carnibus,
2066 3861 2188 3940 emerent

179 3945 271 4026 piam
297 3945 377 4008 bau
405 3946 705 4009 administrationes
731 3948 790 4010 rite
817 3949 982 4025 aestiuare,
1011 3947 1075 4009 uisi
1102 3947 1158 4026 qui
1210 3945 1290 4025 'quod
1306 3943 1448 4026 placeret.
1492 3945 1542 4009 Ac
1562 3965 1600 4008 uc
1620 3944 1697 4026 auid
1715 3945 1829 4026 fiupere
1852 3943 1975 4021 videar,
1996 3942 2131 4023 planura
2152 3942 2187 4008 id

183 4037 258 4096 esset
275 4052 296 4094 a
318 4030 454 4095 Domino
476 4036 607 4095 uocatus.
651 4032 794 4096 Alterum
821 4038 923 4096 autem
944 4033 1160 4115 propriumet
1208 4031 1325 4112 famam
1347 4031 1446 4094 simili
1472 4030 1613 4111 centupla.
1660 4030 1767 4111 Refert
1794 4027 2184 4111 enimLucas(Aot.14,

184 4116 343 4199 sinpulare
364 4117 414 4180 illi
432 4119 502 4199 fuit.
548 4118 615 4182 Hoc
636 4140 706 4202 erpo
727 4119 803 4183 dum
821 4119 988 4202 ploriatur,
1010 4139 1070 4182 uon
1091 4123 1158 4181 mro
1211 4118 1268 4200 23)
1290 4117 1466 4182 comtitutos
1493 4137 1558 4181 esse
1580 4137 1641 4198 per
1663 4115 1804 4180 ecclesias
1826 4115 2019 4198 presbyteros
2041 4136 2061 4177 a
2086 4112 2187 4177 Paulo

184 4207 248 4266 tum
275 4223 308 4266 se
334 4202 443 4266 babere
471 4206 566 4268 iactat
596 4205 677 4284 quod
703 4225 782 4268 bero
806 4226 844 4269 ac
877 4205 1009 4287 lepitimo
1035 4204 1159 4285 prostoci
1210 4208 1237 4266 et
1269 4201 1440 4267 Barrraba:
1477 4203 1531 4266 sad
1557 4205 1707 4266 rationem
1734 4203 1779 4267 uel
1812 4202 1937 4266 niodum
1967 4200 2062 4264 sirrrrcl
2093 4203 2186 4278 ructat,

183 4290 352 4368 canuerunt,
380 4291 434 4353 scd
455 4292 595 4373 iusipuia
616 4311 733 4372 qumque
753 4291 805 4355 sui
827 4291 1016 4373 apostolatus
1032 4290 1158 4371 profert.
1209 4309 1305 4369 quum
1324 4288 1399 4352 dicit
1423 4290 1540 4371 factuam
1561 4290 1595 4351 id
1622 4309 1687 4352 esse
1715 4289 1893 4371 sufi'rapiis,
1920 4285 2186 4369 χειροτονήσαντες,

186 4376 290 4456 Quum
317 4376 400 4438 enim
426 4383 523 4440 essent
550 4377 636 4459 apud
659 4377 805 4455 Galatas,
834 4378 888 4458 qui
915 4378 982 4441 cius
1010 4376 1158 4439 antorita-
1209 4376 1318 4456 inauit,
1341 4378 1558 4459 πρεσβυτέρους
1574 4372 1638 4436 κατ’
1661 4378 1828 4453 ἐκκλησίαν.
1867 4373 2017 4439 Orcabant
2036 4391 2104 4453 erpo
2122 4370 2186 4451 ipsi

184 4465 242 4539 tanc
267 4461 420 4525 studentes
446 4463 576 4542 eiurare,
603 4464 782 4546 ,ar‘cparium
808 4464 944 4545 aliquem
968 4461 1158 4544 discipulum
1209 4463 1286 4526 duo:
1307 4461 1362 4524 sed
1382 4466 1441 4526 tota
1463 4460 1640 4539 multitudo,
1662 4466 1696 4524 ut
1716 4480 1782 4525 mos
1806 4461 1995 4525 Graecumue
2016 4458 2050 4520 in
2073 4456 2186 4520 electio·

183 4546 288 4627 ipsum
318 4548 467 4628 facerent,
506 4571 527 4612 a
559 4550 729 4630 primariis
767 4550 913 4630 apostolis
945 4549 1157 4630 subropatum:
1209 4547 1301 4610 rcilms
1328 4553 1407 4626 mat,
1435 4546 1580 4611 manibus
1608 4546 1739 4612 sublatis
1763 4546 1938 4611 declarabat
1964 4563 2052 4623 arcem
2077 4541 2186 4607 babere

183 4652 243 4712 queo
269 4633 389 4696 salbam
412 4637 642 4716 praedicationi
673 4656 749 4698 suae
775 4636 953 4716 dipuitatem
980 4635 1157 4710 vindicaret,
1209 4634 1300 4697 vellet.
1346 4634 1465 4715 Nempe
1493 4634 1538 4697 sic
1559 4634 1680 4697 roniani
1701 4632 1840 4697 historici
1868 4651 1929 4695 non
1955 4649 2030 4692 raro
2058 4628 2186 4708 locpcum

183 4720 234 4782 cni
269 4719 406 4783 insidias
438 4723 518 4784 istas
549 4722 697 4786 intentari
724 4726 862 4799 noemat,
897 4722 980 4783 unni
1009 4741 1046 4784 ec
1067 4724 1158 4800 parte
1209 4724 1269 4796 tur,
1292 4720 1451 4799 consulem,
1474 4721 1529 4800 aui
1550 4721 1673 4784 comitia
1694 4717 1847 4797 babuerit,
1871 4734 1988 4780 creasse
2010 4734 2102 4778 nouos
2120 4734 2186 4778 ma·

182 4804 280 4869 uibilo
302 4826 335 4869 se
356 4805 484 4887 reliquis
507 4809 652 4889 apostolis
673 4807 850 4888 inferiorem
872 4807 1024 4870 ostendere
1041 4825 1159 4870 necesse
1207 4806 1374 4887 pistratus,·
1401 4827 1461 4870 uon
1488 4806 1586 4870 aliam
1615 4805 1650 4868 ob
1671 4824 1813 4881 cumam,
1838 4802 1902 4865 uisi
1927 4801 2003 4882 arcia
2030 4801 2186 4887 euprepia

181 4888 295 4954 babuit.
343 4890 482 4958 Proinde
503 4914 536 4956 se
557 4915 616 4959 uon
638 4893 797 4957 bominum
818 4892 946 4971 iudicio,
971 4893 1073 4956 instar
1094 4890 1158 4955 cul·
1209 4893 1365 4971 receperit,
1387 4897 1414 4955 et
1429 4891 1583 4973 populum
1604 4889 1778 4953 eruderatus
1805 4889 1845 4952 sit
1867 4889 1902 4950 in
1924 4886 2066 4969 elipando.
2113 4885 2186 4951 Nou

188 5018 190 5022 ·
1210 4981 1253 5041 est
1274 4982 1350 5041 certe
1377 4978 1530 5054 credibile,
1563 4975 1700 5040 Paulum
1720 4975 1797 5055 plus
1826 4973 2006 5038 contemsisse
2032 4970 2185 5036 ‘liuratbeo

1130 5100 1140 5124 τ
1210 5063 1338 5140 etTito,
1367 5083 1461 5143 quam
1490 5062 1550 5127 sibi
1582 5063 1649 5143 ipse
1676 5061 1849 5141 sumpserit.
1910 5059 2058 5123 Videmus
2084 5061 2186 5122 autem

252 5182 280 5247 1)
304 5181 384 5236 Haec
409 5201 512 5253 auoque
535 5185 550 5237 l.
569 5186 585 5237 t.
607 5183 671 5253 Gap.
692 5183 723 5236 X
727 5184 774 5238 VI.
792 5185 901 5252 prioris
922 5183 1050 5236 editionis
1068 5184 1158 5253 lopun·
1210 5149 1314 5245 ipsium
1342 5170 1379 5212 εἴ
1394 5149 1518 5248 ‚winili
1550 5148 1714 5246 Qffradiis
1739 5147 1893 5244 CPi'ffflPOS
1923 5165 2026 5243 “scm
2052 5143 2184 5243 3⁰lfmm·

181 5263 235 5321 rur,
253 5259 276 5304 er
293 5253 402 5306 amitino
417 5254 539 5320 pter-tua
557 5253 580 5319 ς,
599 5251 718 5307 ‹tt-48.
1213 5233 1266 5298 Sec
1292 5255 1361 5318 erpo
1387 5235 1574 5318 crdellcpendc
1600 5239 1672 5298 sunt
1698 5251 1871 5315 superiores
1892 5231 1963 5309 loce,
1992 5251 2030 5295 ne
2051 5230 2128 5313 quid
2148 5229 2186 5295 de

181 5072 289 5080 ...—.-
298 5075 368 5080 „..--.
