4770 6030
199 365 262 428 ces
413 312 418 318 ’
836 359 936 427 our.
957 359 1019 426 rx.
1043 359 1117 445 (v.)
1160 360 1224 426 un
1246 358 1571 426 ronmnmmn
2142 361 2206 424 aee

198 475 315 543 A1563
332 474 445 543 Bata
464 472 566 528 0246.

198 549 480 634 perseverantiam
512 459 659 632 vegetior
688 557 842 633 emergat
899 550 1008 632 Atque
1037 549 1178 626 omnino,
1231 555 1301 613 tute
1328 547 1392 614 Dei
1425 569 1485 613 nos
1512 568 1571 630 per
1597 547 1696 613 fidem
1722 545 1877 613 custodiri
1899 567 2002 629 usque
2024 547 2066 611 ad
2093 548 2208 614 salutis

199 644 278 719 quot
299 634 488 702 nominibus
515 635 700 701 necessaria
722 637 787 699 sint
813 636 883 717 spei
910 635 1055 700 subsidia
1076 632 1118 699 ad
1139 635 1179 698 fi·
1230 634 1479 713 revelationem,
1508 632 1594 716 quod
1622 635 1691 716 spei
1719 633 1825 717 magis
1848 631 2030 715 quadrabat
2049 633 2125 699 fidei
2147 635 2208 700 tri·

200 722 276 786 dem
298 719 537 799 stabiliendam,
560 721 678 785 melius
704 721 829 803 patebit
849 722 877 787 si
900 723 1078 805 rogitemus
1099 726 1180 802 quot
1230 721 1310 785 buit.
1354 720 1469 802 Neque
1489 720 1668 797 immerito,
1691 718 1820 802 quando
1843 719 1909 783 iam
1932 718 2101 785 docuimus
2123 719 2209 785 nibil

199 807 418 872 tentationum
444 807 557 871 formis
583 807 782 889 impetantur
810 812 844 871 et
869 809 1096 871 concutiantur
1123 807 1178 888 qui
1231 805 1320 870 aliud
1353 827 1445 889 spem
1476 826 1547 870 esse
1579 827 1678 889 quam
1710 804 1786 870 fidei
1814 803 2007 868 alimentum
2034 813 2068 869 et
2098 806 2207 871 robur.

199 894 338 958 verbum
359 893 425 957 Dei
447 892 590 975 amplexi
617 898 703 957 sunt
748 891 899 956 Primum
920 893 1082 957 Dominus
1103 912 1178 974 pro·
1230 892 1344 974 Neque
1364 892 1431 956 iam
1452 892 1626 957 obscurum
1644 897 1695 956 est
1712 912 1812 974 quam
1828 890 1952 956 insulse
1969 890 2090 955 Petrus
2106 892 2208 956 Lom-

199 980 371 1043 missiones
398 1000 475 1043 suas
504 976 682 1043 differendo
717 977 839 1043 diutius
873 999 970 1061 saepe
996 999 1095 1060 qua-m
1119 998 1178 1060 pro
1231 978 1351 1042 bardus
1364 977 1388 1061 ¹)
1411 976 1533 1058 duplex
1554 978 1623 1061 spei
1644 977 1895 1041 fundamentum
1916 977 2022 1053 iaciat,
2045 977 2111 1041 Dei
2132 997 2208 1060 gra·

200 1066 285 1131 votis
313 1064 433 1128 nostris
461 1085 635 1146 suspensos
662 1065 762 1127 animi
789 1085 849 1128 nos
876 1070 974 1128 tanet.
1020 1063 1085 1128 Hic
1107 1064 1178 1127 offi·
1231 1065 1310 1128 tiam
1338 1070 1371 1128 et
1396 1084 1531 1145 operum
1557 1064 1720 1128 meritum.
1770 1062 1844 1126 Non
1872 1062 1949 1128 huic
1976 1062 2060 1127 alius
2092 1083 2209 1145 scopus

200 1152 287 1215 cium
309 1156 360 1214 est
385 1152 454 1232 spei
482 1158 650 1232 praestare
671 1148 758 1231 quod
784 1150 875 1214 iubet
895 1148 1054 1232 propheta
1076 1148 1176 1234 (Hab.
1230 1170 1329 1231 quam
1349 1149 1426 1213 fidei
1448 1170 1519 1214 osse
1539 1155 1654 1232 potest
1691 1148 1787 1213 Fidei
1809 1155 1919 1213 autem
1940 1149 2007 1212 iam
2027 1147 2208 1214 clarissime

201 1240 230 1314 2,
251 1235 301 1319 3):
330 1244 368 1298 ut
395 1237 422 1299 si
450 1257 578 1300 moram
604 1234 681 1299 illae
707 1235 844 1301 fecerint
873 1241 1099 1317 exspectemus
1128 1241 1178 1298 ta·
1231 1237 1440 1317 exposuimus
1461 1235 1596 1300 unicum
1618 1256 1688 1300 esse
1706 1255 1839 1316 scopum
1858 1235 1922 1298 Dei
1939 1234 2207 1312 misericordiam,

199 1343 285 1386 men.
330 1321 502 1385 Interdum
523 1343 590 1385 non
611 1321 707 1385 modo
731 1320 887 1405 languere
914 1342 974 1386 nos
1002 1321 1094 1399 sinit,
1121 1319 1179 1385 sed
1230 1322 1264 1385 in
1286 1343 1385 1404 quam
1407 1327 1559 1403 utroque,
1581 1326 1619 1385 ut
1639 1321 1687 1385 ita
1707 1320 1831 1402 loquar,
1853 1320 1946 1385 oculo
1968 1321 2128 1402 respicere
2150 1318 2206 1384 de-

202 1415 349 1490 apertam
381 1406 640 1490 indignationem
678 1428 757 1490 prae
795 1430 830 1473 se
862 1407 933 1471 fert.
989 1407 1054 1472 Hic
1087 1427 1179 1489 spem
1230 1408 1313 1472 beat.
1359 1405 1428 1471 Sed
1448 1427 1565 1489 operae
1591 1407 1733 1489 pretium
1755 1412 1805 1470 est
1831 1406 2015 1471 auscultare
2037 1426 2135 1488 quam
2156 1405 2207 1471 vi·

201 1493 305 1556 multo
325 1494 430 1575 magis
452 1513 642 1567 succurrere
663 1514 796 1558 necesse
819 1501 882 1571 cst,
914 1514 977 1575 quo
999 1491 1180 1558 secuudum
1230 1493 1342 1558 vidam
1368 1493 1486 1558 afferat
1511 1493 1679 1557 rationem.
1731 1489 1769 1556 Si
1791 1490 1971 1574 quidpiam,
1994 1492 2113 1573 inquit,
2136 1491 2207 1556 sinc

202 1578 336 1643 alterius
363 1578 541 1661 prophetae
564 1577 687 1643 dictum
710 1579 836 1662 (Iesss,
858 1578 912 1664 17)
939 1579 1100 1661 possimus
1121 1599 1179 1642 ex·
1230 1579 1356 1643 meritis
1388 1600 1520 1661 sperare
1553 1578 1688 1655 audeas,
1725 1598 1791 1642 non
1824 1598 1898 1660 spes
1936 1577 1994 1641 illa
2022 1577 2079 1642 sed
2111 1596 2207 1658 prae·

201 1671 347 1746 spectum
375 1665 557 1729 Dominum
584 1665 640 1747 qui
668 1663 874 1730 absconderit
899 1665 1016 1729 faciem
1045 1685 1180 1730 suama
1231 1666 1373 1747 sumptio
1395 1663 1533 1730 dicenda
1552 1666 1622 1728 erit
1668 1663 1752 1745 Quis
1773 1683 1841 1727 non
1862 1665 1994 1741 merito,
2018 1663 2120 1728 amice
2142 1661 2209 1727 lec·

201 1749 308 1815 Iacob.
357 1750 541 1833 Insurgunt
572 1751 672 1822 etiam
703 1750 867 1828 illusores,
907 1750 1180 1832 quemadmodum
1231 1759 1295 1830 tor,
1320 1751 1402 1815 tales
1434 1751 1554 1816 bestias
1578 1757 1780 1827 exsecretur,
1810 1770 1894 1832 quae
1916 1757 2038 1814 temere
2060 1760 2093 1813 et
2113 1768 2209 1829 prae·

202 1837 248 1899 ait
269 1836 390 1901 Petrus
412 1836 446 1916 (2
468 1836 529 1918 Ep.
549 1839 578 1913 3,
598 1838 643 1984 32,
666 1837 721 1918 qui
744 1844 873 1920 rogant:
896 1837 953 1901 ubi
975 1845 1025 1901 est
1041 1837 1180 1918 promis·
1231 1843 1420 1920 sumptuose
1442 1838 1513 1901 fieri
1540 1837 1759 1919 pronunciant
1779 1837 1809 1899 si
1835 1835 1908 1917 quis
1926 1835 2036 1899 Deum
2057 1854 2208 1899 veracem

201 1922 249 1985 sio
270 1920 324 1985 vel
352 1920 513 1987 adventus
535 1922 605 1990 eius
659 1921 789 2004 quando
818 1944 859 1987 ax
881 1943 944 2004 quo
972 1928 1083 2005 patres
1106 1921 1180 1987 dor·
1231 1944 1302 1988 esse
1329 1921 1490 1987 confidat?
1542 1922 1629 1986 Nam
1658 1943 1761 2004 quum
1786 1921 1950 1985 Dominus
1983 1920 2067 1984 nihil
2093 1939 2209 1984 nona

201 2008 348 2071 mierunt
374 2008 485 2071 omnia
506 2009 552 2073 sic
579 2014 792 2089 perseverant
813 2010 853 2073 ab
881 2009 976 2073 initio
997 2009 1179 2073 creationis.
1231 2031 1291 2073 sua
1321 2009 1465 2074 bonitate
1487 2009 1669 2090 exspectari
1690 2007 1785 2085 velit,
1819 2008 2117 2089 praesumptionem
2137 2024 2209 2070 csse

202 2092 275 2156 Imo
298 2092 412 2156 eadem
434 2093 515 2157 haec
538 2093 631 2158 nobis
652 2095 862 2158 insusurrant
883 2115 959 2158 caro
977 2100 1011 2160 et
1027 2093 1179 2183 mundus.
1232 2093 1344 2160 dicunt
1374 2095 1411 2158 in
1439 2115 1479 2158 ea
1505 2094 1694 2160 recumbere
1721 2099 1754 2157 et
1786 2093 1998 2175 acquiescere.
2044 2090 2075 2156 0
2103 2089 2209 2174 magi·

105 2241 114 2256 ,
203 2177 268 2242 Hic
293 2177 393 2242 fidem
420 2179 489 2259 spei
516 2179 689 2243 tolerantia
718 2179 887 2245 suffultam
915 2181 950 2244 in
977 2181 1181 2246 aeternitatis
1231 2189 1336 2246 strum
1364 2180 1484 2245 talibus
1513 2178 1649 2263 dignum
1671 2178 1853 2262 discipulis,
1881 2177 1993 2260 quales
2020 2178 2056 2241 in
2078 2175 2209 2244 vesanis

204 2263 477 2345 contemplatione
505 2264 648 2329 defixam
675 2266 809 2330 retineri
831 2272 972 2348 oportet,
1000 2287 1063 2350 quo
1090 2265 1180 2330 mille
1231 2265 1421 2331 rabularum
1442 2265 1561 2331 scholis
1582 2271 1699 2330 nactus
1720 2272 1778 2330 est
1822 2264 1891 2330 Nos
1912 2285 1990 2329 vero
2012 2262 2142 2345 quando
2159 2261 2210 2328 vi·

203 2370 308 2414 annos
330 2351 434 2414 instar
455 2348 520 2414 dici
540 2351 639 2415 unius
660 2359 797 2434 reputet.
1232 2351 1347 2418 demus
1368 2373 1435 2416 non
1462 2351 1624 2436 ambiguis
1644 2351 1710 2416 Dci
1731 2349 1871 2415 oraculis
1898 2350 2003 2414 iuberi
2024 2354 2211 2431 peccatores

287 2434 429 2518 Propter
456 2435 542 2502 hanc
571 2443 641 2501 tum
662 2437 931 2503 coniunctionem
946 2445 1016 2502 tum
1038 2438 1179 2503 affinita-
1212 2446 1324 2521 *spem
1351 2439 1465 2503 salutis
1495 2439 1680 2520 concipere,
1710 2436 1849 2502 libenter
1870 2441 2001 2500 tautum
2020 2454 2210 2516 praesuma·

202 2530 269 2586 tem
291 2522 456 2604 scriptura
484 2521 650 2587 interdum
677 2522 754 2587 fidei
775 2531 810 2588 et
834 2525 904 2606 spei
924 2523 1083 2590 vocabula
1104 2543 1180 2589 con·
1231 2545 1305 2588 mus
1334 2524 1374 2590 de
1401 2525 1539 2589 veritato
1562 2524 1643 2601 Dei,
1666 2529 1704 2586 ut
1732 2522 1801 2586 sola
1822 2521 1959 2586 Domini
1986 2517 2209 2585 misericordia

202 2605 319 2675 fundit.
364 2607 452 2672 Nam
480 2630 582 2690 quum
603 2608 725 2674 Petrus
751 2609 844 2674 docet
866 2609 897 2694 (l
919 2611 980 2692 Ep.
1004 2613 1030 2686 1,
1051 2608 1085 2693 5)
1113 2609 1177 2675 vir·
1231 2611 1315 2687 freti,
1329 2611 1455 2676 abiecta
1472 2631 1610 2693 operum
1625 2608 1851 2686 fiducia,bone
1868 2627 1999 2688 sperare
2020 2604 2207 2670 audeamus.

1034 2989 1278 2998 -Q--fl-—na-
1293 2990 1297 2995 .
1310 2990 1318 2995 .
1349 2991 1409 2997 ..-0-

947 3330 1152 3419 OAPU'P
1183 3328 1458 3419 NONUM.²)
1499 3315 1507 3336 ’

906 3535 1000 3631 aa
1027 3535 1496 3635 unumunurm.

287 3724 313 3783 1.
360 3719 537 3785 Proximus
567 3742 588 3784 a
608 3720 673 3785 fide
701 3724 738 3785 in
764 3723 998 3805 poenitentiam
1020 3726 1179 3790 transitus
1231 3724 1297 3789 lem
1325 3723 1473 3789 ordinem
1501 3730 1657 3806 sequutus
1684 3730 1735 3788 est
1762 3722 1903 3800 Paulus,
1936 3721 2210 3802 quemadmodum

199 3826 269 3869 esse
298 3805 409 3883 debet,
438 3827 521 3888 quoe
548 3826 614 3871 non
637 3806 736 3872 fidem
763 3810 869 3892 ipsam
890 3811 1045 3875 mutinuo
1067 3812 1178 3876 subse-
1232 3810 1342 3876 Lucas
1363 3809 1463 3874 refert
1484 3810 1571 3895 (Act
1593 3813 1643 3889 20,
1663 3808 1729 3894 21).
1778 3809 1880 3892 Atqui
1909 3806 1988 3871 dum
2008 3809 2045 3871 in
2067 3807 2209 3893 syllaba·

199 3892 310 3974 quitur
327 3899 466 3970 tantum,
485 3892 542 3962 sed
561 3892 638 3957 inde
656 3895 755 3958 etiam
772 3896 926 3960 nascitur.
960 3895 1072 3976 Quum
1090 3897 1179 3961 enim
1231 3918 1305 3960 rum
1326 3902 1482 3961 contextu
1504 3895 1726 3978 superstitiose
1748 3895 1895 3973 haerent,
1917 3913 1984 3958 non
2002 3893 2209 3961 animadver-

199 3978 297 4042 venia
318 3985 352 4041 et
373 3979 520 4043 remissio
543 4000 604 4062 per
625 3980 787 4063 evangelii
808 3980 1084 4064 praedicationem
1105 3981 1178 4048 ideo
1230 3989 1306 4047 trmt
1328 4002 1392 4064 quo
1409 4003 1509 4046 sensu
1528 3983 1616 4046 inter
1633 4003 1668 4047 se
1685 3982 1787 4047 verba
1803 3981 1862 4045 illa
1881 3980 2086 4046 cohaereant.
2121 3981 2209 4046 Nam

198 4064 360 4144 peccatori
387 4064 559 4143 offeratur,
588 4072 626 4129 ut
658 4087 678 4129 a
706 4067 827 4132 misera
853 4069 978 4150 peccati
1004 4076 1038 4133 et
1063 4069 1178 4133 mortis
1231 4067 1310 4132 dum
1330 4069 1367 4131 in
1390 4068 1478 4133 hunc
1492 4067 1639 4132 modum
1660 4068 1895 4133 concionantur
1917 4064 2071 4132 (lhriotus
2092 4067 2212 4132 Domi·

199 4148 355 4212 servitute
384 4149 541 4215 liberatus
574 4150 767 4217 traducatur
788 4154 824 4216 in
850 4175 990 4237 regnum
1012 4155 1091 4233 Dei,
1113 4152 1179 4219 lide
1229 4175 1293 4218 nus
1326 4160 1360 4217 et
1385 4154 1541 4219 loannes:
1569 4154 1805 4237 poenitentiam
1833 4153 1936 4238 agite,
1968 4154 2210 4236 appropinqua·

199 4233 361 4316 evangelii
391 4237 530 4318 grabam
560 4258 656 4301 nemo
689 4237 842 4320 amplecti
875 4247 998 4322 potest,
1031 4241 1109 4322 quin
1136 4261 1178 4305 ex
1229 4241 1279 4305 vit
1300 4241 1388 4304 enim
1409 4260 1549 4323 regnum
1570 4240 1748 4320 coelorum,
1772 4259 1882 4304 annon
1903 4238 2112 4323 resipiscendi
2131 4259 2208 4304 cau·

199 4338 310 4383 errore
336 4320 423 4384 vitae
449 4323 567 4404 prioris
594 4323 630 4386 in
656 4330 779 4388 rectam
800 4326 890 4389 riam
912 4347 947 4390 se
975 4327 1125 4409 recipiat,
1146 4333 1180 4390 et
1230 4328 1301 4390 sani
1328 4326 1369 4390 ab
1397 4326 1470 4408 ipsa
1496 4327 1603 4409 matie
1624 4332 1658 4391 et
1684 4325 1799 4391 salutis
1826 4326 2039 4409 promissione
2061 4321 2207 4388 ducunt?

200 4411 307 4468 tetrum
327 4426 424 4470 suum
446 4406 591 4472 studium
613 4408 655 4473 ad
687 4410 907 4491 poenitentiae
933 4410 1198 4476 meditationem
1229 4410 1373 4476 Perinde
1401 4432 1479 4495 ergo
1504 4411 1617 4477 valent
1646 4433 1759 4477 eorum
1787 4413 1902 4492 verba,
1931 4433 1969 4478 ac
1998 4413 2024 4475 si
2048 4408 2207 4474 dicerent:

199 4490 348 4572 applicet.
394 4490 523 4572 Quibus
545 4500 655 4559 autem
677 4494 810 4560 videtur
830 4495 931 4561 fidem
955 4499 1063 4579 potius
1084 4518 1178 4580 prae·
1230 4499 1384 4579 quoniam
1405 4499 1679 4581 appropinquavit
1699 4519 1840 4583 regnum
1861 4497 2038 4573 coelorum,
2060 4494 2133 4559 ideo
2156 4516 2208 4560 re·

200 4574 314 4641 cedere
341 4579 555 4658 poenitentia,
583 4600 682 4662 quam
709 4581 750 4645 ab
779 4582 850 4663 ipsa
872 4603 1053 4667 emergere,
1082 4582 1178 4648 iini·
1230 4584 1382 4666 sipiscite.
1416 4584 1503 4648 Nam
1520 4584 1720 4665 Matthaeus,
1743 4585 1799 4650 ubi
1817 4584 1863 4649 sic
1884 4583 2089 4666 praedicasse
2109 4582 2207 4646 Ioan-

199 4662 303 4726 mium
324 4662 390 4727 levi
413 4672 607 4748 argumento
630 4666 672 4731 ad
698 4666 733 4730 id
759 4667 967 4732 sentiendum
993 4675 1177 4734 moventur.
1231 4691 1308 4733 nem
1329 4670 1493 4749 narrarit,
1520 4669 1691 4753 impletum
1712 4672 1748 4735 in
1770 4672 1840 4752 ipso
1859 4670 1959 4734 fuisse
1976 4667 2102 4733 Iesaiae
2123 4666 2208 4732 vati·

200 4746 368 4828 Christus,
396 4751 573 4832 inquiunt,
596 4758 630 4815 et
656 4752 798 4818 Ioannes
824 4754 860 4817 in
882 4754 950 4818 suis
972 4755 1179 4821 concionibus
1231 4755 1355 4820 ciuium
1376 4755 1470 4822 docet
1498 4754 1633 4839 (Matth.
1654 4761 1688 4836 3,
1709 4760 1737 4820 3.
1766 4757 1829 4821 Ies.
1848 4761 1906 4834 40,
1926 4753 1978 4839 3),
2009 4753 2049 4817 de
2072 4774 2150 4819 voce
2171 4753 2208 4818 iu

198 4834 355 4929 populum
383 4835 425 4900 ad
451 4837 707 4919 resipiscentiam
733 4840 878 4920 primum
904 4840 1093 4921 hortantur;
1123 4840 1179 4905 de·
1231 4841 1358 4906 deserto
1377 4841 1553 4906 clamante:
1577 4849 1690 4925 parate
1707 4844 1795 4906 viam
1813 4841 1957 4918 Domini,
1980 4846 2088 4904 rectas
2109 4839 2208 4905 facite

199 4917 274 4981 mdo
315 4942 454 5003 regnum
487 4922 650 4987 coelorum
684 4926 961 5009 appropinquasse
994 4927 1177 4992 subiiciunt.
1230 4928 1363 4993 semitae
1389 4927 1453 4992 Dei
1485 4929 1597 4993 nostri.
1646 4928 1774 4991 Verum
1807 4926 1894 5009 apud
1929 4925 2125 5009 prophetam
2149 4923 2208 4989 illa

199 5002 279 5068 rue
307 5006 520 5086 praedicandi
547 5009 740 5075 mandatum
767 5012 932 5094 accipiunt
951 5012 1101 5095 apostoli;
1129 5019 1179 5078 ta-
1230 5034 1297 5079 vox
1317 5013 1450 5077 iubetur
1471 5034 1491 5078 a
1512 5013 1739 5090 consolatione,
1759 5033 1779 5076 a
1799 5013 1885 5077 lacto
1904 5013 2019 5077 nuntio
2040 5011 2205 5076 inchoare.

1230 5101 1345 5183 Neque
1372 5103 1482 5164 tamen
1513 5120 1613 5182 quum
1642 5099 1893 5181 resipiscentiae,
1922 5098 2082 5181 originem
2105 5096 2147 5161 ad
2167 5096 2206 5160 fi-

1232 5184 1306 5251 dem
1324 5184 1520 5263 referimus,
1555 5184 1697 5267 spatium
1724 5184 1853 5267 aliquod
1881 5183 2037 5267 temporis
2065 5182 2207 5248 somnia·
2268 5261 2284 5270 -

270 5276 301 5346 1)
318 5280 377 5332 Lib.
395 5279 421 5334 ³.
439 5287 555 5335 sentent.
573 5283 635 5337 diat.
653 5283 696 5338 26.
783 5285 816 5355 2)
832 5285 909 5340 Edit.
927 5303 952 5341 a.
973 5285 1041 5340 lata
1061 5287 1126 5356 cop.
1149 5288 1180 5343 V.
1231 5293 1321 5353 mus,
1350 5291 1414 5353 quo
1441 5272 1548 5354 ipsam
1568 5270 1743 5353 partmiat3
1773 5269 1831 5336 sed
1852 5269 2023 5336 ostendere
2044 5268 2205 5346 volumus,
