4770 6030
998 448 1362 517 PROLEGOMENA.
2076 452 2177 517 XLV

178 663 251 707 esse
275 640 497 725 Schultingio,
527 643 582 724 qui
603 643 712 708 minus
739 642 1013 726 bibliographicae
1039 639 1179 729 ἀκριβείᾳ
1200 639 1352 704 studebat
1372 659 1470 722 quam
1491 639 1648 721 polemico
1670 640 1785 704 ardore
1811 648 1917 706 motus
1939 642 2059 707 librum
2081 664 2177 708 suum

177 753 290 818 edidit.
335 751 424 833 Quid
449 752 534 834 quod
561 755 630 837 ipse
652 753 797 819 Davides
819 752 983 831 Clement,
1011 752 1062 817 vir
1083 750 1225 834 alioquin
1248 753 1490 834 sagacissimus,
1520 772 1620 834 quum
1642 752 1677 814 in
1699 751 1839 816 editione
1857 753 2076 820 Institutionis
2098 754 2175 819 anni

180 869 267 929 1550
297 864 442 929 5111155
470 865 597 929 videret
624 864 868 930 Cateehismum
895 885 970 929 eum
997 863 1231 944 subscriptione
1259 884 1286 928 a.
1317 864 1347 927 d.
1371 863 1430 926 IV.
1453 861 1522 927 (lul.
1551 863 1630 928 Dee.
1657 868 1738 927 1545
1767 864 1859 942 1515,
1890 865 1951 929 hac
1974 863 2175 950 Schultingii

178 977 375 1041 sententiam
397 977 584 1040 confirmari
607 977 668 1041 sibi
688 975 870 1058 persuadet,
893 975 985 1057 quasi
1006 974 1136 1039 libellus
1158 975 1219 1038 iste
1242 975 1417 1057 separatim
1437 974 1583 1058 evulgari
1604 995 1670 1039 non
1692 976 1856 1058 potuisset.

332 1087 384 1150 IV
386 1137 392 1150 .
437 1086 623 1151 Editionem
645 1108 862 1170 genevensem
884 1086 1020 1150 alteram
1042 1085 1186 1150 eiusdem
1209 1087 1286 1149 anni
1313 1085 1369 1149 sed
1392 1086 1526 1150 minoris
1547 1086 1671 1150 formae
1698 1087 1873 1151 abeodem
1896 1086 2104 1169 Schultingio
2124 1088 2176 1152 in·

178 1197 307 1263 troduei
333 1199 399 1262 iam
427 1197 577 1262 diximus.
629 1199 681 1263 De
709 1220 773 1281 qua
800 1206 831 1261 te
859 1199 957 1262 etiam
984 1198 1093 1261 minus
1120 1197 1335 1274 morabimur,
1363 1218 1464 1278 quum
1491 1196 1531 1262 de
1553 1197 1760 1263 Oateehismo
1782 1199 1835 1281 agi
1863 1199 1945 1263 51155
1967 1198 2101 1262 151155
2123 1199 2174 1264 sit

176 1309 281 1374 Nobis
308 1329 433 1391 quoque
460 1330 564 1391 nuper
591 1331 690 1391 quum
713 1311 852 1374 nuncius
874 1307 992 1374 allatus
1018 1309 1130 1386 fuerit,
1157 1309 1191 1371 in
1212 1307 1407 1373 bibliotheca
1429 1310 1520 1392 regia
1541 1308 1721 1389 dresdensi,
1750 1316 1831 1374 teste
1853 1309 1996 1375 eiusdem
2019 1309 2174 1393 catalogo,

181 1429 312 1486 exstare
334 1419 501 1501 exemplar
524 1421 740 1486 Institutionis
763 1441 945 1504 genevense
967 1440 1052 1484 anno
1078 1423 1158 1481 1545
1181 1419 1215 1482 15
1237 1421 1360 1484 5515515
1381 1441 1551 1498 excusum,
1575 1423 1725 1485 examine
1753 1421 1837 1487 fecto
1866 1443 1926 1504 per
1955 1421 2175 1486 doctissimum

178 1533 319 1597 amioum
343 1531 525 1596 Henrieum
548 1531 707 1609 Graiium,
730 1533 838 1614 ipsum
859 1553 929 1596 esse
949 1550 1140 1612 merumque
1162 1529 1406 1595 catechismum
1426 1532 1623 1597 rescivimus.
1674 1533 1764 1616 Ergo
1787 1532 1946 1597 haetenus
1968 1539 2001 1596 et
2023 1530 2176 1626 Olement

176 1651 211 1708 et
232 1643 350 1727 Henry
372 1642 563 1726 corrigendi.

333 1751 427 1834 Quod
460 1761 569 1819 autern
598 1774 677 1836 prae
703 1753 839 1820 caeteris
867 1773 925 1816 nos
952 1760 1062 1818 movet
1088 1760 1126 1817 ut
1146 1760 1318 1838 utramque
1339 1754 1425 1820 hanc
1454 1776 1669 1838 genevensem
1691 1754 1866 1820 editionem
1887 1756 2031 1837 spuriam
2053 1754 2173 1819 habea·

176 1887 260 1944 mus,
281 1866 346 1929 imo
368 1864 453 1948 quod
474 1885 544 1930 rem
564 1866 694 1929 omnino
716 1867 874 1931 conficere
894 1863 1039 1944 videtur,
1063 1867 1124 1931 hoc
1146 1873 1203 1930 est.
1248 1865 1358 1930 Editio
1386 1868 1578 1949 genevensis
1599 1867 1764 1949 proxima,
1794 1867 1886 1932 nobis
1907 1868 2028 1949 prima,
2056 1883 2174 1948 nempe

176 1975 364 2042 Gerardina
387 1977 465 2041 anni
491 1979 589 2055 1550,
611 1976 769 2059 plurimas
790 1977 890 2041 refert
911 1977 1063 2041 lectiones
1085 1999 1126 2042 ex
1147 1977 1417 2061 Argentoratensi
1437 1979 1534 2042 tertia
1555 1979 1724 2062 repetitas,
1747 1998 1845 2060 quam
1867 1975 2024 2042 Calvinus
2049 1984 2174 2042 retrac-

175 2096 263 2154 tasse
284 2088 450 2170 putandus
476 2095 527 2153 551
552 2108 653 2169 quum
673 2108 792 2152 novam
813 2087 904 2151 illam
930 2094 1068 2171 pararet.
1113 2086 1212 2169 Quod
1236 2089 1377 2173 profecto
1399 2109 1466 2153 non
1491 2090 1619 2155 fecisset
1640 2092 1669 2154 si
1695 2109 1913 2174 genevensem
1934 2088 2076 2170 aliquem
2087 2109 2172 2171 pro·

174 2201 311 2283 piorem,
334 2200 502 2283 magisque
524 2200 577 2264 vel
599 2200 693 2264 55155
715 2200 892 2283 genuinam
914 2200 1089 2278 habuisset,
1111 2201 1258 2265 1555155
1280 2207 1382 2278 textu,
1405 2200 1589 2283 posthabito
1611 2201 1666 2265 1115
1687 2209 1842 2266 extraneo
1863 2207 1897 2264 et
1917 2207 2074 2283 suspecto,
2098 2200 2174 2265 sub-

176 2313 292 2377 sistere
316 2309 461 2376 debebat.
506 2309 600 2375 Idem
622 2312 709 2376 elare
731 2310 845 2376 suadet
867 2312 1020 2397 anonymi
1041 2311 1199 2394 praefatio
1219 2309 1378 2377 indicibus
1404 2311 1555 2377 editionis
1577 2313 1655 2377 anni
1679 2317 1761 2376 1556
1783 2313 1976 2394 praemissa,
1999 2333 2096 2393 quam
2119 2332 2173 2376 su·

175 2444 237 2506 pra
257 2424 420 2506 integram
442 2423 733 2503 transscripsimus.

331 2534 372 2597 V.
416 2534 566 2615 Denique
588 2532 727 2597 eundem
748 2531 991 2618 Schultingium
1013 2555 1150 2616 eumque
1172 2534 1292 2612 solum,
1315 2534 1445 2599 nemine
1468 2534 1701 2618 adstipulante,
1724 2535 1856 2599 tertiam
1877 2534 2052 2599 editionem
2074 2554 2172 2618 gene·

176 2665 312 2709 vensem
334 2646 477 2723 finxisse,
502 2665 587 2708 anno
613 2649 693 2708 1559
716 2645 923 2711 tribuendam
949 2646 1054 2710 forma
1080 2647 1293 2721 octonariam,
1321 2647 1383 2713 hoc
1411 2667 1536 2730 quoque
1564 2667 1663 2728 supra
1690 2647 1794 2712 obiter
1818 2646 1941 2711 115155
1967 2653 2024 2709 551.
2070 2644 2171 2710 Cuius

175 2757 255 2820 anni
283 2776 379 2840 nemo
406 2777 550 2838 unquam
580 2755 678 2821 aliam
706 2757 789 2821 vidit
813 2763 944 2840 praeter
970 2757 1062 2823 illam
1087 2779 1242 2841 magnam
1269 2764 1302 2823 et
1326 2759 1528 2842 praeclaram
1549 2757 1798 2839 stephanianam
1824 2756 1927 2821 fusius
1949 2777 1969 2819 a
1996 2756 2170 2820 55115555

173 2867 245 2933 loco
272 2867 483 2946 illustratam;
516 2868 616 2951 igitur
648 2869 807 2933 minorem
833 2868 920 2934 hanc
951 2869 1059 2934 neseio
1088 2869 1138 2934 cui
1165 2869 1412 2935 hallucinationi
1439 2891 1535 2935 5555
1563 2889 1681 2934 55555
1713 2878 1746 2932 51
1774 2868 1930 2931 honorem
1962 2866 2078 2931 debere
2111 2886 2170 2948 pro

174 2987 264 3045 certo
286 2980 453 3044 habemus.

328 3090 389 3154 VI.
435 3087 593 3172 Superest
613 3112 681 3155 una
702 3096 797 3174 atquc
818 3092 852 3154 in
875 3092 936 3157 hac
959 3092 1041 3156 serie
1064 3091 1292 3169 recentissima,
1316 3093 1355 3156 de
1378 3106 1443 3175 qua
1459 3115 1517 3158 555
1540 3091 1739 3176 aliquamdiu
1757 3090 1870 3155 dubios
1887 3088 2040 3164 haesisse,
2059 3107 2168 3152 annon

174 3203 325 3286 genuinis
353 3209 386 3266 et
413 3202 520 3267 adhue
548 3201 736 3267 desideratis
764 3224 1005 3282 accenseamus,
1039 3202 1176 3269 candide
1201 3203 1384 3269 fatebimur.
1435 3204 1528 3285 Quae
1555 3204 1750 3270 adscribitur
1778 3222 1864 3266 anno
1894 3203 1986 3263 1562.
2036 3200 2169 3292 Primus

69 3302 79 3311 ⁶
173 3313 230 3397 qui
252 3314 321 3378 5155
342 3315 541 3379 mentionem
564 3314 640 3379 15511
659 3320 709 3379 551
730 3313 817 3380 Olar.
840 3314 1019 3381 Gerdesius
1040 3316 1096 3397 qui
1117 3315 1152 3378 in
1173 3335 1233 3378 555
1254 3314 1478 3380 dissertatione
1499 3317 1627 3399 saepius
1649 3315 1782 3380 laudata
1803 3314 1884 3398 haec
1904 3310 2005 3375 habet
2025 3334 2055 3394 p.
2080 3314 2167 3375 461.;

176 3424 311 3488 Primus
330 3427 384 3506 qai
406 3445 443 3489 er
467 3423 591 3489 Caluini
612 3424 737 3488 55555115
758 3424 838 3489 barse
855 3425 968 3489 libram
989 3425 1085 3490 edidit
1105 3429 1149 3489 551
1170 3425 1370 3510 Augustinus
1392 3426 1599 3506 Marioratas,
1629 3426 1752 3492 55151115
1774 3425 1825 3488 ille
1846 3445 1883 3487 55
1907 3422 2105 3504 1511555515
2126 3441 2170 3484 ee-

171 3536 284 3601 clesiae
303 3536 487 3617 reformatae
507 3536 609 3601 docta
630 3542 719 3618 arque
738 3537 824 3618 apud
846 3536 1081 3621 Rotomaqatms
1101 3542 1226 3618 poster,
1255 3539 1310 3619 qai
1325 3543 1398 3619 post
1419 3537 1590 3604 5155151555
1618 3539 1669 3603 cai
1696 3537 1877 3617 interfuerat
1899 3533 2080 3613 5511555155
2096 3551 2169 3612 pos-
2252 3561 2254 3567 .

171 3648 333 3712 5555555
353 3648 421 3728 ipso
443 3667 524 3712 5555
545 3647 706 3712 mortuui
731 3652 823 3712 1562
843 3650 970 3714 eaodem
995 3670 1060 3713 555
1082 3668 1152 3713 eum
1178 3649 1279 3713 indice
1300 3648 1449 3714 libramen
1470 3667 1535 3736 [sie]
1566 3650 1744 3715 aalma
1765 3647 1894 3728 prodire
1920 3646 2028 3723 155511,
2058 3643 2168 3708 addita

171 3779 290 3841 quoque
306 3759 502 3841 praefatione
518 3779 596 3839 qaae
616 3760 725 3824 151515
742 3780 823 3824 aona
843 3764 935 3824 1568
955 3762 1082 3841 repetita
1102 3765 1154 3824 est.
1199 3758 1308 3841 Quam
1329 3759 1480 3826 Gordesii
1500 3763 1649 3826 notitiam
1670 3765 1783 3842 postea
1804 3755 2004 3822 confidenter
2026 3755 2168 3837 descrip-

171 3878 288 3936 senmt
309 3871 437 3949 caeteri,
462 3878 557 3952 atquc
580 3866 664 3936 5155Ι
687 3873 756 3954 ipse
779 3870 929 3936 Clement
949 3872 970 3935 l.
993 3871 1014 3935 l.
1036 3892 1067 3954 p.
1087 3874 1137 3935 82.
1161 3879 1194 3935 et
1214 3871 1333 3955 Henry
1357 3893 1387 3954 p.
1411 3876 1496 3952 180.;
1529 3874 1584 3954 qui
1612 3880 1722 3935 tamen
1749 3870 1869 3934 librum
1896 3869 1995 3932 istum
2017 3887 2083 3930 non
2104 3866 2168 3931 nisi

171 4004 215 4047 ex
237 3982 395 4047 Gardesio
416 4003 450 4047 se
473 4003 567 4047 nosse
588 3983 722 4046 minime
743 3989 858 4048 tacent.
898 3982 945 4046 Et
964 4005 1024 4047 nos
1045 4003 1170 4065 quoque
1191 3984 1335 4064 primum
1354 4004 1467 4048 eorum
1486 3985 1681 4048 sententiam
1703 3980 1846 4063 amplexi
1867 4000 1989 4056 sumus,
2013 3999 2080 4042 non
2097 3978 2167 4060 qui·

171 4093 248 4158 dem
269 4095 414 4157 virorum
436 4092 605 4159 doctorum
627 4096 827 4178 argumentis
847 4096 936 4173 moti,
959 4116 1041 4177 quae
1063 4095 1194 4159 omnino
1215 4094 1308 4158 nulla
1329 4101 1414 4173 sunt,
1437 4092 1494 4160 sed
1515 4094 1623 4177 aliqua
1643 4093 1791 4159 veritatis
1813 4092 1918 4174 specie
1940 4089 2066 4172 decepti
2085 4109 2168 4172 quae

84 4203 98 4221 “
170 4203 311 4269 fortasse
331 4205 385 4268 vel
407 4206 566 4270 cautiores
587 4205 699 4270 fallere
721 4214 837 4288 posset.
881 4205 989 4270 Hodie
1010 4213 1120 4271 tamen
1142 4207 1239 4271 istam
1260 4205 1433 4272 editionem
1461 4207 1586 4272 nullam
1607 4207 1706 4271 fuisse
1727 4205 1863 4269 minime
1885 4201 2087 4278 dubitamus,
2109 4197 2166 4264 sed
2217 4217 2221 4221 ·

172 4315 232 4381 5511
255 4316 370 4399 belgici
392 4317 558 4400 scriptoris
580 4317 782 4396 oscitantiae,
812 4319 878 4396 vel,
906 4339 948 4382 ne
970 4316 1047 4398 quid
1068 4317 1181 4383 durius
1204 4317 1310 4383 dicere
1331 4317 1516 4398 videamur,
1545 4319 1665 4383 nimiae
1687 4315 1885 4382 festinationi
1913 4312 2037 4390 deberi;
2065 4319 2097 4375 et
2118 4316 2165 4387 tu,

171 4428 328 4493 benevole
347 4428 457 4506 lector,
479 4428 542 4492 nisi
565 4427 642 4509 quid
664 4429 784 4493 rectius
806 4450 893 4493 nens
916 4429 1008 4494 nobis
1030 4428 1167 4494 candide
1187 4431 1449 4513 impertiendum,
1472 4431 1524 4497 his
1546 4428 1847 4496 nobiseum-utaris.

327 4539 406 4602 Fuit
427 4540 632 4623 Augustinus
653 4540 852 4605 Marloratus
875 4541 992 4606 Gallus
1016 4542 1065 4605 vir
1084 4543 1170 4605 inter
1192 4563 1266 4607 suos
1287 4564 1354 4607 non
1375 4542 1545 4636 mediocris
1566 4543 1681 4620 famae,
1703 4550 1737 4604 et
1757 4538 1843 4603 tristi
1864 4538 1931 4601 fate
1947 4535 2034 4597 inter
2055 4531 2166 4597 civiles

172 4648 332 4714 tumultus
354 4650 521 4733 religionis
543 4671 641 4716 55555
663 4657 791 4716 exortos
812 4659 969 4736 vergente
987 4673 1073 4716 anno
1098 4656 1177 4716 1562
1201 4655 1376 4739 Rotomagi
1397 4655 1595 4736 absumptus.
1630 4654 1665 4718 Is
1686 4651 1798 4734 paucis
1821 4655 1898 4714 ante
1919 4650 2057 4709 mortem
2073 4663 2167 4706 men·

171 4761 262 4827 51155
284 4760 364 4826 1555
384 4782 485 4827 novos
507 4761 630 4827 indices
650 4764 685 4826 in
707 4761 910 4827 commodum
931 4763 1089 4828 lectorum
1106 4763 1324 4831 Institutionie
1343 4767 1545 4832 calvinianae
1562 4765 1708 4842 confecit,
1732 4762 1871 4826 alterum
1894 4758 2038 4822 locorum
2062 4755 2165 4837 scrip·

171 4861 266 4937 turae
288 4893 407 4951 sacrae,
430 4873 569 4937 alterum
590 4895 702 4938 rerum
723 4881 756 4939 et
776 4875 995 4938 materiarum.
1041 4872 1147 4957 Quos,
1176 4878 1240 4942 nisi
1262 4879 1371 4943 omnia
1390 4899 1450 4942 nos
1471 4877 1605 4955 fallunt,
1634 4875 1749 4960 gallice
1771 4870 1974 4953 conseripsit,
1997 4868 2050 4934 vel
2072 4887 2164 4948 sepa·

172 4984 271 5048 ratim
293 4983 449 5064 edendos,
478 4985 530 5050 vel
559 4985 692 5051 editioni
715 4985 850 5070 gallicae
882 4986 1101 5052 Institutionis
1130 5008 1168 5052 eo
1194 4990 1264 5071 ipse
1293 5010 1378 5054 anno
1405 4991 1440 5053 in
1467 4990 1597 5054 officina
1623 4985 1732 5051 Iacchi
1759 4982 1939 5065 Bourgeois
1962 4978 2167 5045 Genevcnsie

171 5104 383 5177 praeparatae
404 5096 593 5180 iungendos,
617 5099 652 5162 15
674 5119 738 5180 qua
759 5096 890 5182 quidem
910 5098 1053 5181 primum
1075 5108 1240 5181 apparent.
1285 5101 1420 5168 Habent
1441 5102 1489 5165 illi
1515 5099 1638 5164 indices
1660 5095 1856 5180 peculiarem
1878 5090 2049 5159 Marlorati
2071 5109 2166 5172 prae-

172 5206 340 5283 fationem,
364 5208 484 5290 absque
505 5209 569 5275 loci
590 5200 669 5275 nota
690 5207 845 5275 Calendis
865 5208 964 5274 Maiis
987 5229 1015 5274 a
1039 5212 1120 5272 1562
1143 5210 1254 5276 15155
1275 5233 1358 5294 quae
1379 5220 1491 5297 postea
1512 5232 1588 5278 oum
1608 5209 1687 5292 ipsis
1708 5204 1868 5271 indicibus
1888 5203 2037 5287 pluribus
2053 5221 2166 5266 recen·

171 5317 309 5383 tioribus
331 5319 571 5402 exemplaribus
592 5341 699 5387 comes
722 5319 833 5386 addita
853 5328 911 5409 est
950 5319 1017 5387 Ubi
1037 5321 1124 5386 inter
1145 5321 1311 5391 51151555
1332 5324 1483 5410 legimus:
1506 5321 1558 5386 De
1577 5319 1709 5385 5411111515
1729 5336 1824 5399 55551
1844 5337 1883 5381 ee
1905 5315 1958 5380 hot
1978 5334 2044 5380 meo
2064 5311 2167 5378 labore
