4770 6030
207 349 270 411 666
469 356 473 363 ·
782 329 1633 408 61666661611116666166.116-1664.
2146 349 2210 410 ass

1554 473 1561 484 ι
1840 454 2209 525 ΑΜΜΜΜ

205 535 283 600 dum
304 537 355 610 est,
377 530 570 606 6161666166
591 535 650 595 esf:
672 534 706 593 61
728 530 792 594 sac
811 530 905 594 cordo
926 534 1032 594 costra
1054 530 1183 611 66116616
1322 534 1351 592 4.
1395 528 1571 611 Arripiunt
1592 528 1706 606 subito,
1729 442 1841 609 fasci,
1863 498 2156 613 11161661116611666
2173 536 2212 599 in

207 640 315 684 aarum
336 637 540 696 rerumquae
561 615 776 697 cupercmodo
796 635 857 681 666
869 635 1050 699 possumus.
1096 616 1183 696 Quod
1235 616 1539 702 praedestinationis
1565 615 1703 679 materia
1725 615 1810 696 quod
1832 617 1885 680 vel
1907 624 2058 699 carpant,
2081 619 2210 686 16166

206 705 313 770 sinos
329 703 459 766 altimus
480 702 548 766 dics
562 703 756 783 proficientes
778 701 942 781 1666116611,
964 702 1010 765 ibi
1030 701 1183 765 discemus
1235 705 1406 780 villentur,
1434 700 1487 766 vel
1510 700 1678 778 allatrent,
1701 700 1755 766 vel
1777 702 1986 767 subsannent.
2032 703 2079 767 At
2100 706 2129 769 si
2148 728 2210 771 666

206 790 288 873 qaod
308 789 358 852 hic
378 809 438 853 666
454 788 624 870 potuimus.
668 789 761 854 Haec
784 788 936 872 cogitatio
964 789 991 852 si
1013 787 1101 869 apud
1122 808 1182 852 nos
1235 791 1395 856 absterret
1406 786 1431 872 ¹)
1465 808 1577 852 eorum
1604 787 1797 868 procacitas,
1827 787 1964 853 celanda
1990 795 2087 853 erunt
2115 812 2210 873 prae-

180 877 323 964 ‚valeat
346 875 483 942 verbum
504 874 640 938 Domini
661 874 793 940 unicam
815 896 885 939 esse
906 874 1011 952 viam,
1034 894 1118 955 quae
1140 873 1182 938 ad
1235 878 1330 958 cipua
1358 894 1502 958 quaeque
1529 872 1606 936 fidei
1634 870 1800 955 dogmata,
1830 895 1969 956 quorum
1991 875 2059 939 fere
2080 876 2211 941 nullum

205 960 471 1044 investigandum
503 960 661 1042 quidquid
693 960 734 1024 de
762 981 798 1024 eo
828 962 933 1025 teneri
959 960 1009 1025 fas
1041 968 1091 1024 est
1122 981 1182 1024 nos
1235 961 1479 1043 ablasphemia
1504 958 1699 1023 inviolatum
1720 965 1779 1022 aut
1804 961 1882 1042 ipsi,
1906 968 1963 1024 aut
1984 981 2097 1024 eorum
2118 963 2210 1027 simi-

206 1048 359 1125 deducat;
392 1046 527 1110 unicum
554 1067 624 1111 6666
651 1046 777 1123 161666,
808 1046 894 1129 quod
917 1044 958 1110 ad
984 1047 1182 1128 perspicien-
1234 1049 1282 1113 les
1305 1047 1501 1128 relinquunt
1546 1044 1788 1109 Refractarium
1815 1047 1984 1129 ingenium
2012 1069 2078 1110 non
2100 1048 2210 1114 minus

206 1134 285 1200 dum
306 1131 465 1216 quidquid
486 1131 527 1196 de
556 1133 627 1215 ipso
656 1132 797 1214 conspici
819 1139 946 1214 oportet
966 1134 1060 1197 nobis
1087 1153 1182 1214 prae·
1234 1134 1411 1199 insolenter
1423 1152 1458 1196 66
1470 1131 1591 1209 efferet,
1603 1151 1704 1212 quum
1716 1130 1856 1195 audierit
1867 1138 1934 1197 tres
1947 1133 2054 1196 inDei
2068 1136 2210 1199 essentia
2241 1150 2242 1155 ’

206 1222 329 1287 luceat:
360 1217 454 1283 facile
483 1240 542 1282 nos
568 1219 608 1283 ab
636 1219 726 1281 omni
753 1219 936 1283 temeritate
964 1219 1117 1283 retinebit
1145 1239 1182 1283 66
1235 1220 1367 1285 subesse
1383 1238 1552 1300 personas,
1577 1237 1676 1298 quam
1693 1215 1721 1280 si
1747 1216 1858 1282 audiat
1875 1219 1985 1282 Deum
2008 1219 2209 1301 praevidisse

206 1305 377 1375 cohibebit
427 1302 576 1369 Solemus
605 1305 693 1368 enim
720 1304 777 1368 ubi
808 1305 953 1386 primum
981 1305 1073 1369 verbi
1099 1305 1182 1369 fines
1234 1305 1313 1389 quid
1335 1304 1374 1368 de
1397 1303 1528 1367 homine
1555 1302 1702 1366 futurum
1724 1309 1810 1367 esset
1839 1325 1940 1386 quum
1962 1312 2108 1369 crearet„
2140 1306 2210 1371 Nec

207 1391 455 1468 excesserimus,
485 1390 578 1455 nobis
606 1399 700 1453 extra
725 1390 814 1455 viam
836 1391 924 1454 6116
945 1391 1089 1455 tenebris
1112 1410 1182 1454 6666
1235 1391 1444 1457 abstinebunt
1465 1410 1485 1452 a
1507 1387 1687 1466 cachinnis,
1709 1409 1809 1470 quum
1830 1390 2054 1454 intellexerint
2074 1391 2211 1473 paulum

207 1499 355 1554 cursum,
383 1477 504 1557 inquo
531 1496 655 1555 errare,
679 1476 760 1554 labi,
791 1476 974 1559 impingere
1003 1472 1182 1540 identidem
1235 1499 1335 1561 supra
1356 1477 1497 1558 quinque
1519 1494 1678 1537 annorum
1699 1474 1802 1539 millia
1824 1475 1988 1541 effluxisse
2010 1478 2211 1542 6616611666

207 1583 337 1630 necesse
359 1563 409 1625 sit.
456 1559 510 1627 Sit
530 1562 632 1646 igitur
652 1562 796 1644 primum
817 1561 989 1627 nobishoc
1010 1583 1089 1644 prae
1106 1583 1182 1626 ocu·
1234 1561 1357 1628 mundi.
1399 1559 1569 1641 Quaerent
1590 1559 1678 1622 enim
1698 1581 1757 1623 our
1778 1560 1905 1625 tamdiu
1927 1563 2029 1626 otiosa
2050 1562 2150 1627 fuerit
2171 1585 2210 1630 ac

207 1651 256 1729 lis,
280 1649 379 1713 aliam
400 1646 705 1730 praedestinationis
727 1649 877 1712 notitiam
899 1661 1060 1730 appetere,
1084 1667 1182 1730 quam
1235 1651 1340 1732 sopita
1368 1648 1431 1712 Dei
1458 1646 1571 1711 virtus.
1621 1644 1713 1709 Nihil
1737 1644 1875 1729 denique
1903 1648 2100 1729 proferetur,
2122 1649 2210 1731 quod

206 1757 289 1820 quae
315 1736 415 1801 verbo
435 1735 501 1798 Dei
529 1734 726 1815 explicatur,
753 1755 820 1798 non
846 1734 981 1799 minoris
1003 1755 1073 1798 6666
1094 1733 1182 1798 insa*
1234 1757 1302 1799 non
1329 1732 1478 1798 ludibriis
1510 1732 1578 1796 suis
1609 1730 1777 1813 impetant
1823 1730 1897 1812 Quo
1929 1733 2010 1798 haec
2036 1731 2210 1819 sacrilegia

206 1823 289 1899 niae,
312 1842 410 1903 quarn
432 1820 461 1883 si
480 1820 553 1902 quis
574 1819 628 1884 vel
648 1840 708 1902 per
736 1820 863 1885 invium
883 1820 1047 1899 incedere,
1070 1819 1182 1885 rolin
1235 1839 1490 1902 compescamus,
1513 1837 1563 1880 an
1592 1815 1632 1880 de
1663 1815 1722 1881 filii
1753 1824 1785 1881 61
1809 1819 1942 1899 spiritus
1964 1818 2135 1884 divinitate
2156 1828 2208 1884 ta-

206 1908 349 1974 tenebris
363 1927 496 1971 cernere
513 1905 601 1971 velit.
631 1905 745 1988 Neque
757 1927 836 1970 vero
846 1927 906 1971 nos
916 1905 1046 1988 pudeat,
1061 1904 1182 1987 aliquid
1234 1904 1394 1972 cendum?
1424 1925 1467 1967 an
1495 1901 1619 1967 silendo
1641 1903 1893 1992 transmittenda
1920 1903 2034 1968 mundi
2063 1906 2206 1969 creatio?
2278 1898 2281 1910 ⁴

205 1996 242 2058 in
269 2015 308 2058 ea
335 2014 370 2056 re
395 1992 535 2070 nescire,
562 1990 619 2055 ubi
646 1997 697 2056 est
729 1991 837 2074 aliqua
865 1992 960 2057 docta
985 1992 1180 2076 ignorantia.
1233 1992 1305 2056 Imo
1335 2010 1413 2057 vero
1441 1988 1603 2071 potentior
1630 1989 1797 2053 6616116
1824 1989 2006 2072 1166116116
2028 1996 2062 2055 61
2087 1992 2209 2074 ubique

206 2078 296 2160 Quin
324 2077 433 2160 potius
460 2076 600 2142 libenter
624 2076 664 2141 ab
699 2078 768 2142 eius
794 2078 948 2143 scientiae
975 2077 1182 2160 inquisitione
1234 2079 1298 2143 Dei
1321 2077 1457 2152 veritas,
1486 2095 1585 2156 quam
1605 2080 1644 2137 ut
1669 2074 1844 2156 impiorum
1872 2075 2135 2141 maledicentiam
2157 2099 2209 2142 re-

206 2165 443 2241 abstineamus,
472 2164 562 2227 611166
584 2168 634 2227 est
655 2184 730 2227 cum
751 2164 866 2242 stulta,
898 2172 969 2228 tum
990 2162 1181 2246 periculosa,
1234 2162 1394 2228 formidet.
1448 2158 1732 2240 Quemadmodum
1760 2165 1794 2224 et
1817 2161 2022 2245 Augustinus
2046 2164 2085 2226 in
2111 2184 2210 2246 opus-

207 2256 304 2332 atque
331 2248 411 2313 adeo
440 2248 581 2313 exitialis
608 2248 778 2314 affectatio.
824 2248 920 2330 Quod
950 2251 978 2315 si
1005 2271 1064 2313 nos
1093 2248 1181 2313 solli·
1231 2244 1790 2330 Ι61116116116661161661616611662)
1813 2246 2111 2312 validecontendit
2148 2249 2209 2312 Vi·

207 2336 286 2401 citat
312 2334 435 2418 ingenii
462 2334 612 2412 lascivia,
637 2356 765 2418 semper
792 2335 874 2399 illud
901 2357 965 2418 quo
985 2335 1182 2400 retundatur
1235 2334 1349 2400 demus
1377 2334 1466 2397 onim
1486 2329 1770 2413 pseudoapostolos
1802 2352 1868 2396 non
1900 2334 2043 2414 potuisse
2070 2334 2208 2414 efficere,

207 2441 421 2505 opponamus:
451 2420 506 2502 qui
534 2426 695 2484 scrutator
723 2427 772 2485 est
797 2421 992 2500 maiestatis,
1019 2421 1182 2502 opprime·
1235 2441 1347 2487 veram
1374 2417 1473 2484 Pa'uli
1501 2416 1682 2481 doctrinam
1714 2417 1901 2482 infamando
1929 2440 1967 2483 ac
1994 2420 2208 2500 criminando,

206 2514 261 2571 tur
290 2528 309 2570 a
337 2506 441 2589 gloria
462 2505 574 2589 (Prov.
594 2509 644 2583 25,
665 2506 730 2588 27).
781 2506 844 2571 Est
871 2507 959 2571 enim
987 2528 1047 2573 cur
1075 2507 1115 2571 ab
1143 2526 1182 2569 ea
1233 2512 1271 2572 ut
1297 2527 1371 2571 eum
1397 2505 1502 2587 ipsius
1527 2502 1674 2584 puderet
1725 2500 1822 2582 Quod
1851 2511 1960 2567 autem
1992 2506 2054 2587 piis
2082 2527 2208 2588 quoque

206 2591 342 2658 audacia
363 2591 618 2669 absterreamur,
651 2612 735 2673 quae
760 2591 844 2656 nihil
871 2613 970 2674 quam
994 2593 1030 2656 in
1051 2592 1181 2656 ruinam
1233 2593 1396 2657 mentibus
1424 2588 1640 2672 periculosam
1667 2609 1738 2653 6666
1760 2587 1884 2653 ducunt
1909 2596 2012 2654 totam
2035 2590 2119 2656 hanc
2142 2591 2207 2656 dis·

205 2677 420 2761 praecipitare
442 2699 502 2741 nos
523 2684 637 2759 potest.
1232 2679 1449 2761 putationem,
1481 2675 1559 2757 quia
1582 2675 1625 2738 sit
1647 2674 1927 2740 exhortationibus
1949 2676 2099 2754 adversa,
2129 2678 2207 2759 quia
2311 2733 2313 2737 .

292 2767 320 2827 3.
366 2760 455 2827 Sunt
481 2762 536 2826 alii
563 2763 632 2845 qui,
661 2761 740 2826 dum
765 2763 842 2830 huic
866 2763 952 2828 malo
978 2763 1102 2829 mederi
1124 2785 1181 2828 vo-
1233 2764 1332 2829 fidem
1358 2760 1567 2846 quatefaoiat,
1596 2761 1673 2842 quia
1698 2781 1755 2825 cor
1781 2761 1891 2910 ipsum
1912 2763 2082 2827 conturbet
2109 2768 2207 2845 atque

108 2912 113 2929 ,
205 2850 287 2927 lunt,
311 2857 441 2913 tantum
468 2869 533 2911 non
559 2847 689 2930 sepeliri
716 2849 831 2914 iubent
851 2871 981 2914 omnem
1002 2849 1180 2932 praedesti-
1234 2851 1411 2927 exanimet,
1440 2848 1538 2911 inane
1567 2853 1624 2910 661.
1676 2846 1795 2910 Haso
1849 2869 1964 2912 causas
1992 2847 2145 2931 redargui
2172 2870 2206 2913 66

205 2936 347 3000 nationis
378 2934 587 2998 mentionem.
642 2932 731 2998 Sane
762 2957 782 2999 6
807 2935 950 3018 qualibet
981 2936 1050 3000 eius
1082 2956 1180 3017 quae·
1234 2935 1364 3002 solitum
1385 2954 1453 2998 non
1475 2931 1660 2996 dissimulat
1680 2932 1896 3015 Augustinus,
1906 2931 1935 3017 ⁸)
1964 2933 2051 3016 quod
2071 2932 2208 3016 praede·
2283 2982 2290 2992 ,
2328 2986 2335 2993 .

206 3021 311 3087 stione
344 3039 409 3084 666
436 3041 528 3084 66666
556 3026 652 3101 atque
682 3041 701 3083 a
730 3021 860 3103 scopulo
882 3022 1031 3106 refugere
1053 3021 1178 3086 docent
1233 3022 1441 3088 stinationem
1462 3018 1601 3084 nimium
1627 3016 1729 3082 libere
1756 3017 1967 3099 praedicaret.
2012 3017 2094 3097 Sed,
2122 3021 2209 3102 quod

207 3105 358 3187 Quorum
380 3107 511 3170 tametsi
532 3106 603 3169 iure
625 3105 661 3168 in
682 3127 720 3170 66
742 3107 908 3172 laudanda
925 3115 975 3173 661
991 3106 1179 3186 moderatio,
1231 3108 1281 3172 illi
1299 3113 1501 3190 vpromptum
1533 3108 1617 3180 erat',
1651 3102 1779 3168 abundo
1809 3104 1935 3169 refellit
1987 3105 2056 3170 Nos
2087 3111 2207 3180 autem,

206 3192 292 3275 quod
319 3198 413 3256 16616
439 3191 612 3255 sobrietate
648 3189 822 3257 delibanda
850 3201 984 3258 censent
1013 3192 1179 3278 mysteria,
1233 3195 1309 3277 qnia
1329 3191 1452 3256 multae
1474 3197 1507 3255 et
1528 3190 1640 3254 variae
1666 3189 1730 3254 huc
1756 3190 1952 3273 ingenmtur
1980 3190 2208 3270 absurditates,

206 3279 283 3360 quia
302 3285 413 3342 tamen
434 3278 532 3342 nimis
553 3277 639 3341 infra
664 3277 798 3356 modum
820 3278 1035 3359 descendunt,
1063 3300 1181 3361 parum
1232 3297 1495 3361 unamquamque
1522 3296 1581 3340 suo
1610 3275 1680 3340 loco
1713 3274 1901 3341 diluendam
1929 3298 2060 3342 servare
2086 3276 2209 3342 malui·

206 3363 380 3446 proficiunt
401 3362 488 3445 apud
510 3363 692 3428 humanum
713 3365 900 3447 ingenium,
927 3365 1013 3448 quod
1035 3386 1069 3430 se
1091 3385 1181 3430 coer·
1232 3388 1313 3430 mus.
1348 3365 1491 3428 Tantum
1511 3360 1594 3425 illud
1614 3362 1651 3424 in
1672 3362 1863 3427 universum
1880 3363 2027 3427 obtinere
2045 3363 2132 3445 apud
2154 3384 2209 3429 eos
2296 3405 2302 3432 l

207 3450 273 3514 ceri
299 3470 366 3514 non
393 3455 516 3513 temere
545 3448 678 3532 patitur.
710 3450 817 3535 'Ergo
844 3458 882 3515 ut
908 3452 971 3518 hae
996 3472 1123 3535 quoque
1145 3454 1180 3514 in
1231 3452 1340 3534 cupio,
1369 3456 1408 3513 ut
1434 3469 1516 3531 quae
1543 3448 1580 3511 in
1608 3446 1733 3512 occulto
1759 3447 1926 3513 recondita
1947 3449 2109 3513 Dominus
2131 3450 2209 3514 reli·

205 3542 298 3617 parte
324 3535 509 3619 legitimum
541 3536 643 3600 finem
670 3543 854 3615 teneamus,
888 3537 1091 3603 redeundum
1119 3539 1182 3602 erit
1231 3538 1302 3621 quit
1333 3557 1375 3600 66
1407 3541 1605 3611 6616161661;
1635 3553 1718 3614 (11166
1751 3533 1785 3596 16
1815 3541 1965 3616 apertum
1996 3535 2133 3618 protulit
2165 3557 2209 3600 ne

207 3619 249 3684 ad
282 3621 421 3686 verbum
446 3621 595 3699 Domini,
628 3623 664 3685 16
693 3643 757 3705 (166
784 3623 942 3690 habemus
974 3631 1097 3690 certam
1129 3625 1179 3688 in-
1231 3623 1450 3707 negligamus:
1480 3639 1522 3684 no
1545 3626 1602 3683 aut
1622 3640 1690 3682 666
1713 3639 1754 3682 ex
1775 3627 1868 3701 116116
1895 3621 2017 3684 6161166
2038 3622 2209 3686 661166116-

121 3787 125 3799 1
206 3705 407 3788 folligentiae
439 3707 596 3790 regulam.
652 3707 716 3773 1161
748 3710 837 3773 66116
875 3711 1038 3793 scriptura
1069 3710 1180 3776 schola
1231 3710 1288 3786 116,
1316 3715 1373 3773 661
1403 3729 1445 3771 ex
1467 3706 1570 3770 altera
1598 3703 1845 3787 ingratitudinis
1873 3705 2074 3770 damnemur.
2119 3707 2208 3771 Nam

206 3791 340 3873 spiritus
367 3792 484 3871 sancti,
512 3794 548 3857 in
575 3815 639 3877 qua
666 3802 704 3859 ut
730 3795 815 3860 nihil
840 3797 1106 3879 praetermissum
1130 3803 1181 3862 661
1231 3802 1264 3860 61
1285 3793 1367 3858 illud
1389 3794 1468 3858 scite
1495 3791 1537 3856 ab
1558 3791 1743 3872 Augustino
1756 3789 1785 3877 ⁴)
1814 3790 2023 3856 dictumest:
2054 3812 2113 3857 nos
2136 3799 2208 3856 tuto

206 3876 291 3941 scitu
313 3884 346 3940 et
367 3881 589 3944 necessarium
610 3885 643 3944 et
663 3880 759 3960 utile,
788 3883 833 3947 616
855 3883 939 3946 nihil
961 3881 1094 3949 docetur
1116 3883 1181 3946 6161
1231 3881 1426 3963 scripturam
1448 3877 1539 3961 sequi
1560 3897 1669 3958 posse,
1692 3897 1775 3958 quae
1796 3877 1888 3941 velut
1909 3882 2057 3941 materno
2077 3879 2208 3944 incessu

206 3960 290 4044 quod
325 3964 408 4028 scire
442 3963 608 4030 conducat.
659 3965 827 4049 Quidquid
849 3969 949 4053 igitur
978 3968 1019 4032 de
1043 3967 1179 4051 praede·
1231 3966 1422 4032 submissius
1440 3963 1597 4048 graditur,
1614 3962 1892 4028 6616111611161616
1905 3970 2051 4028 nostram
2068 3963 2206 4029 deserat.

206 4048 382 4113 6116611666
410 4050 446 4112 16
472 4051 635 4133 scriptura
659 4052 822 4135 proditur,
851 4054 1033 4120 cavendum
1060 4061 1195 4120 66166Ι
1319 4056 1346 4115 5.
1390 4048 1649 4127 Praescientiae,
1682 4049 2000 4130 praedestinationis,
2030 4049 2207 4128 electionis,

206 4133 247 4198 ab
269 4155 306 4198 eo
328 4134 440 4200 fideles
469 4157 651 4202 arceamus:
681 4160 723 4202 ne
746 4139 916 4204 videamur
939 4147 996 4205 aut
1014 4140 1087 4206 illos
1109 4161 1179 4204 ma
1231 4137 1456 4220 providentiae
1477 4132 1635 4201 vocabula
1655 4135 1747 4199 varie
1773 4136 1931 4198 finierunt
1951 4141 2086 4200 veteres
2129 4136 2208 4215 Nos,

203 4218 293 4303 ligne
320 4221 472 4285 fraudare
500 4222 565 4286 Dei
591 4224 641 4288 sui
668 4225 840 4305 beneficio,
869 4234 926 4291 aut
952 4228 1106 4310 spiritum
1127 4247 1180 4289 ar·
1233 4224 1352 4288 omissa
1374 4241 1575 4304 supervacua
1597 4221 1810 4300 contentione,
1833 4222 2065 4303 proprietatem
2082 4229 2209 4306 etymo-

204 4324 304 4388 guere
338 4328 375 4372 66
408 4307 577 4391 sugillare,
612 4311 728 4393 quiea
753 4312 898 4396 vulgarit
925 4334 1008 4395 quae
1035 4311 1115 4376 utile
1138 4311 1181 4376 sit
1233 4309 1339 4394 legiae
1367 4308 1558 4390 simpliciter
1590 4327 1773 4388 sequamur.
1823 4307 2081 4372 Praesoientiam
2106 4327 2210 4389 quum

204 4389 271 4454 ullo
299 4392 395 4457 modo
423 4395 591 4476 supprimi.
639 4397 889 4478 Permittamus,
917 4400 1064 4481 inquam,
1093 4397 1180 4461 chri-
1232 4395 1405 4460 tribuimus
1427 4395 1508 4471 Doo,
1532 4392 1755 4475 significamus
1776 4392 1886 4456 omnia
1907 4395 2036 4478 semper
2053 4393 2152 4456 fuisse
2171 4414 2210 4458 ao

204 4476 310 4541 stiano
333 4477 459 4543 homini
478 4481 618 4560 cunctis,
647 4483 704 4564 qui
725 4482 767 4547 ad
789 4506 864 4548 eum
886 4483 1088 4567 diriguntur,
1116 4482 1180 4545 Dei
1231 4487 1389 4565 perpetuo
1418 4500 1551 4544 manere
1579 4479 1639 4543 sub
1667 4479 1736 4544 eius
1764 4479 1877 4543 oeulis:
1912 4487 1950 4542 ut
1977 4480 2045 4544 eius
2073 4479 2209 4543 notitiae

204 4564 408 4629 sermonibus
434 4573 579 4630 mentem
605 4588 763 4651 auresque
790 4591 935 4634 reserare
942 4593 950 4649 3
982 4566 1078 4632 modo
1105 4589 1180 4632 cum
1231 4567 1313 4631 nihil
1332 4568 1479 4631 futurum
1502 4571 1558 4629 aut
1579 4566 1802 4647 praeteritum,
1826 4564 1884 4630 sed
1905 4567 2014 4632 omnia
2031 4565 2097 4630 sint
2113 4585 2209 4647 prae-

204 4646 267 4712 hac
285 4652 510 4731 temperantia,
533 4658 571 4715 ut
588 4674 689 4735 quum
709 4655 851 4736 primum
868 4655 1031 4719 Dominus
1051 4674 1180 4717 sacrum
1232 4654 1344 4718 sentia.
1396 4653 1442 4716 Et
1463 4651 1508 4716 616
1531 4649 1660 4733 quidem
1688 4652 1887 4733 praesentia,
1916 4658 1954 4715 ut
1976 4673 2105 4716 non‘ex
2127 4650 2208 4715 ideis

204 4753 240 4798 os
263 4733 415 4799 clauserit
442 4737 510 4820 ipse
532 4759 658 4821 quoque
680 4740 769 4803 viam
797 4733 858 4803 sibi
880 4740 921 4804 ad
948 4738 1180 4821 inquirendum
1232 4745 1361 4803 tantum
1387 4738 1599 4820 imaginetur,
1634 4737 1773 4819 qualiter
1800 4738 1894 4802 nobis
1921 4738 2137 4803 obversantm·
2159 4758 2207 4812 ea,

205 4820 403 4900 praecludat.
453 4822 518 4888 Hic
545 4825 687 4906 optimus
715 4823 899 4890 sobrietatis
925 4825 1085 4889 terminus
1108 4827 1178 4904 erit,
1231 4845 1369 4907 quorum
1401 4824 1593 4887 memoriam
1624 4844 1717 4888 mens
1745 4830 1856 4888 666116
1883 4824 2017 4901 16116611
2050 4821 2106 4886 sed
2134 4828 2207 4884 tan-

205 4905 322 4969 sinon
343 4906 438 4971 modo
459 4909 494 4972 in
516 4909 669 4974 discendo
688 4918 902 4991 praeeuntem
917 4932 1044 4993 semper
1065 4933 1180 4994 sequa·
1320 4983 1392 4987 Μ,
1433 4982 1437 4987 ,

203 5009 279 5054 1661
300 4992 411 5056 Deum
418 5017 426 5071 ;
455 4994 513 5058 sed
535 4996 606 5077 ipso
626 4995 727 5059 finem
749 4994 885 5061 docendi
906 4997 1044 5062 faciente
1065 5018 1179 5081 sapere
1301 5062 1315 5113 l
1348 5063 1515 5116 absterreret
1534 5060 1608 5115 Μ.
1629 5060 1704 5115 1550·
1724 5061 1798 5115 1554
1885 5060 1915 5126 2)
1933 5059 1997 5127 oap.
2018 5059 2154 5128 lausque
2173 5063 2208 5113 ac

204 5075 290 5172 {01¹0
311 5076 507 5144 defimamus·
552 5079 666 5177 N⁰qu⁰
692 5082 776 5178 ninii
803 5090 854 5147 fflt
874 5083 960 5167 (111οἀ
986 5084 1180 5182 fimenllffl'
1231 5132 1273 5185 20.
1326 5131 1386 5184 Hoc
1415 5132 1574 5199 optematum
1602 5131 1633 5183 ia
1661 5131 1721 5183 edd.
1749 5130 1941 5184 recentioribus
1974 5129 2127 5197 Augustini
2167 5132 2206 5181 Do

205 5159 360 5241 nculum,
396 5168 432 5226 ut
459 5186 479 5228 a
506 5165 570 5229 Dor
598 5165 735 5231 oraculis
769 5175 917 5234 avertero
943 5189 1067 5235 ammos
1107 5168 1179 5233 6166
1231 5202 1302 5253 cono
1320 5201 1538 5268 perseverantiae
1556 5197 1734 5266 11166666]
1804 5196 1892 5265 6166
1910 5198 1981 5248 bono
2000 5213 2104 5265 persev.
2124 5216 2145 5251 e.
2167 5198 2207 5251 14,

206 5242 387 5312 mmm
1231 5264 1905 5336 cmmmmmmw,
