4770 6030
136 344 233 439 *aee
820 342 919 410 oar.
943 341 1002 407 vr.
1045 342 1117 407 on·
1132 343 1316 419 amaea.
1340 344 1521 413 cunrsr.
1706 328 1715 345 '
1852 321 1855 324 ’
2113 355 2184 417 210.-

169 541 265 614 atque
286 530 416 596 obedire
438 543 571 622 cogant,
593 533 664 615 ipso
684 533 835 599 omnibus
855 553 1023 597 asumma
1045 551 1147 613 usque
1197 533 1380 602 obscurius:
1415 537 1579 603 Dominus
1598 555 1659 602 rex
1680 545 1806 618 noster,
1829 539 1991 605 Dominus
2011 540 2183 626 legislator

169 617 211 683 ad
231 616 447 683 novissimum
467 618 639 700 imperent,
668 616 794 684 Ohristi
811 617 944 683 domum
965 616 1145 694 aedificent,
1197 625 1316 700 noster,
1334 621 1497 687 Dominus
1511 622 1612 691 iudex
1631 629 1752 702 noster,
1770 625 1841 707 ipse
1861 625 2003 692 salvavit
2021 646 2082 692 nos
2099 626 2180 713 (Ias

168 711 304 769 satanae
324 723 465 787 regnum
485 705 687 783 subvertant,
709 725 787 771 oves
807 710 959 788 pmeant,
980 703 1074 784 lupos
1093 703 1148 766 in·
1200 704 1265 788 33).
1309 706 1473 774 Audimus
1494 708 1536 775 ab
1554 709 1690 789 Iacobo,
1711 710 1800 776 vitae
1824 717 1858 775 et
1878 712 1992 777 mortis
2019 713 2182 780 arbitrum

168 790 340 867 terilciant,
364 788 484 855 dociles
505 790 722 856 exhortentur
743 797 776 855 et
796 791 980 868 instituant,
1009 787 1147 852 rebelles
1198 793 1415 872 pronunciari,
1437 793 1493 876 qui
1515 794 1566 860 ins
1585 794 1686 862 habet
1706 796 1741 860 in
1762 797 1915 861 animam

168 883 202 941 et
222 876 407 960 pervicaces
429 882 580 960 arguant,
602 877 782 958 increpent,
804 877 984 954 revincent,
1008 875 1146 951 solvant,
1285 877 1372 943 Cum
1390 885 1501 944 autem
1520 880 1556 946 id
1577 881 1640 947 sibi
1656 902 1754 947 nemo
1770 882 1943 947 hominum
1959 904 2089 949 sumere
2104 905 2186 967 pos«

168 962 287 1046 ligent,
314 961 483 1045 tulgnrent
512 961 651 1045 denique
677 969 711 1027 et
735 962 923 1027 fulminent:
953 959 1011 1026 sed
1037 959 1148 1024 emnia
1200 963 1255 1040 sit,
1284 963 1395 1028 Deum
1416 965 1517 1047 igitur
1541 967 1676 1033 unicum
1702 969 1887 1033 animarum
2044 970 2181 1055 agnosci

169 1049 204 1112 in
220 1049 321 1114 verbo
342 1048 416 1113 Dei.
460 1048 567 1114 Istaec
588 1069 666 1113 vero
684 1054 842 1131 potestas,
865 1047 894 1113 si
914 1068 989 1113 cum
1011 1066 1050 1110 ea
1071 1066 1148 1110 eon·
1199 1055 1334 1131 oportet,
1356 1071 1457 1132 penes
1478 1071 1575 1133 quem
1595 1074 1698 1117 unum
1717 1052 1870 1119 servandi
1885 989 2107 1139 periggrindique
2123 1075 2185 1139 po-

168 1134 382 1216 feraturque
409 1155 444 1198 se
466 1134 624 1200 haetenus
652 1135 688 1199 in
708 1134 826 1217 populo
846 1133 911 1198 Dei
937 1130 1150 1198 venditanmt
1200 1142 1301 1200 testes
1317 1143 1381 1215 est;
1404 1143 1460 1200 aut
1478 1135 1530 1220 (ut
1540 1139 1597 1204 illa
1608 1138 1733 1204 Icsaiae
1749 1136 1850 1205 verba
1866 1149 1985 1206 sonant
2019 1148 2183 1226 stragem

169 1220 354 1320 spirituales
379 1221 434 1285 isti
455 1220 605 1320 tyranni,
632 1221 688 1303 qui
702 1219 880 1320 'episcopos
909 1226 943 1283 et
964 1219 1149 1283 animarum
1201 1219 1384 1287 etiudicem
1402 1228 1435 1285 et
1449 1221 1671 1307 legislatorem
1687 1226 1936 1292 etsalvatorem.
1965 1140 2086 1293 liena
2102 1248 2209 1313 quor

168 1313 310 1372 rectores
328 1306 492 1383 s1mulant,
511 1305 615 1370 mhrlc
634 1305 749 1370 mehor
765 1314 828 1370 ent
845 1325 1031 1383 consensus,
1049 1324 1149 1387 quam
1201 1326 1279 1391 que,
1308 1327 1383 1372 eum
1408 1315 1556 1391 pastores
1581 1310 1678 1378 officii
1706 1311 1757 1376 sui
1783 1311 1950 1391 admonet,
1979 1313 2026 1379 sic
2048 1333 2184 1398 gregem

169 1391 302 1459 Christo
324 1413 398 1458 eum
421 1391 537 1456 Belial.
1198 1413 1332 1474 pascere
1350 1392 1510 1473 hortatur,
1530 1416 1573 1461 ne
1586 1394 1730 1462 dominia
1743 1404 1919 1463 exerceant
1936 1396 2094 1465 adversus
2113 1399 2180 1465 ele-

254 1478 406 1543 Primnm
432 1476 578 1559 quidem,
611 1475 710 1541 fidem
743 1484 890 1541 nostram
922 1496 981 1542 suo
1013 1475 1148 1540 arbitrio
1202 1498 1268 1558 ros;
1291 1499 1354 1563 quo
1371 1480 1502 1546 nomine
1519 1480 1756 1548 haereditatem
1773 1483 1846 1562 Dei,
1870 1483 1932 1550 hoc
1953 1491 2012 1564 est,
2035 1483 2185 1558 fidelium

168 1573 256 1630 stare
277 1572 312 1629 et
330 1563 446 1629 eadere
467 1563 590 1642 volunt,
616 1571 652 1626 ut
668 1561 825 1647 quidquid
840 1562 903 1645 ipsi
923 1563 960 1625 in
978 1567 1151 1643 utramque
1201 1563 1358 1647 populum
1379 1565 1543 1649 significat
1565 1566 1597 1651 (1
1616 1568 1705 1634 Petr.
1721 1569 1764 1655 5).
1794 1567 1848 1634 En
1870 1570 2063 1651 praecisum,
2086 1569 2185 1636 adeo?

169 1659 297 1733 partem
318 1650 554 1726 constituerint,
575 1650 709 1713 firmum
730 1648 848 1714 animis
869 1647 990 1713 nostris
1012 1653 1150 1712 statum·
1202 1671 1265 1799 Ἐκ
1287 1672 1307 1715 a
1327 1649 1437 1716 radice
1458 1651 1626 1718 revulsum
1652 1653 1728 1737 quid
1752 1653 1809 1719 uid
1830 1654 1891 1720 sibi
1911 1657 2081 1739 potestatis
2102 1677 2184 1723 ven-

170 1757 233 1820 que
253 1737 305 1802 sit.
333 1736 381 1801 Ut
401 1737 470 1800 sive
487 1733 565 1817 quid
582 1734 800 1817 probaverint,
822 1735 931 1818 ipsum
947 1732 1042 1798 nobis
1058 1731 1152 1797 nulla
1227 1735 1329 1815 eant,
1357 1737 1412 1820 qui
1434 1757 1469 1803 se
1498 1738 1567 1804 sine
1588 1739 1689 1805 verbe
1710 1739 1775 1804 Dei
1797 1740 1913 1806 efferre
1940 1741 2063 1806 volunt
2086 1741 2185 1818 ‚Non
2271 1788 2274 1792 ι

171 1822 371 1888 dubitatione
397 1822 544 1905 probari,
571 1821 640 1885 sive
667 1820 744 1903 quid
772 1819 1014 1898 damnaverint,
1042 1819 1151 1902 ipsum
1203 1821 1292 1887 enim
1312 1821 1489 1905 quidquam
1511 1824 1664 1907 apostolis
1687 1823 1809 1903 datum,
1832 1846 1895 1908 quo
1914 1848 2008 1893 suam
2027 1829 2092 1911 ipsi
2108 1826 2185 1894 doo-

170 1929 297 1992 qnoque
323 1928 382 1990 pro
404 1906 558 1971 damnato
584 1927 656 1971 esse
677 1912 832 1989 oporteat
876 1905 966 1971 Hinc
987 1904 1045 1969 illa
1064 1904 1152 1969 inter
1203 1907 1326 1972 trinam
1352 1915 1386 1972 et
1413 1930 1510 1973 suum
1544 1932 1683 1995 regnum
1711 1911 1892 1991 stabihant,
1927 1912 1985 1978 sed
2013 1912 2184 1994 duntaxat,

171 2016 226 2060 eos
254 1995 433 2059 axiomata:
466 2013 568 2075 penes
594 1991 764 2057 ecclesiam
786 2013 871 2071 esse,
905 1990 1044 2057 condere
1074 1988 1152 2054 fidei
1204 2014 1266 2075 quo
1290 2015 1429 2077 regnum
1450 2016 1489 2059 ac
1511 1994 1692 2063 doctrinam
1713 1995 1778 2063 Dei
1799 1999 2019 2082 magnificent
2064 1998 2183 2077 Audio,

172 2076 335 2158 articulos,
357 2079 512 2144 eeclesiae
534 2078 742 2143 autoritatem
759 2098 871 2143 sacrae
889 2077 1070 2161 scriptione
1091 2097 1150 2141 au·
1204 2077 1282 2162 quid
1303 2079 1366 2162 ipsi
1388 2100 1447 2162 pro
1469 2101 1504 2145 se
1521 2081 1752 2164 respondeant:
1775 2104 1852 2148 suas
1868 2083 2060 2150 traditiones
2076 2105 2143 2150 non
2165 2106 2186 2150 a

171 2167 338 2231 toritatem
350 2185 504 2248 aequare;
527 2161 754 2229 Christianum
774 2184 840 2228 non
852 2184 931 2242 esse,
954 2162 1019 2229 nisi
1039 2163 1095 2245 qui
1115 2163 1152 2227 in
1205 2186 1249 2244 se,
1272 2163 1330 2231 sed
1352 2187 1373 2230 a
1389 2165 1461 2230 Deo
1482 2187 1567 2246 esse;
1597 2188 1664 2232 non
1685 2168 1773 2233 enim
1795 2191 1831 2234 se
1851 2171 1984 2254 propria
2003 2177 2188 2237 commenta

171 2253 281 2318 omnia
298 2273 358 2317 sna
379 2250 542 2335 dogmata,
565 2257 635 2314 tam
652 2249 849 2315 affirmativa
868 2269 968 2333 quam
988 2249 1151 2333 negativa,
1206 2248 1248 2336 [p.
1261 2248 1337 2337 431]
1361 2250 1499 2331 effutire,
1522 2251 1580 2316 sed
1618 2252 1683 2317 uod
1700 2275 1720 2318 a
1736 2254 1853 2336 spiritu
1870 2265 1983 2322 saneto
2001 2257 2187 2340 acceperint

171 2338 226 2404 vel
247 2337 404 2420 implicita
425 2336 479 2401 vel
499 2335 654 2420 explicita
673 2334 748 2414 lide,
770 2343 859 2400 certo
880 2335 1069 2401 consentiat
1106 2334 1154 2399 Et
1204 2335 1306 2401 veluti
1327 2357 1387 2419 per
1408 2358 1526 2402 manus
1623 2359 1678 2403 ere
1704 2339 1880 2406 christiano
1902 2343 2035 2424 populo,
2059 2344 2111 2408 eui
2132 2363 2186 2408 re*

170 2423 450 2490 eiusdemformae
468 2421 533 2486 alia
553 2421 722 2505 quaedam.
751 2419 880 2486 Deinde
890 2419 1007 2486 volunt
1025 2427 1059 2484 et
1074 2440 1152 2486 eon·
1204 2421 1309 2506 gendo
1338 2421 1449 2487 divina
1476 2422 1681 2506 providentia
1709 2426 1864 2506 praefecti
1895 2440 1980 2491 sunt
2027 2428 2185 2493 Rationes

170 2511 323 2577 scientias
340 2516 468 2575 nostras
487 2528 545 2572 suo
563 2508 700 2590 imperio
718 2506 878 2572 subiectas
900 2527 979 2583 csse,
1000 2512 1039 2570 ut
1055 2527 1152 2590 quas-
1204 2508 1319 2587 etiam,
1347 2507 1464 2592 quibus
1490 2509 1525 2573 id
1551 2510 1660 2592 ipsum
1687 2511 1894 2588 confirment,
1925 2512 2063 2577 addunt:
2092 2513 2185 2580 lucu·

170 2616 299 2680 cunque
320 2595 409 2680 leges
426 2593 571 2672 tulerint,
593 2614 654 2659 nos
670 2600 804 2658 maneat
820 2590 991 2657 obediendi
1010 2593 1152 2657 necessi·
1203 2593 1309 2674 lentas
1331 2601 1444 2660 extare
1465 2595 1703 2679 promissiones,
1726 2596 1843 2678 quibus
1864 2595 2026 2676 Christis,
2050 2600 2185 2682 spiritus
2236 2638 2238 2648 ι

170 2692 230 2748 tas.
263 2679 304 2768 [p.
322 2679 398 2767 429]
421 2680 561 2745 Interim
581 2700 642 2745 sua
662 2678 813 2757 libidine,
841 2683 1066 2760 contemtoque
1086 2678 1152 2743 Dei
1203 2680 1254 2745 sui
1282 2682 1502 2762 praesentiam
1528 2681 1682 2748 eeclesiae
1710 2702 1789 2746 suae
1808 2703 1977 2765 nunquam
1998 2682 2185 2750 defuturam

170 2769 280 2847 verbo,
303 2766 427 2833 endunt
448 2764 615 2849 dogmata,
637 2765 754 2849 quibus
775 2770 899 2830 certam
919 2769 1033 2846 postea
1052 2762 1153 2829 fidem
1202 2765 1389 2848 polheetur3
1427 2773 1541 2834 extare
1572 2767 1742 2851 praeclara
1771 2767 1891 2851 elogia,
1925 2769 2041 2850 quibus
2074 2768 2187 2836 divina

170 2855 286 2920 haberi
307 2852 481 2936 metuent,
503 2857 537 2916 et
557 2850 647 2936 leges
664 2851 819 2928 scribunt,
842 2871 982 2933 quarum
1002 2870 1152 2916 necessa·
1203 2872 1282 2916 voce
1309 2853 1468 2937 insignita
1494 2861 1557 2918 est:
1611 2852 1677 2918 uod
1698 2861 1812 2919 saneta
1833 2854 1876 2919 sit
1904 2861 1938 2919 et
1965 2854 2186 2935 immaculata,
2223 2902 2230 2918 .

170 2940 257 3006 riam
277 2940 399 3007 iaciant
419 2938 686 3003 observationem
716 2937 818 3019 Atqui
840 2936 926 3001 hane
947 2936 982 3000 in
1004 2956 1152 3001 asseren-
1203 2937 1274 3003 sine
1296 2957 1389 3022 ruga,
1412 2938 1483 3004 sine
1505 2959 1578 3004 mae
1614 2938 1753 3026 aOEph.
1775 2938 1809 3024 5)
1832 2946 1866 3005 et
1886 2961 1969 3024 quae
1991 2941 2026 3004 in
2048 2939 2188 3007 eandem

171 3027 224 3092 dis
244 3027 337 3092 novis
359 3024 565 3109 dogmatibus
585 3029 620 3089 et
645 3021 822 3090 condendis
847 3021 925 3087 fidei
945 3021 1092 3087 articulis
1113 3021 1153 3086 li·
1204 3025 1401 3089 sententiam
1428 3045 1471 3089 ex
1497 3024 1666 3108 scripturis
1687 3025 1799 3090 afferri
1825 3033 1970 3109 possunt
2021 3024 2134 3108 Quare
2161 3028 2190 3094 si

171 3113 327 3192 centiam,
354 3132 453 3195 quam
481 3108 635 3194 apostohs
658 3109 737 3193 ipsis
766 3107 929 3174 sublatam
956 3128 1028 3173 esse
1048 3128 1154 3190 nuper
1204 3110 1258 3174 eui
1284 3110 1350 3175 iam
1378 3107 1478 3176 dubia
1505 3111 1548 3176 sit
1575 3110 1730 3176 eeclesiae
1753 3113 1926 3192 autoritas,
1955 3133 2032 3177 eum
2058 3133 2125 3178 non
2152 3115 2189 3180 in

170 3197 387 3277 ostendimus,
417 3196 478 3262 sibi
506 3218 572 3261 non
598 3196 669 3262 iure
689 3193 874 3261 vendicant
919 3191 1045 3274 Quodsi
1070 3213 1153 3258 non·
1206 3196 1377 3261 ecelesiam
1409 3195 1522 3275 modo,
1563 3195 1620 3262 sed
1651 3197 1688 3261 in
1721 3195 1846 3264 Christi
1879 3219 2005 3281 quoque
2038 3200 2191 3282 spiritum

171 3284 251 3350 dum
279 3283 502 3366 acquiescunt,
530 3281 655 3348 Paulus
684 3280 719 3382 (2
742 3280 817 3347 (lor.
839 3279 871 3366 l)
899 3288 987 3345 certe
1014 3301 1049 3344 se
1076 3278 1153 3344 fidei
1204 3282 1341 3363 impium
1363 3302 1401 3347 ac
1422 3281 1691 3348 eontumehosum
1713 3304 1798 3362 esse,
1822 3285 1914 3349 euius
1936 3284 2035 3349 ductu
2055 3285 2192 3351 ecclesia

171 3369 420 3436 Corinthiorum
444 3369 587 3453 negabat
614 3367 776 3433 dominari
802 3386 941 3449 quorum
968 3386 989 3429 a
1008 3364 1153 3430 Domirm
1204 3367 1317 3450 procul
1344 3367 1442 3433 dubio
1467 3368 1602 3452 regitur.
1648 3366 1724 3449 Qua
1751 3370 1876 3434 ratione
1908 3389 1968 3452 pro
1996 3368 2125 3435 ethnico
2154 3379 2189 3436 et

171 3465 244 3521 erat
264 3455 434 3521 ordinatus
460 3455 633 3537 apostolus.
678 3451 716 3519 si
745 3452 831 3518 hane
859 3450 994 3518 docendi
1019 3450 1153 3516 liberta-
1205 3452 1378 3535 publieano
1400 3453 1515 3520 haberi
1536 3453 1641 3520 voluit
1661 3453 1828 3533 Christus,
1851 3456 1907 3538 qui
1929 3454 2099 3520 eeclesiam
2120 3475 2189 3521 non

143 3585 158 3601 .
171 3551 240 3607 tem
260 3542 455 3626 agnovisset
477 3561 645 3623 nunquam
666 3539 752 3604 hane
774 3537 979 3620 disciplinam
1000 3536 1153 3602 tradidis-
1205 3538 1345 3603 audierit
1365 3537 1500 3623 (Matth.
1524 3540 1587 3626 18).
1632 3541 1764 3624 Itaque,
1793 3561 1906 3605 comm
1928 3540 2077 3623 opinione
2099 3541 2188 3606 istud

172 3635 224 3694 set
243 3649 357 3692 eorum
379 3627 551 3705 ecelesiae,
579 3633 618 3690 ut
640 3624 767 3690 duobus
788 3630 847 3691 aut
866 3623 1005 3688 tribusl
1046 3623 1153 3687 uenti-
1205 3630 1394 3690 constanter
1420 3627 1594 3692 convenire
1621 3627 1709 3691 inter
1733 3644 1847 3692 omnes
1874 3624 1984 3691 debet:
2016 3625 2188 3692 eeclesiam

170 3715 234 3781 bus
250 3713 427 3797 prophetis,
445 3713 566 3778 caeteri
575 3709 836 3794 diiudicarent(l
849 3707 924 3775 (lor.
940 3707 1003 3793 14).
1059 3708 1154 3774 uodsi
1205 3731 1315 3775 errare
1341 3730 1408 3775 nen
1434 3733 1544 3795 posse,
1574 3712 1609 3777 in
1638 3712 1800 3794 hisquae
1826 3712 2011 3777 necessaria
2040 3711 2188 3778 suntad

172 3800 269 3865 alteri
300 3797 426 3865 sedenti
453 3798 635 3863 revelatum
667 3805 766 3875 esset,
799 3797 890 3878 prior
915 3801 1045 3860 taceret
1087 3792 1153 3860 Sic
1205 3794 1353 3861 salutem.

171 3887 262 3952 enim
283 3886 406 3951 nemini
434 3885 594 3968 pepercit,
622 3883 715 3949 cuius
741 3882 949 3947 autoritatem
975 3880 1068 3945 verbi
1087 3880 1153 3945 Dei
1291 3881 1364 3947 Iam
1390 3903 1485 3963 vero,
1517 3881 1604 3969 quod
1631 3882 1828 3949 deecclesia
1856 3883 1990 3960 dicitnr,
2020 3883 2055 3949 id
2081 3891 2188 3950 totum

171 3991 331 4039 censurae
358 3991 422 4035 non
456 3970 644 4047 subiiceret,
673 3968 731 4033 sed
756 3967 861 4033 multo
889 3965 997 4032 adhuc
1033 3964 1152 4032 elarius
1205 3967 1266 4032 sibi
1294 3975 1477 4052 competere
1510 3969 1611 4033 aiunt
1664 3970 1734 4034 Aut
1760 3969 1849 4034 onim
1882 3968 2054 4034 ecelesiam
2083 3976 2188 4035 totam

172 4057 251 4124 alibi
268 4057 379 4140 (Rem.
395 4055 459 4141 lo),
476 4054 576 4121 fidem
594 4061 740 4119 nostram
757 4055 798 4119 ab
815 4053 966 4118 omnibus
983 4052 1153 4117 hominum
1204 4075 1364 4133 corruere,
1385 4061 1443 4119 aut
1463 4075 1534 4120 sess
1555 4055 1741 4134 mnslstere,
1763 4075 1902 4138 quorum
1926 4053 2073 4121 humeris
2094 4057 2192 4121 susti·

170 4142 401 4209 madidonibns
422 4163 460 4208 ae
481 4141 646 4225 figmentis
662 4141 788 4219 liberat,
810 4160 885 4206 cum
903 4139 951 4204 nit
965 4136 1065 4204 fidem
1082 4158 1153 4203 csse
1203 4146 1321 4206 nentur
1346 4140 1432 4222 ipsa,
1461 4161 1499 4206 ae
1525 4140 1688 4207 consistat
1737 4139 1886 4206 Eandem
1915 4161 1993 4225 ergo
2018 4141 2189 4207 'aramei-

172 4251 216 4296 ex
238 4227 365 4309 auditu,
394 4228 542 4293 auditum
569 4232 679 4292 autem
699 4224 917 4309 perverbum
936 4224 1011 4290 Dei.
1055 4220 1153 4289 Scili-
1204 4247 1280 4291 nem
1295 4227 1452 4304 veritatis,
1469 4247 1553 4310 quae
1566 4224 1658 4310 'apud
1679 4226 1850 4293 eeclesiam
1866 4233 1925 4306 est,
1948 4226 2069 4292 habere
2089 4226 2189 4305 etiam

172 4325 233 4394 eet
255 4317 283 4380 si
304 4337 324 4380 a
344 4315 412 4380 solo
432 4315 497 4379 Dei
518 4314 619 4379 verbo
639 4310 762 4396 pendet
779 4307 870 4390 fides,
892 4311 920 4375 si
941 4310 978 4373 in
997 4309 1079 4375 illud
1101 4331 1152 4377 so-
1204 4313 1357 4379 eeclesiae
1370 4312 1515 4392 concilia,
1540 4309 1581 4400 [p.
1595 4310 1671 4399 saa]
1683 4313 1800 4396 quibus
1806 4313 1883 4464 ‘iffi
1901 4333 1980 4377 vere
1998 4330 2187 4394 repraesen-

171 4402 243 4466 lum
268 4402 401 4485 respicit
427 4407 460 4466 et
488 4397 662 4476 recumbit,
690 4399 763 4482 quis
790 4398 857 4462 iam
882 4395 1026 4462 hominis
1053 4397 1152 4462 verbo
1203 4405 1294 4463 tatur
1315 4405 1349 4462 et
1366 4418 1409 4462 ne
1430 4418 1542 4464 errare
1563 4398 1702 4482 possint,
1724 4399 1806 4463 imm
1849 4399 1911 4463 'te
1931 4398 2002 4481 regi
2024 4418 2045 4461 a
2065 4397 2182 4478 spiritu

171 4487 263 4553 loeus
283 4484 499 4568 relinquitur?
528 4485 659 4585 Legum
679 4503 758 4584 vero
779 4480 988 4583 ferendarum
1008 4488 1152 4582 potestas
1204 4491 1324 4551 saneto.
1369 4483 1434 4549 His
1455 4492 1566 4584 autem
1582 4485 1783 4584 impetratis,
1807 4484 1904 4550 simul
1925 4483 2108 4582 conficitur,
2131 4502 2186 4548 eo·

171 4570 777 4740 ,aas
794 4568 956 4736 ιιι
978 4574 1152 4737 ιι
1203 4569 2186 4739 amasa

171 4751 420 4896 iimsammi‘il
434 4742 661 4907 affluat?
675 4740 925 4913 tttttt
943 4747 1151 4891 ἴὲἒιῗῖιῗίἰ
1202 4739 1426 4906 ιΕιῘιῗῗιῗέι
1444 4747 1589 4894 iffi
1606 4741 1883 4893 stiffi
1893 4747 2185 4908 ffiffi

173 4917 246 4982 sint
275 4917 351 4982 Non
378 4917 467 4980 enim
493 4913 684 4998 ambiguum
704 4910 858 4995 estquod
880 4910 993 4978 scribit
1013 4910 1151 4978 Iacobus
1204 4913 1295 4979 stolis
1321 4913 1456 4979 fluxisse
1481 4912 1570 4980 credi
1603 4913 1726 4980 volunt
1776 4908 1967 4979 oninmodi
1999 4917 2090 4976 sunt:
2123 4930 2184 4994 pro

172 5002 253 5088 (Iac.
272 5003 323 5085 4):
369 5000 435 5083 Qui
456 4999 580 5066 iudicat
600 4999 752 5078 trahem,
781 4996 904 5064 iudicat
923 4997 1039 5080 legem
1084 4995 1152 5079 Qui
1203 4998 1364 5065 defunctis
1390 4999 1553 5066 orationes
1581 5004 1615 5065 ct
1641 5000 1795 5065 universa
1821 5017 1925 5081 paene
1953 5016 2088 5061 suarum
2109 5016 2184 5062 ose-

172 5088 278 5172 legem
299 5087 436 5166 iudicat,
465 5107 531 5151 non
553 5094 603 5151 est
623 5085 812 5151 observator
831 5083 928 5167 legis,
963 5081 1021 5148 sed
1042 5082 1149 5150 iudex.
1203 5085 1424 5150 remoniamm
1449 5084 1630 5170 disciplina
1686 5083 1727 5149 Id
1754 5084 1842 5148 enim
1869 5088 1963 5149 extra
1995 5089 2183 5148 controver-

172 5173 268 5239 Unus
284 5182 395 5238 autern
411 5172 443 5237 le
467 5173 474 5187 ‘
494 5171 587 5251 lator,
608 5172 665 5254 qui
683 5177 790 5254 potest
806 5190 938 5236 serame
955 5175 989 5234 et
1004 5167 1150 5252 perdere.
1203 5172 1286 5236 siam
1307 5176 1450 5254 ponunt,
1477 5171 1623 5237 revelata
1648 5169 1802 5253 apostolis
1827 5168 1982 5253 pleraque
2010 5189 2030 5233 a
2057 5167 2183 5234 Christi

172 5259 213 5325 Id
229 5261 338 5343 ipsum
354 5194 593 5341 apudlffiesaiam
614 5255 737 5323 dietum
753 5261 834 5336 erat,
851 5274 1039 5338 quanquam
1053 5275 1097 5338 pa
1131 5277 1151 5321 o
1203 5278 1349 5338 ascensu,
1367 5278 1450 5342 quae
1461 5257 1590 5340 seriptis
1600 5254 1836 5339 comprehensa
1850 5275 1919 5320 non
1935 5255 2009 5320 sint
2039 5252 2183 5336 Quando

243 5360 455 5434 Gdciniopera.
494 5358 594 5415 Vota
1930 5356 1966 5412 14
