4770 6030
208 337 275 400 tle
791 328 1057 397 INSTITUTIO
1078 329 1184 396 Ruti.
1206 327 1389 396 OHRIS'r.
1416 331 1645 393 lesa-1554.
2157 333 2222 395 420

1924 442 2222 513 nauseasse.

303 527 352 587 77.
395 523 443 588 Et
464 528 575 587 tamen
596 520 718 586 mirum
741 527 805 598 est,
834 540 933 601 quam
961 520 1078 602 supina
1099 539 1192 584 secu·
1244 518 1404 600 piscantia
1435 519 1562 583 animos
1589 527 1717 584 nostros
1745 431 1955 584 commoveht.
2001 519 2065 584 Oui
2086 540 2221 602 respon·

213 610 313 676 ritate
339 608 462 691 passim
488 607 525 671 in
546 606 610 671 hac
628 628 665 670 re
686 613 847 688 peccetur.
891 604 939 671 Ut
960 606 1118 691 rarissimi
1140 626 1191 669 re·
1244 602 1300 667 det
1321 624 1363 667 ex
1386 603 1522 669 adverso
1540 615 1760 687 praeceptum,
1783 613 1820 668 ut
1839 604 1996 687 quidquid
2012 605 2221 687 concipimus,

214 695 399 779 pariantur,
427 694 483 775 qui
504 695 578 758 'non
600 692 663 757 hoc
683 691 796 756 morbo
822 691 1009 756 notabiliter
1033 691 1190 769 laborent,
1244 688 1470 768 deliberamus,
1493 689 1653 768 volumus,
1675 689 1881 768 meditamur,
1904 690 1938 754 id
1958 712 2035 757 cum
2055 692 2220 773 proximo-

215 780 298 847 adeo
315 774 479 844 venenata
496 777 638 862 quadam
655 776 826 843 dulcedine
843 776 1044 843 oblectamur
1060 777 1095 841 in
1113 776 1191 840 alie·
1243 796 1319 839 rum
1339 776 1425 840 bono
1445 782 1479 840 et
1500 775 1727 841 commoditate
1754 777 1797 842 sit
1817 778 2037 842 coniunctum.
2078 775 2145 842 Sed
2165 777 2221 843 hie

204 867 268 931 nis
300 865 396 930 malis
427 871 499 930 tum
519 863 737 946 inquirendis,
768 870 842 927 tum
869 861 1067 946 detegendis.
1121 862 1191 927 Nee
1244 882 1365 945 magna
1385 872 1419 926 et
1440 862 1604 944 perplexa,
1627 870 1665 927 ut
1686 861 1830 940 videtur,
1855 862 2029 928 difficultas
2051 863 2144 929 nobi·
2166 885 2219 929 oc·

214 958 368 1036 putemus
384 951 537 1016 idoneam
554 971 625 1015 esse
638 950 891 1027 excusationem,
913 950 941 1014 si
959 969 1192 1031 saepenumero
1244 948 1354 1011 currit.
1401 945 1438 1012 Si
1465 949 1554 1012 enim
1576 969 1661 1014 vere
1677 950 1825 1030 superius
1853 970 1873 1013 a
1899 949 1992 1014 nobis
2015 949 2138 1015 dictum
2160 958 2219 1028 est,

212 1059 280 1102 non
302 1038 489 1102 mentimur.
533 1036 621 1100 Nam
641 1036 697 1117 qui
719 1035 871 1117 prohibet
890 1034 1059 1099 mendacio
1081 1034 1192 1098 fratris
1244 1034 1305 1098 sub
1333 1035 1537 1099 scortationis
1559 1042 1592 1098 et
1612 1034 1691 1098 furti
1713 1035 1892 1112 vocabulis,
1921 1035 2086 1101 scortandi
2111 1035 2219 1100 libidi-

214 1144 335 1188 nomen
363 1122 545 1205 deturpari,
578 1122 651 1188 vult
679 1122 777 1185 etiam
804 1120 968 1186 illibatum
995 1121 1190 1198 conservari,
1243 1140 1320 1183 nem
1342 1127 1375 1185 et
1395 1119 1535 1186 nocendi
1556 1119 1753 1202 fallendique
1775 1121 1948 1210 consilium
1975 1121 2134 1200 cohiberi,
2162 1144 2217 1187 su·

212 1218 375 1292 quantum
397 1231 456 1292 per
484 1209 659 1274 veritatem
693 1207 777 1272 licet.
829 1204 998 1288 Siquidem
1027 1214 1192 1287 utcunque
1244 1225 1444 1287 pervacuum
1466 1205 1565 1271 lirisse
1586 1206 1691 1271 videri
1708 1215 1813 1289 queat,
1837 1215 1875 1272 ut
1891 1207 1985 1272 nobis
2001 1214 2114 1288 postea
2130 1229 2219 1274 seor·

213 1295 263 1359 illi
286 1295 443 1361 adversus
463 1294 674 1360 mendacium
695 1299 825 1357 tantum
847 1299 971 1370 caveat,
994 1313 1032 1355 ec
1053 1292 1124 1373 ipso
1141 1300 1191 1355 ta-
1245 1311 1318 1354 sum
1340 1290 1521 1356 alienorum
1542 1293 1702 1357 bonorum
1723 1294 1983 1376 concupiscentia
2009 1293 2220 1359 interdicere-

212 1403 291 1446 men
319 1382 429 1446 innuit
455 1381 517 1446 sibi
544 1401 615 1445 esse
637 1377 909 1445 commendatum.
954 1379 1056 1460 Atqui
1077 1377 1112 1442 id
1133 1398 1192 1441 no·
1245 1381 1308 1440 tur.
1345 1374 1412 1441 Sed
1434 1379 1527 1443 nobis
1548 1378 1643 1443 facile
1661 1377 1782 1442 nodum
1798 1380 1898 1444 istum
1916 1379 2067 1460 expediet
2085 1379 2219 1446 distino-

163 1476 166 1481 “
212 1467 264 1532 bis
291 1467 441 1532 sufficere
468 1466 563 1531 debet
591 1465 633 1530 ad
660 1466 783 1529 famam
809 1466 958 1546 proximo
987 1464 1114 1529 salvam
1136 1486 1192 1528 cu·
1244 1463 1290 1526 tio
1316 1464 1403 1527 inter
1428 1464 1598 1528 eonsilium
1624 1472 1657 1528 et
1683 1466 1988 1546 concupiscentiam.
2038 1464 2219 1530 Consilium

215 1553 433 1618 stodiendam:
462 1552 605 1617 Domino
627 1572 700 1615 eam
722 1571 820 1614 curae
840 1571 918 1615 esse.
965 1547 1077 1629 Quare
1100 1549 1192 1613 dam·
1245 1548 1350 1627 enim,
1372 1549 1512 1630 qualiter
1533 1549 1573 1614 de
1602 1571 1639 1614 eo
1666 1551 1701 1614 in
1729 1551 1949 1633 superioribus
1969 1553 2150 1633 praeceptis
2171 1551 2219 1616 lo-

213 1645 314 1704 natur
351 1638 465 1721 procul
503 1638 601 1702 dubio
645 1639 682 1701 in
725 1637 916 1701 universum
954 1635 1191 1701 maledicentia.
1244 1635 1338 1715 qunti
1370 1657 1497 1711 sumus,
1538 1645 1587 1700 cst
1618 1636 1796 1701 deliberata
1829 1637 2007 1701 voluntatis
2039 1639 2218 1716 consensio,

214 1723 320 1789 Porro
352 1723 612 1789 maledicentiam
642 1722 870 1806 intelligimus,
903 1743 969 1786 non
996 1722 1193 1805 obiurgatio·
1246 1721 1302 1784 ubi
1323 1721 1470 1784 animum
1495 1720 1595 1786 libido
1620 1723 1815 1805 subiugavit.
1867 1721 2038 1805 Cupiditas
2065 1724 2147 1788 eitra
2169 1733 2218 1788 ta-

214 1831 292 1875 nem
320 1832 403 1892 quae
429 1811 468 1873 fit
494 1808 677 1893 castigandi
704 1807 825 1887 studio;
858 1829 926 1872 non
954 1809 1193 1873 accusationem
1244 1805 1310 1870 lem
1337 1815 1370 1870 et
1397 1805 1663 1872 deliberationem
1691 1817 1725 1872 et
1752 1809 1974 1873 assensionem
2000 1830 2071 1874 esse
2096 1817 2216 1891 potest:

217 1904 276 1962 aut
296 1896 506 1961 iudiciariam·
515 1894 804 1971 denuntiationem,
828 1915 892 1976 qua
904 1893 1087 1958 remedium
1101 1891 1212 1957 ,malo¹
1244 1912 1346 1973 quum
1374 1893 1504 1957 animus
1530 1894 1625 1958 vanis
1652 1896 1877 1976 perversisque
1904 1895 2037 1961 obiectis
2060 1897 2219 1979 pungitur

138 2028 153 2051 ι
215 1983 398 2065 quaeritur3
428 2003 494 2046 non
521 1980 686 2063 publicam
714 1979 1015 2062 reprehensionem,
1046 2001 1128 2061 quae
1151 1978 1193 2043 ad
1245 1977 1340 2043 modo
1364 1986 1398 2042 et
1424 1979 1584 2043 titillatur.
1629 1978 1915 2060 Quemadmodum
1942 2002 2020 2065 ergo
2041 1981 2218 2046 voluntati-

215 2067 444 2134 incutiendum
470 2067 606 2132 caeteris
634 2066 857 2148 peecatoribus
887 2073 1046 2130 terrorem
1072 2064 1191 2143 tendit;
1243 2063 1320 2140 bus,
1349 2063 1480 2143 studiis,
1509 2067 1675 2148 operibus,
1708 2067 1853 2131 caritatis
1885 2067 2036 2151 regulam
2068 2088 2219 2149 praeesse

216 2175 284 2218 non
301 2153 596 2218 manifestationem
614 2152 700 2235 apud
718 2173 781 2227 eos,
801 2173 940 2234 quorum
957 2151 1071 2216 salutis
1090 2152 1192 2214 inter·
1245 2149 1404 2214 hactenus
1421 2150 1583 2217 Dominus
1605 2153 1708 2230 iussit,
1731 2153 1778 2217 ita
1801 2152 1843 2217 ad
1861 2152 2000 2218 candem
2017 2175 2104 2218 nunc
2122 2153 2219 2237 dirigi

216 2247 268 2306 est
288 2239 507 2322 praemonitos
528 2239 643 2316 firisse,
676 2260 719 2302 ne
740 2239 935 2321 ignorantia
954 2237 1190 2326 periclitentur:
1245 2236 1346 2299 animi
1375 2238 1600 2318 conceptiones
1626 2239 1730 2316 iubet,
1764 2260 1806 2303 ne
1834 2240 1902 2303 sint
1928 2239 2015 2304 ullae
2041 2260 2163 2321 pravae
2185 2246 2219 2303 et

216 2325 274 2393 ssd
296 2325 440 2390 odiosam
462 2324 738 2401 criminationem,
766 2345 849 2406 quae
872 2345 913 2388 ex
935 2323 1140 2406 malignitate
1160 2330 1193 2386 et
1244 2329 1419 2400 contortae,
1431 2344 1513 2404 quae
1526 2326 1672 2388 animum
1682 2324 1839 2389 aliorsum
1849 2326 2069 2390 exstimulent
2093 2323 2218 2405 Quem-

215 2410 420 2478 obtrectandi
451 2409 634 2492 petulantia
660 2409 815 2474 nascitur.
861 2407 951 2489 Quin
979 2409 1043 2474 huc
1065 2429 1192 2490 quoque
1245 2405 1421 2471 admodum
1454 2411 1602 2473 animum
1629 2411 1752 2476 inflecti
1784 2418 1880 2494 atque
1912 2410 2025 2477 induci
2056 2413 2091 2475 in
2124 2412 2218 2488 iram,

216 2497 405 2562 extenditur
424 2495 618 2561 mandatum
639 2494 743 2573 istud,
767 2517 808 2560 ne
831 2495 1001 2560 scurrilem
1023 2495 1192 2559 urbanita·
1244 2492 1368 2571 odium,
1403 2497 1645 2572 scortationem,
1678 2497 1844 2579 rapinam,
1872 2496 2078 2562 mendacium
2104 2498 2219 2575 vetuit,

215 2590 284 2649 tem
305 2583 509 2659 affectemus,
540 2589 574 2645 et
595 2582 715 2646 amaris
737 2580 889 2646 laedoriis
909 2581 1096 2658 intinctam,
1120 2580 1192 2662 qui-
1244 2579 1291 2644 ita
1311 2601 1401 2644 nunc
1420 2580 1572 2662 prohibet
1591 2582 1750 2666 instigari.

214 2669 276 2735 bus
303 2668 442 2732 aliorum
472 2669 566 2744 vitia,
597 2669 658 2732 sub
685 2668 830 2749 imagine
857 2667 963 2744 lusus,
996 2667 1193 2732 mordaciter
1332 2670 1381 2729 it.
1426 2667 1540 2749 Neque
1567 2689 1645 2732 vero
1671 2669 1740 2732 sine
1768 2691 1867 2735 causa
1898 2675 2025 2732 tantam
2051 2667 2219 2731 rectitudi-

215 2755 488 2838 perstringantur.
534 2751 686 2833 Qualiter
707 2753 814 2818 solent
835 2753 999 2830 nonnulli,
1029 2755 1084 2835 qui
1105 2753 1192 2818 faee-
1243 2773 1320 2816 nem
1342 2753 1453 2835 exigit.
1498 2754 1684 2837 Numquis
1706 2775 1846 2836 aequum
1867 2775 1937 2819 esse
1964 2760 2077 2836 neget,
2104 2773 2218 2818 omnes

213 2841 336 2905 tiarum
369 2839 500 2904 laudem
527 2861 603 2904 oum
631 2839 770 2904 aliorum
796 2839 915 2903 rubore
935 2860 980 2903 ac
1008 2840 1109 2903 etiam
1136 2859 1192 2922 ge·
1241 2837 1373 2902 animae
1395 2840 1557 2920 potentias
1584 2841 1719 2905 caritate
1741 2838 1912 2922 occupari?
1963 2837 2001 2904 si
2022 2861 2086 2921 qua
2107 2848 2218 2902 autem

115 3004 118 3008 ⁴
212 2928 298 2991 mitu
319 2933 460 3008 captant.
506 2923 646 3005 Quando
668 2948 711 2989 ex
732 2924 891 2990 eiusmodi
912 2926 1107 3007 procacitate
1124 2946 1193 2988 non
1244 2924 1431 2988 acaritatis
1458 2946 1554 3008 scope
1575 2926 1717 3004 aberret,
1745 2927 1818 3008 quis
1844 2927 2030 2990 morbosam
2051 2947 2121 2990 esse
2143 2925 2217 2988 infi-

214 3012 331 3079 leviter
358 3011 524 3076 interdum
560 3012 679 3076 fratres
712 3011 919 3095 sugillantur.
967 3011 1066 3077 Nunc
1095 3012 1122 3076 si
1150 3009 1192 3074 ad
1243 3009 1366 3074 cietur?
1416 3010 1490 3074 Iam
1511 3033 1589 3075 vero
1615 3010 1704 3076 unde
1725 3013 1778 3091 fit,
1800 3019 1838 3075 ut
1857 3012 2004 3076 animum
2025 3019 2119 3075 tuum
2140 3013 2218 3077 sub·

214 3098 436 3181 legislatorem
453 3106 682 3162 convertamus
700 3098 819 3176 oculos,
838 3119 936 3180 quem
955 3098 1107 3162 convenit
1124 3118 1191 3160 non
1244 3103 1321 3160 eant
1354 3095 1547 3178 cupiditates
1586 3097 1682 3161 fratri
1715 3105 1771 3162 tuo
1801 3097 1991 3175 damnosae,
2031 3098 2095 3161 nisi
2131 3096 2218 3178 quod

98 3248 108 3270 ι
215 3184 325 3248 minus
355 3183 489 3247 auribus
517 3189 614 3264 atque
641 3185 750 3249 animo
772 3205 871 3266 quam
897 3183 1029 3266 linguae
1051 3203 1111 3264 pro
1132 3203 1191 3248 suo
1244 3181 1392 3264 neglecto
1417 3181 1474 3246 illo
1495 3183 1554 3248 tibi
1577 3183 1635 3246 uni
1655 3182 1788 3248 studes?
1840 3182 1879 3248 Si
1900 3184 2146 3255 enim-caritate
2168 3191 2218 3247 tc·

213 3270 286 3335 inre
309 3268 484 3346 dominari,
508 3277 676 3334 succurret
697 3276 798 3348 certe,
822 3276 855 3334 et
876 3268 1113 3335 audiendarum
1134 3269 1191 3333 ob·
1243 3274 1297 3332 tus
1319 3280 1405 3333 esset
1425 3269 1570 3333 imbutus
1591 3269 1734 3347 animus,
1758 3269 1849 3334 nulla
1871 3270 1940 3334 eius
1961 3269 2122 3351 particula
2143 3269 2218 3333 tali-

213 3356 447 3420 trectationum
468 3355 666 3434 aviditatem,
691 3361 723 3419 et
745 3357 968 3437 importunam
989 3354 1031 3419 ad
1058 3356 1192 3420 sinistra
1243 3354 1305 3419 bus
1325 3355 1612 3438 imaginationibus
1634 3362 1768 3437 pateret.
1808 3356 1960 3421 Vacnum
1982 3377 2060 3437 ergo
2082 3363 2218 3441 eatenus

213 3441 334 3507 iudicia
356 3442 614 3524 propensionem,
638 3441 742 3506 nihilo
762 3443 872 3505 minus
891 3440 1052 3506 interdici.
1081 3439 1191 3516 ,Ridi-
1244 3442 1378 3505 caritate
1401 3462 1472 3505 esse
1493 3448 1634 3523 oportet,
1662 3448 1823 3523 quatenus
1849 3442 2144 3523 concupiscentiam
2165 3462 2217 3505 re-

214 3528 325 3595 culum
346 3529 434 3592 enim
457 3535 514 3605 est,
539 3528 567 3591 si
588 3529 660 3610 quis
682 3535 777 3610 putet
796 3528 907 3591 Deum
928 3526 1034 3592 odisse
1055 3526 1192 3591 maledi·
1244 3527 1330 3608 cipit.
1375 3525 1517 3592 Obiiciet
1538 3528 1711 3610 quispiam:
1741 3549 1808 3592 non
1829 3535 1942 3592 tamen
1963 3536 2218 3592 consentaneum

215 3614 342 3678 cantiae
375 3614 410 3677 in
437 3613 552 3694 lingua
579 3615 743 3690 morbum,
776 3613 991 3697 malignitatis
1018 3613 1054 3676 in
1082 3613 1191 3680 animo
1244 3633 1322 3689 esse,
1335 3619 1373 3676 ιιι
1389 3613 1591 3694 phantasiae,
1611 3634 1694 3696 quae
1704 3620 1827 3679 temere
1844 3613 2035 3678 volutantur
2053 3614 2089 3674 in
2105 3625 2217 3676 mente

214 3720 279 3763 non
312 3700 506 3781 improbare.
557 3697 670 3779 Quare
702 3701 730 3764 si
762 3722 861 3765 verus
893 3707 943 3764 est
971 3700 1068 3763 timor
1095 3707 1191 3781 atque
1244 3707 1276 3763 et
1297 3698 1431 3763 tandem
1453 3708 1665 3777 evanescunt,
1689 3720 1748 3782 pro
1769 3700 2054 3782 concupiscentiis,
2076 3718 2217 3780 quarum

131 3797 138 3805 “
215 3805 306 3849 amor
333 3785 397 3849 Dei
429 3786 464 3849 in
491 3786 599 3863 nobis,
623 3786 738 3851 demus
760 3806 902 3868 operam,
935 3784 1042 3867 quoad
1061 3785 1138 3850 licet
1158 3791 1192 3849 et
1244 3784 1337 3849 sedes
1354 3786 1389 3849 in
1409 3784 1504 3850 corde
1517 3793 1575 3860 est,
1589 3785 1796 3850 damnentur.
1823 3784 2028 3867 Respondeo‚
2047 3783 2101 3848 hic
2118 3805 2217 3866 quae-

214 3869 360 3952 expedit,
388 3876 422 3934 et
449 3880 610 3953 quantum
637 3872 701 3937 lert
726 3873 858 3950 caritas,
887 3893 929 3936 ne
955 3870 1137 3937 maledictis
1158 3877 1192 3936 et
1243 3871 1380 3935 stionem
1406 3892 1477 3936 esec
1497 3870 1538 3935 de
1560 3872 1629 3936 eius
1651 3873 1782 3955 generis
1807 3871 2004 3954 phantasiis,
2032 3892 2115 3955 quoe
2138 3869 2217 3934 dnm

215 3957 336 4020 amaris
362 3955 561 4021 salibuevcl
588 3957 737 4041 linguam
757 3958 812 4023 vel
838 3980 934 4022 aures
961 3958 1175 4040 praebeamus
1182 3980 1190 4035 ;
1243 3957 1407 4023 mentibus
1430 3958 1646 4021 obversantur
1669 3957 1767 4022 simul
1781 3958 1929 4022 animum
1941 3956 2118 4039 eupiditate
2130 3978 2217 4021 mor·

214 4062 258 4107 ne
279 4042 417 4124 obliquis
440 4042 677 4125 suspicionibus
705 4053 828 4109 temere
850 4050 995 4109 mentem
1021 4043 1190 4125 permitta-
1243 4042 1323 4107 dent
1349 4065 1387 4108 ac
1414 4043 1548 4121 feriunt3
1581 4042 1844 4125 quandoquidem
1865 4064 2035 4123 nunquam
2061 4043 2098 4106 in
2124 4064 2217 4107 men·
2321 4064 2322 4070 ¹

213 4150 302 4207 mus;
333 4127 390 4192 sed
418 4128 513 4210 aequi
538 4150 619 4212 erga
645 4131 792 4195 omnium
814 4129 956 4195 dictast
982 4130 1068 4194 facta
1089 4130 1190 4193 inter·
1243 4137 1310 4197 tem
1332 4130 1423 4195 venit
1444 4137 1555 4211 optare
1576 4129 1712 4210 aliquid,
1734 4130 1814 4211 quin
1836 4151 1892 4194 cor
1911 4129 2089 4194 excitatum
2111 4128 2215 4193 saliat.

212 4220 336 4297 pratas,
370 4222 442 4277 tum
462 4215 596 4293 iudicio,
625 4222 697 4280 tum
719 4216 868 4294 auribus,
896 4223 968 4280 tum
990 4217 1105 4298 lingua
1126 4213 1191 4280 sal-
1242 4216 1430 4280 Mirabilem
1460 4235 1537 4297 ergo
1566 4214 1747 4280 dilectimis
1770 4214 1919 4281 ardorem
1936 4216 2100 4280 Dominus
2122 4236 2216 4278 man-

213 4322 293 4367 vum
315 4299 380 4365 illie
402 4321 498 4364 suum
521 4301 678 4367 honorem
700 4302 839 4367 candide
860 4323 1036 4368 servemus.
1243 4300 1308 4378 dat,
1331 4322 1429 4384 quem
1449 4322 1493 4365 ne
1512 4301 1657 4381 minimis
1678 4301 1809 4383 quidem
1826 4301 2105 4384 concupiscentiae
2126 4300 2217 4363 tricis

1242 4387 1315 4454 vult
1335 4385 1494 4470 impediri.
1534 4387 1694 4451 Animum
1715 4387 1851 4452 mirifice
1873 4388 2087 4469 compositum
2108 4385 2216 4466 requi·

1242 4474 1295 4552 rit,
1318 4494 1415 4555 quem
1432 4494 1475 4536 ne
1495 4472 1621 4537 levibus
1638 4471 1770 4556 quidem
1786 4473 1908 4537 aculeis
1925 4472 2121 4538 commoveri
2138 4492 2216 4536 con-

416 4558 735 4625 PRAEOEPTUM
752 4558 982 4625 DECIMUM.
1243 4567 1295 4624 tra
1316 4558 1497 4624 dilectionis
1524 4558 1632 4642 legem
1657 4559 1788 4640 patitur.
1834 4557 1888 4622 Ad
1915 4559 2000 4623 hanc
2028 4556 2215 4639 intelligen-

1242 4646 1323 4709 tiam
1356 4644 1438 4709 mihi
1470 4645 1615 4727 primum
1646 4645 1735 4709 viam
1767 4644 1895 4725 aperuit
1920 4643 2138 4725 Augustinua3
2173 4662 2215 4704 ne

210 4735 309 4817 Non
330 4736 597 4846 concupisces
617 4736 790 4818 domum
811 4734 1086 4847 proximitui,
1109 4746 1187 4817 etc.
1241 4733 1336 4830 gravi
1356 4730 1513 4814 ruffi-agio
1534 4731 1757 4831 cadmean
1775 4735 1879 4828 putee.
1912 4728 2118 4826 aulantem
2134 4747 2216 4825 qua

364 4859 369 4864 -
1240 4817 1320 4883 hbet
1340 4838 1444 4900 prava
1471 4817 1648 4900 eupiditate
1674 4813 1868 4880 interdicere
1889 4811 2060 4879 consilium
2080 4813 2215 4876 Domrm

297 4906 347 4966 78.
392 4902 489 4967 Finis
510 4910 574 4968 est:
605 4902 760 4985 quoniam
787 4906 889 4965 totam
916 4901 1061 4966 animam
1089 4899 1189 4969 dilec-
1240 4904 1310 4982 fuit
1334 4923 1374 4968 ea
1392 4910 1505 4968 tamen
1526 4903 1652 4968 obiecta
1671 4902 1707 4966 in
1728 4898 1916 4982 exemplum
1933 4899 2108 4981 proposuit,
2131 4919 2215 4981 quae

210 4987 306 5052 tionis
331 4989 451 5053 affectu
472 4988 632 5070 possideri
650 4986 723 5054 vult
739 4987 842 5065 Deus,
864 5007 996 5051 omnem
1015 4986 1189 5054 adversam
1238 4989 1323 5055 falsa
1354 4988 1577 5055 delectationis
1613 4986 1756 5070 imagine
1788 5007 1848 5050 nos
1880 4993 1919 5049 ιιι
1948 4984 2128 5066 plurimum
2161 5007 2215 5050 ca·

209 5073 338 5138 caritati
356 5072 568 5155 cupiditatem
585 5095 627 5138 ex
646 5073 765 5138 animis
782 5072 1019 5138 excutiendam.
1049 5071 1189 5139 Summa
1239 5077 1348 5157 piunt;
1370 5096 1413 5139 ne
1433 5073 1511 5156 quid
1528 5073 1697 5156 cupiditati
1713 5092 1848 5154 prorsus
1868 5071 2076 5153 relinqueret,
2099 5072 2155 5137 ubi
2173 5072 2214 5137 ab

207 5157 310 5241 igitur
343 5160 419 5224 erit:
455 5180 497 5222 ne
530 5181 594 5241 qua
621 5159 773 5242 cogitatio
805 5157 900 5224 nobis
931 5160 1071 5242 irrepat,
1104 5180 1187 5243 quae
1238 5161 1279 5227 iia
1294 5161 1393 5228 rebus
1410 5159 1551 5225 retrahit
1566 5160 1691 5241 inquas
1707 5158 1913 5239 potissimum
1922 5157 2045 5222 insanit
2062 5157 2215 5224 etexsul-

207 5244 308 5308 noxia
336 5246 433 5309 etin
461 5244 596 5310 alterius
624 5244 857 5311 detrimentum
883 5251 1042 5330 vergente
1069 5267 1187 5312 conou-
1238 5255 1296 5312 tat
1340 5246 1395 5312 En
1422 5244 1566 5311 secunda
1591 5244 1674 5327 legis
1694 5242 1822 5322 tabula,
1851 5244 1888 5308 in
1908 5264 1974 5327 qua
2001 5244 2081 5309 satis
2103 5243 2215 5310 admo-
