4770 6030
186 340 228 402 aa
331 293 334 299 ¹
836 329 1230 402 maurusiorum.
1251 332 1432 402 cuniae.
1459 337 1550 450 mas.
2135 338 2197 400 100

187 548 230 593 ex
251 547 288 594 so
306 524 432 592 habent
451 522 591 605 viribus,
608 518 708 590 nobis
727 524 809 590 satis
829 525 885 606 sit,
908 525 994 608 quod
1014 544 1081 591 una
1101 524 1167 589 Dei
1219 530 1337 589 conatu
1358 522 1481 600 valent,
1509 522 1734 588 adversantur.
1779 521 1871 590 Haec
1897 525 1946 589 ita
1966 524 2119 590 nolumus
2142 547 2197 592 ao·

185 614 309 682 vimlts
329 620 455 678 stamus
476 619 510 677 at
529 611 687 678 valemus.
1219 610 1291 692 cipi,
1314 609 1408 691 qnasi
1429 608 1492 674 hac
1513 608 1669 691 precandi
1692 606 1734 694 [p.
1756 607 1830 696 199]
1849 610 1990 675 formula
2011 610 2197 696 adstringa-

275 699 357 764 h'res
382 699 465 763 istae
490 698 709 781 precationes,
737 696 853 779 quibus
879 696 1087 781 peculiariter
1107 717 1167 761 nos
1218 716 1310 773 mur,
1338 704 1377 759 ιιι
1404 716 1466 760 uec
1492 694 1630 761 verbnm
1656 704 1716 759 aut
1745 695 1907 779 syllabam
1932 703 2060 763 mutare
2090 697 2195 763 liceat

188 806 227 851 ac
247 791 360 850 nostra
385 785 459 849 Deo
479 782 759 862 commendamus,
787 781 955 848 evidenter
980 781 1165 861 ostendunt,
1219 779 1347 846 Multae
1374 781 1463 845 enim
1490 782 1612 863 passim
1640 780 1677 844 in
1703 781 1873 863 scripturis
1900 782 2057 865 leguntur
2078 784 2198 849 oratio·

189 869 275 953 quod
297 877 395 935 antea
421 869 578 934 diximus:
608 867 649 955 [p.
669 866 744 955 194]
763 867 1027 934 Christianorum
1048 868 1166 932 oratio-
1219 888 1292 944 nes,
1324 867 1434 932 verbis
1466 868 1506 932 ab
1538 867 1602 931 ista
1627 866 1725 949 longe
1752 865 1912 946 diversae,
1946 867 2060 933 eodem
2086 876 2198 934 tamen

190 977 250 1021 nes
276 956 423 1039 publicas
451 976 523 1021 esse
550 954 681 1034 debere,
710 975 748 1019 ac
770 956 806 1019 in
827 955 991 1036 publicam
1013 954 1179 1030 ecclesiae,
1220 953 1337 1036 spiritu
1358 952 1568 1034 conscriptae,
1591 960 1625 1016 et
1648 973 1788 1034 quarum
1809 974 1889 1018 usus
1910 953 2006 1018 valde
2027 955 2198 1020 utilisno·

189 1042 448 1108 aedificationem
471 1040 779 1124 communionisque
810 1040 956 1104 fidelium
987 1040 1167 1122 profectum
1219 1038 1270 1103 bis
1297 1044 1354 1103 est
1399 1036 1440 1101 Id
1463 1036 1625 1102 duntaxat
1649 1039 1701 1102 sio·
1724 1037 1869 1104 docendo
1891 1040 2033 1122 agimus,
2061 1043 2197 1124 nequis

189 1134 345 1212 spectare.
377 1129 454 1193 Non
475 1129 564 1192 enim
581 1127 643 1191 sibi
661 1128 797 1209 quisque
813 1127 968 1208 privatim
984 1125 1056 1190 dari
1074 1124 1167 1207 quid·
1219 1124 1353 1188 omnino
1374 1122 1463 1188 aliud
1489 1131 1637 1206 quaerat,
1664 1131 1814 1207 expectet
1834 1134 1892 1190 aut
1911 1127 2066 1208 postulet,
2099 1149 2199 1210 quam

189 1235 288 1297 qnam
313 1214 471 1297 postulat,
504 1233 622 1278 verum
643 1232 756 1277 omnes
783 1212 818 1276 in
837 1232 1021 1290 commune,
1049 1230 1168 1294 panem
1220 1209 1306 1292 quod
1327 1209 1556 1275 honoratione
1578 1211 1767 1274 summatim
1784 1210 2057 1293 comprehensum
2073 1224 2132 1292 est,
2154 1221 2198 1292 et,

188 1307 347 1380 nostrum,
371 1300 595 1364 remissionem
615 1306 832 1381 peccatorum,
854 1319 897 1363 ne
918 1297 1113 1362 inducamur
1133 1297 1168 1360 in
1220 1295 1329 1361 verbis
1356 1295 1433 1360 licet
1459 1295 1703 1372 diversissimis,
1732 1317 1830 1362 seusu
1857 1306 1969 1361 tamen
1994 1320 2061 1363 non
2082 1300 2197 1365 variet

190 1387 412 1465 tentationem,
430 1394 468 1449 ut
485 1407 506 1450 a
522 1384 667 1468 maligno
681 1384 867 1462 liberemur,
880 1383 1052 1466 poscimus.
1081 1381 1168 1447 Gau·
1222 1379 1297 1460 Quo
1317 1380 1413 1446 modo
1434 1398 1557 1459 omues,
1579 1402 1663 1463 quae
1683 1382 1720 1455 in
1740 1383 1910 1464 scripturis
1931 1383 2102 1464 habentur,
2125 1406 2199 1450 ora»

192 1492 230 1537 sa
250 1479 420 1554 praeterea
441 1471 620 1550 subiicitur,
642 1491 702 1535 our
721 1476 815 1535 tanta
836 1470 879 1535 sit
895 1469 989 1534 nobis
1006 1477 1039 1533 et
1056 1476 1169 1552 peten-
1221 1468 1326 1531 tiones
1353 1467 1389 1530 in
1414 1466 1501 1532 hano
1528 1467 1669 1531 conferri
1694 1475 1822 1533 certum
1848 1477 1906 1534 est.
1957 1469 2093 1535 Nullam
2119 1491 2199 1536 sane

191 1559 224 1623 di
248 1556 385 1623 andusia
405 1563 439 1622 et
457 1556 579 1622 fiducia
599 1555 775 1622 obtinendi.
1221 1553 1365 1634 inperite
1396 1573 1536 1635 usquam
1570 1553 1682 1632 liceat,
1716 1574 1800 1637 quae
1832 1554 1931 1620 huius
1968 1557 2200 1638 perfectionem

1223 1659 1371 1721 aequare,
1393 1637 1516 1702 nedum
1537 1659 1692 1721 superare
1714 1640 1824 1723 possit
1855 1641 1949 1705 Nihil
1971 1641 2024 1708 hic
2042 1644 2200 1708 omissum

1223 1732 1281 1802 est,
1304 1723 1390 1805 quod
1410 1725 1446 1788 in
1467 1725 1532 1789 Dei
1552 1725 1666 1791 laudes
1688 1727 1838 1809 cogitari,
1860 1727 1946 1803 nihil
1966 1727 2053 1811 quod
2074 1728 2200 1793 homini

192 1801 306 1909 Quia
335 1812 460 1883 tuum
498 1811 567 1883 est
602 1829 786 1911 regulum
816 1810 861 1883 θι
897 1799 1089 1912 potentia
1126 1808 1171 1881 eb
1222 1830 1282 1892 pro
1310 1811 1378 1875 suis
1406 1809 1582 1875 commodis
1608 1811 1645 1874 iu
1672 1817 1817 1876 mentem
1844 1815 1958 1878 venire
1985 1813 2108 1879 debeat.
2152 1815 2201 1878 Et

311 1920 471 2032 gloria,
501 1920 546 2002 in
576 1920 745 2004 saecula
776 1920 1079 2017 saeculorum.¹
1223 1894 1836 2063 ffifflmgffiefffiffitfgnffiffiffibm
1857 1900 1974 1964 merito
1995 1921 2071 1984 ⁸9⁰⁹
2090 1901 2201 1966 ablata

277 2071 380 2148 Haec,
403 2071 486 2136 haec
506 2069 610 2135 solida
631 2069 870 2152 tranquillaque
887 2069 1024 2134 estfidei
1041 2075 1172 2133 nostrae
1308 2067 1350 2130 Ιιι
1371 2088 1516 2144 summa,
1543 2070 1790 2135 meminerimus
1810 2070 1896 2136 hanc
1918 2070 2049 2136 divinae
2071 2073 2201 2156 sapian-

192 2159 329 2242 requios.
373 2156 461 2222 Nam
484 2157 511 2221 si
538 2167 651 2221 nostra
672 2155 830 2239 dignitate
852 2162 983 2220 nostrae
1004 2156 1076 2220 Deo
1098 2176 1171 2219 ora·
1223 2153 1288 2217 tiae
1310 2173 1381 2217 esse
1403 2152 1598 2232 doctrinam,
1619 2176 1702 2236 quae
1724 2155 1811 2238 quod
1827 2156 1931 2222 voluit
1952 2156 2074 2236 docuit,
2096 2158 2202 2223 voluit

194 2246 299 2310 tiones
317 2240 593 2308 commendandae
610 2251 728 2320 esseut,
748 2241 822 2324 quis
838 2242 971 2305 omnino
988 2241 1042 2307 vel
1052 2241 1172 2306 mutire
1224 2245 1334 2302 antem
1354 2237 1440 2321 quod
1467 2260 1598 2304 neeesse
1620 2241 1689 2304 fuit
1741 2241 1940 2325 Quanquam
1966 2253 2076 2308 autem
2100 2264 2202 2326 snpra

197 2350 307 2396 coram
328 2329 401 2394 Deo
423 2327 578 2393 auderet?
615 2327 722 2406 Nunc,
746 2334 784 2391 ut
804 2327 981 2391 miserrimi
1000 2328 1112 2405 simus,
1134 2334 1172 2391 ut
1223 2325 1289 2388 iam
1316 2323 1440 2389 dictum
1467 2333 1530 2401 est,
1559 2326 1695 2391 sublatis
1722 2327 1765 2392 ad
1790 2328 1900 2393 Deum
1927 2329 2045 2399 animis
2072 2350 2202 2413 semper

196 2415 343 2481 omnium
369 2413 602 2498 indignissimi,
631 2419 670 2478 ut
694 2412 785 2478 omni
807 2413 1087 2495 commendatione
1112 2434 1171 2477 va-
1223 2408 1455 2492 suspirandum
1476 2417 1510 2474 et
1530 2412 1601 2476 sine
1618 2413 1857 2479 intermissione
1874 2414 2048 2495 orandum;
2069 2415 2201 2499 quando

108 2573 112 2587 ,
193 2503 255 2581 cui,
275 2519 444 2583 nunquam
465 2506 576 2564 tamen
597 2498 714 2564 orandi
734 2519 794 2564 nos
811 2519 910 2565 causa
927 2498 1063 2578 deficiet,
1086 2520 1171 2563 nun·
1223 2503 1333 2560 tamen
1355 2517 1395 2560 ea
1416 2501 1528 2561 nostra
1548 2505 1599 2562 est
1619 2498 1833 2578 imbecillitas,
1856 2521 1939 2583 quae
1961 2501 2073 2566 multis
2094 2501 2200 2566 admi·

193 2608 292 2671 quam
324 2585 445 2652 fiducia
477 2584 646 2650 destituet:
687 2582 818 2667 quando
850 2606 910 2650 nec
942 2585 1029 2666 patri
1060 2591 1171 2649 nostro
1222 2582 1340 2646 niculis
1356 2583 1549 2661 sustentari,
1568 2584 1597 2648 is
1614 2593 1725 2649 noster
1741 2593 1853 2668 torpor
1869 2587 1925 2669 qui
1942 2586 2120 2652 calcaribus
2139 2608 2199 2651 ex·

193 2692 333 2758 regnum
354 2692 460 2749 suum,
483 2671 637 2753 potentia,
660 2671 772 2755 gloria,
795 2671 877 2753 eripi
898 2676 1013 2752 potest.
1055 2670 1110 2735 Ad
1130 2672 1171 2735 fi·
1221 2668 1316 2733 citari
1337 2688 1418 2750 opus
1440 2667 1568 2747 habeat,
1591 2671 1744 2735 convenit
1765 2678 1804 2735 ut
1820 2672 1882 2737 sibi
1898 2673 2032 2754 quisque
2048 2680 2200 2738 nostrum

180 2779 269 2825 vnem
297 2757 442 2824 additur:
471 2757 607 2821 Amen:
636 2777 700 2839 qno
723 2755 821 2821 ardor
842 2755 994 2821 desiderii
1015 2757 1171 2839 exprimi·
1221 2753 1463 2819 exercitationis
1473 2776 1572 2820 causa
1581 2756 1762 2838 peculiares
1771 2757 1870 2822 horas
1878 2760 2062 2837 constituat,
2071 2755 2198 2857 [plat]

190 2852 248 2911 tur
261 2843 441 2924 ,obtinendi
467 2863 551 2925 quae
574 2863 594 2907 a
614 2843 687 2907 Deo
708 2842 811 2924 petita
837 2849 928 2920 sunt,
955 2849 989 2907 et
1016 2863 1090 2925 spes
1111 2863 1169 2907 no-
1221 2861 1305 2922 quae
1326 2861 1392 2904 non
1414 2840 1485 2905 sine
1506 2841 1651 2906 oratione
1672 2843 1809 2907 effluant
1830 2851 1863 2908 et
1886 2865 1970 2927 quae
1990 2851 2075 2910 totos
2098 2846 2201 2910 animi

192 2939 262 2998 stra
288 2931 516 3006 confirmatur,
549 2926 737 2993 huiusmodi
762 2929 873 2992 omnia
896 2928 963 2992 iam
994 2929 1170 3011 impetrata
1222 2926 1358 2991 affectus
1385 2926 1420 2989 ιιι
1442 2926 1504 2990 hoc
1530 2928 1661 3009 penitus
1682 2935 1855 3012 occupatos
1876 2930 2028 2996 habeant
2072 2931 2201 3013 Nempe

192 3039 264 3084 esse
294 3026 328 3082 et
354 3023 443 3082 certo
470 3014 564 3079 nobis
590 3034 779 3079 concessum
805 3014 860 3093 iri,
894 3013 1024 3097 quando
1052 3035 1072 3078 a
1096 3015 1169 3079 Deo
1221 3011 1301 3076 dum
1323 3032 1420 3077 manc
1437 3013 1611 3096 surgimus,
1630 3021 1804 3097 antequam
1822 3015 1975 3082 diurnam
1991 3037 2124 3100 operam
2142 3037 2202 3101 ag-

191 3104 352 3186 promissa
384 3107 477 3179 suut,
511 3100 567 3182 qui
597 3099 711 3164 fallere
742 3120 809 3163 uon
839 3106 954 3182 potest.
998 3099 1168 3165 Habemus
1221 3097 1403 3181 gradimur,
1431 3097 1510 3162 dum
1532 3097 1574 3162 ad
1600 3108 1731 3181 pastum
1758 3100 2006 3182 discumbimus,
2034 3103 2114 3168 dum
2134 3101 2202 3169 Dei

192 3187 349 3272 quidquid
371 3207 391 3251 a
414 3186 488 3251 Deo
514 3192 624 3268 petere
648 3183 689 3271 [p.
704 3182 785 3335 19ῡέ
799 3184 954 3251 debemus
975 3206 1013 3252 ao
1035 3187 1169 3252 omnino
1221 3183 1444 3249 benedictione
1465 3185 1551 3266 pasti
1571 3206 1692 3266 sumus,
1716 3185 1795 3251 dum
1817 3186 1859 3252 ad
1880 3189 2022 3271 quietem
2039 3210 2100 3255 nos
2116 3188 2202 3255 reci·

192 3275 292 3340 etiam
318 3293 506 3356 possumus,
535 3270 735 3354 descriptum
786 3292 825 3336 ao
851 3270 993 3335 formula
1018 3276 1052 3336 et
1077 3271 1170 3336 velut
1220 3270 1337 3352 pimus.
1386 3269 1481 3336 Haec
1508 3269 1604 3336 modo
1632 3272 1766 3337 sitnon
1792 3275 2017 3356 superstitiosa
2042 3275 2203 3341 horarum

191 3358 309 3426 orandi
331 3358 448 3442 regula
473 3358 515 3422 ab
542 3357 663 3442 optimo
693 3357 851 3440 magistro
878 3355 1011 3422 Christo
1037 3356 1167 3437 tradita,
1220 3355 1411 3433 observatio,
1429 3356 1556 3438 quibus,
1577 3376 1637 3422 ceu
1653 3378 1791 3440 pensum
1802 3360 1875 3424 Deo
1892 3361 2063 3440 solventes,
2081 3361 2203 3427 inosc-

187 3466 289 3529 ·quem
309 3445 404 3510 nobis
424 3443 591 3509 doctorem
610 3449 704 3525 pater
724 3442 881 3524 praefecit
900 3449 1048 3524 atquem
1064 3464 1169 3508 unum
1221 3452 1308 3506 teras
1329 3440 1428 3506 horas
1452 3440 1596 3513 dehinoti
1622 3443 1716 3509 nobis
1736 3444 1922 3525 videamur3
1950 3447 2007 3512 sed
2029 3446 2201 3513 imbecilli·

193 3531 371 3597 ausoultari
397 3538 495 3613 atque
522 3527 671 3593 exaudiri
692 3526 1037 3613 voluitfflatth.17).
1081 3529 1169 3594 Nam
1221 3528 1298 3593 tatis
1318 3533 1449 3592 nostrae
1471 3527 1680 3612 paedagogia,
1702 3551 1768 3612 qua
1789 3532 1836 3597 sio
1852 3539 2044 3598 exerceatur
2065 3539 2099 3596 et
2119 3532 2199 3598 sub-

192 3624 226 3683 et
243 3623 379 3682 aeterna
394 3616 464 3681 eius
482 3614 642 3697 sapientia
658 3634 788 3696 sempor
803 3613 878 3678 tuit:
893 3620 931 3690 et
947 3614 1168 3694 humefactus,
1219 3612 1301 3678 inde
1317 3613 1511 3678 stimuletur.
1554 3613 1755 3680 Praesertim
1775 3617 1912 3684 sollicite
1932 3617 2114 3684 curandum
2136 3624 2197 3698 est,

192 3702 331 3787 angelus
352 3703 465 3786 magni
487 3700 613 3767 consilii
634 3700 822 3765 hominibus
841 3699 937 3764 datus
958 3708 1009 3765 est
1030 3699 1107 3785 (Ies
1122 3700 1166 3787 9).
1220 3707 1258 3762 ut
1278 3700 1403 3780 quoties
1424 3699 1533 3781 aliqua
1554 3721 1665 3764 rerum
1683 3703 1835 3784 angustia
1852 3711 1909 3768 aut
1925 3705 1988 3787 ipsi
2004 3705 2197 3786 premimur,

192 3791 303 3872 Atque
324 3787 405 3853 adeo
422 3788 573 3853 numeris
594 3787 746 3851 omnibus
763 3785 911 3850 absoluta
928 3793 978 3851 est
994 3787 1076 3852 haec
1095 3808 1169 3852 ora·
1221 3792 1278 3849 aut
1297 3785 1401 3866 premi
1423 3785 1503 3850 ahos
1524 3784 1682 3866 videmus,
1705 3786 1748 3850 ad
1763 3809 1844 3873 ‚eum
1861 3791 1972 3855 statim
1989 3791 2105 3869 citatis,
2128 3812 2198 3856 nou

193 3875 248 3954 tio,
271 3882 309 3938 ut
329 3872 486 3956 quidquid
512 3873 561 3938 illi
583 3880 780 3937 extraneum
800 3872 1006 3955 alienumque
1027 3872 1167 3952 additum,
1220 3869 1370 3952 pedibus
1399 3869 1456 3935 sed
1481 3872 1599 3936 animis
1626 3893 1847 3954 recurramus;
1875 3875 1991 3940 deinde
2017 3898 2060 3941 ne
2085 3897 2196 3959 quam,

193 3960 280 4043 quod
307 3959 349 4024 ad
370 3980 444 4024 eam
465 3960 582 4023 referri
601 3980 669 4022 non
696 3958 814 4040 possit,
841 3958 979 4042 impium
1000 3959 1042 4023 sit
1064 3965 1098 4023 et
1117 3959 1169 4022 in·
1222 3962 1279 4020 aut
1304 3963 1463 4033 nostram,
1493 3964 1550 4020 aut
1576 3956 1714 4022 aliorum
1739 3962 1988 4043 prosperitatem
2018 3963 2200 4044 praeterire

194 4045 334 4130 dignum
355 4045 441 4128 quod
463 4066 483 4109 a
504 4045 576 4109 Deo
597 4043 802 4109 concedatur.
833 4043 908 4109 Hac
930 4044 1019 4108 enim
1041 4064 1170 4108 summa
1221 4042 1381 4120 sinamus,
1409 4043 1488 4124 quin
1512 4042 1609 4107 laude
1636 4066 1674 4110 ac
1702 4047 1883 4129 gratiarum
1910 4048 2035 4113 actione
2062 4069 2202 4115 manum

67 4128 78 4145 ⁸
192 4131 418 4216 praescripsit,
446 4130 524 4212 quid
552 4152 588 4195 se
616 4128 767 4213 dignum,
795 4128 873 4212 quid
900 4129 961 4195 sibi
990 4139 1168 4213 acceptum,
1221 4128 1291 4192 cius
1308 4147 1483 4211 agnoscere
1499 4148 1560 4193 nos
1577 4135 1743 4196 testemur.
1776 4132 1956 4213 Postremo,
1975 4133 2036 4199 hoc
2052 4134 2088 4198 in
2107 4136 2201 4200 omui

192 4217 271 4301 quid
293 4215 516 4282 neeessmium
534 4215 628 4280 nobis
650 4215 706 4295 sit,
734 4215 812 4298 quid
834 4215 973 4298 denique
994 4214 1170 4281 concedere
1221 4213 1365 4277 emtione
1392 4213 1448 4277 dili
1473 4220 1566 4278 enter
1592 4214 1831 4283 observandum
1853 4228 1919 4298 est,
1946 4240 1989 4284 no
2011 4221 2108 4285 certis
2130 4221 2197 4286 cir-

193 4303 263 4390 ipse
283 4302 373 4369 velit.
1221 4298 1424 4364 cumstantiis
1480 4321 1555 4364 eum
1576 4300 1711 4385 alligare
1733 4303 1880 4384 velimus,
1902 4327 1944 4369 ne
1965 4305 2013 4369 illi
2034 4306 2197 4390 praescri·

280 4388 504 4470 Quamobrem
524 4387 580 4469 qui
600 4385 690 4451 ultra
708 4386 861 4470 progredi
881 4385 1004 4451 audent
1024 4392 1058 4450 et
1074 4405 1169 4467 prae-
1221 4385 1313 4463 bere,
1340 4405 1404 4466 quo
1425 4383 1507 4467 quid¹
1524 4393 1684 4470 tempore,
1706 4410 1770 4472 quo
1791 4389 1874 4470 loco,
1894 4412 1960 4474 qua
1979 4393 2105 4457 ratione
2126 4393 2196 4459 fao·

193 4481 245 4540 ber
265 4475 348 4561 haec
375 4474 488 4539 aDeo
516 4472 638 4556 aliquid
664 4472 844 4555 postulare,
872 4472 1017 4555 primum
1038 4470 1169 4553 quidam
1221 4477 1315 4534 turus
1343 4471 1393 4534 sit
1444 4469 1595 4551 Qualiter
1623 4473 1685 4539 hac
1706 4476 1852 4540 oratione
1873 4475 2041 4555 docemur,
2068 4477 2198 4544 nullam
2236 4500 2240 4505 ’

193 4561 372 4642 sapientiae
392 4561 456 4626 Dei
478 4580 521 4625 ex
543 4579 602 4625 suo
623 4556 743 4624 addere
764 4559 893 4634 volunt,
916 4555 1003 4639 quod
1025 4557 1096 4621 siue
1116 4557 1169 4620 in-
1220 4555 1269 4619 illi
1289 4555 1396 4639 legem
1417 4557 1519 4640 figere
1541 4565 1598 4622 aut
1618 4559 1835 4626 conditionem
1851 4563 2026 4645 imponere,
2049 4563 2107 4628 sed
2124 4565 2197 4630 eius

193 4666 276 4710 sana
296 4642 500 4730 blasphemia
520 4666 591 4712 csse
608 4666 676 4710 non
694 4652 814 4728 potest3
836 4640 953 4708 deinde
974 4642 1035 4706 sub
1052 4641 1169 4707 volun·
1221 4641 1355 4706 arbitrio
1380 4643 1582 4724 permittere,
1608 4652 1646 4709 ut
1669 4667 1755 4729 'quae
1780 4648 1926 4713 tacturus
1953 4656 2015 4728 est,
2043 4666 2109 4733 qua
2132 4651 2198 4716 sibi

192 4737 260 4796 tate
280 4731 347 4797 Dei
370 4753 438 4797 non
462 4754 498 4798 se
519 4732 703 4810 continent,
730 4729 788 4794 sed
815 4749 855 4794 ea
881 4732 1068 4809 contempta
1098 4727 1169 4792 lon·
1221 4727 1360 4805 ratione,
1382 4747 1446 4811 quo
1467 4736 1627 4812 tempore,
1648 4752 1712 4814 quo
1732 4732 1802 4798 loco
1823 4735 1932 4799 visum
1952 4735 2064 4815 fuerit,
2086 4736 2196 4802 faciat

194 4818 268 4902 gius
294 4817 472 4901 cupiditate
497 4825 692 4901 evagantur,
725 4822 889 4898 postremo
914 4811 998 4877 nihil
1024 4834 1170 4896 unquam
1306 4813 1500 4894 Praeterea,
1527 4823 1702 4899 antequam
1728 4818 1830 4883 ullam
1856 4841 1916 4902 pro
1943 4821 2037 4886 uobis
2063 4842 2196 4905 precem

193 4910 418 4987 assequentur,
440 4925 516 4970 cum
536 4904 607 4968 sine
627 4900 693 4965 fide
714 4907 816 4965 oront.
846 4897 942 4981 Quod
962 4917 1041 4963 vero
1056 4920 1170 4964 omnes
1221 4899 1428 4983 concipimus,
1446 4901 1641 4983 praefamur,
1665 4901 1706 4989 [p.
1722 4902 1797 4992 198]
1815 4914 1854 4969 ut
1870 4907 1939 4970 eius
1956 4907 2108 4974 voluutas
2125 4911 2195 4990 fiat,

195 4989 354 5054 eiusmodi
379 4988 543 5054 orationes
571 4988 654 5053 citra
681 4985 781 5052 fidem
801 4986 899 5064 fiant,
926 4982 1010 5048 nihil
1031 4992 1082 5051 est
1107 4985 1168 5050 du·
1220 4985 1276 5050 ubi
1296 4985 1363 5049 iam
1381 4986 1450 5051 eius
1468 4986 1628 5051 voluntati
1644 4996 1789 5054 nostram
1810 4991 2014 5072 subiioimus;
2036 5015 2108 5077 qno,
2132 4995 2196 5062 hoo

195 5074 301 5153 bium,
329 5076 405 5157 quia
432 5074 486 5140 hio
513 5075 605 5138 abest
630 5073 769 5138 verbum
794 5071 874 5150 Dei,
902 5090 966 5154 quo
997 5071 1061 5137 nisi
1086 5070 1169 5137 fides
1220 5072 1312 5137 velut
1331 5071 1449 5137 iniecto
1475 5072 1581 5150 freno,
1603 5075 1756 5155 coercita,
1784 5077 1894 5142 Deum
1913 5079 1950 5142 in
1971 5079 2119 5145 ordinem
2141 5100 2197 5148 oo-

195 5178 324 5242 semper
349 5160 480 5238 nititur,
508 5167 596 5224 stare
623 5158 714 5222 nullo
734 5154 830 5221 modo
850 5163 965 5239 potest
1009 5157 1070 5223 Isti
1090 5179 1169 5223 vero
1220 5178 1297 5241 gere
1317 5178 1361 5220 ne
1381 5165 1582 5239 praesumat,
1604 5159 1662 5224 sed
1683 5182 1759 5226 eum
1778 5172 1929 5228 votorum
1950 5167 2097 5231 omnium
2119 5189 2196 5233 sno·

195 5265 264 5311 non
294 5245 391 5311 modo
422 5245 523 5311 verbo
548 5242 614 5309 Dei
643 5248 771 5322 carent,
803 5242 862 5307 sed
893 5248 1053 5326 quantum
1078 5243 1168 5309 omni
1220 5263 1295 5308 rum
1321 5242 1481 5306 arbitrum
1508 5263 1547 5307 ac
1572 5243 1811 5314 moderatorem
1835 5256 1966 5316 statuat
2016 5250 2054 5318 Si
2077 5255 2198 5320 animis
