4770 6030
208 342 266 404 rer
854 298 1120 403 mammeam
1143 335 1247 401 aaa.
1270 332 1452 403 enarer.
1479 337 1569 401 1536.
2089 412 2090 415 Ν
2156 339 2216 400 rsa

204 527 350 611 exlegis
371 525 584 609 praescripto,
614 526 682 590 suis
703 524 919 590 oblationibus
939 545 1057 589 manus
1079 525 1183 606 impo-
1235 524 1315 589 satis
1337 545 1410 589 esse
1426 524 1535 590 risum
1556 532 1614 588 est.
1659 523 1882 590 Diaconorum
1901 524 2052 589 meminit
2072 530 2105 588 et
2125 524 2216 590 Pau-

204 614 327 681 nebant
347 611 447 698 (Gen
467 615 517 675 48.
541 611 639 676 Num
653 615 673 675 8
685 613 780 676 et27.
804 611 885 676 hev.
901 615 928 674 1.
942 615 1003 674 3.4
1026 617 1060 674 et
1080 609 1181 695 alibi).
1235 608 1287 674 lus
1308 607 1340 695 (1
1356 610 1438 674 Tim
1452 609 1497 693 3),
1519 630 1600 691 quos
1617 609 1690 675 vult
1705 631 1776 675 esse
1793 609 1936 693 pudicos,
1958 630 2025 674 non
2042 609 2216 694 bilingues,

205 699 318 782 Quare
345 697 481 780 apostoli
506 718 566 783 per
592 717 750 761 manuum
778 697 1017 779 impositionem
1044 717 1119 764 eum
1148 717 1184 760 se
1236 717 1303 760 non
1324 695 1523 774 vinolentos,
1552 717 1619 760 non
1646 703 1741 779 turpe
1769 696 1898 761 luorum
1927 703 2104 772 sectantes,
2133 696 2216 761 bene

204 786 277 851 Deo
305 783 422 848 offerre
449 783 693 866 significabant,
728 784 781 847 cui
813 803 931 848 manus
963 782 1182 865 imponebant
1236 781 1402 846 institutos
1423 782 1458 847 in
1478 781 1558 860 fide,
1587 782 1685 846 unius
1707 782 1818 846 uxoris
1840 782 1941 860 viros,
1966 781 2100 846 domum
2121 803 2216 856 suam

205 870 295 952 Quid
315 868 437 953 igitur?
461 890 505 933 an
525 869 608 953 legis
630 869 763 934 umbras
782 867 1011 934 sectabantur?
1034 868 1183 933 Minime.
1237 875 1270 931 et
1290 867 1409 933 liberos
1436 868 1521 933 bene
1547 875 1707 952 regentes.
1751 869 1799 932 At
1819 888 1913 944 vero,
1942 889 2022 951 quos
2044 868 2138 934 nobis
2160 869 2214 934 isti

205 956 273 1024 Sed
295 956 387 1022 nulla
414 955 643 1039 superstitione
672 956 858 1040 symbolum
884 954 946 1020 hoo
975 953 1183 1031 adhibebant,
1235 953 1367 1036 lingunt
1388 953 1556 1032 diaconos,
1585 952 1664 1036 qnid
1685 953 1809 1020 habent
1830 953 1955 1018 simile?
1996 955 2071 1020 Non
2093 954 2134 1020 de
2156 955 2215 1020 ho-

205 1043 260 1109 ubi
283 1063 362 1107 usus
384 1048 462 1105 erat.
507 1041 725 1123 Imponebant
747 1042 835 1105 enim
855 1041 896 1104 iis
918 1061 1044 1119 manus,
1067 1039 1185 1122 quibus
1236 1039 1379 1104 minibus
1400 1038 1529 1122 loquor,
1556 1060 1600 1104 ne
1626 1047 1822 1123 querantur,
1850 1040 1960 1123 inique
1981 1062 2023 1105 ex
2045 1040 2216 1106 hominum

205 1150 225 1195 a
247 1127 389 1193 Domino
409 1127 561 1210 spiritum
582 1134 733 1192 sanctum
753 1127 981 1210 precabantur,
1003 1146 1101 1207 quem
1122 1125 1185 1189 hu·
1237 1125 1325 1190 vitiis
1346 1146 1441 1190 suam
1462 1124 1645 1192 doctrinam
1666 1126 1840 1191 aestimari.
1884 1122 1952 1206 Sed
1977 1147 2037 1208 pro
2063 1126 2103 1192 iis
2125 1128 2214 1210 ipsis,

203 1212 345 1280 iusmodi
366 1213 511 1298 symbolo
534 1212 821 1291 administrabant,
843 1218 882 1277 ut
903 1211 1056 1277 docerent
1076 1232 1186 1276 nona
1237 1231 1317 1293 quos
1343 1210 1492 1276 doctrina
1518 1232 1579 1276 sua
1605 1211 1699 1277 nobis
1726 1210 1875 1290 tradunt,
1908 1211 2042 1297 indigne
2070 1214 2214 1278 testimo-

205 1322 241 1367 se
261 1301 341 1382 ipsis
363 1301 462 1377 exire,
486 1298 542 1364 sed
563 1320 582 1363 e
603 1299 795 1364 coelestibus
817 1295 1022 1364 descendere.
1116 1318 1120 1325 ·
1236 1296 1330 1360 nium
1362 1297 1402 1362 ab
1430 1318 1544 1362 eorum,
1570 1296 1733 1380 exemplo,
1767 1318 1848 1380 quos
1880 1296 2056 1380 apostoliea
2080 1297 2217 1364 ecelesia

292 1386 334 1452 In
368 1406 510 1463 summa,
544 1384 579 1448 id
609 1391 681 1449 erat
712 1385 912 1470 symbolum,
946 1404 1010 1466 qno
1041 1382 1185 1447 Domino
1238 1380 1389 1447 diaconos
1405 1383 1596 1464 *constituit
1631 1380 1672 1469 [p.
1685 1381 1762 1469 393]
1791 1385 1858 1467 peti
1893 1382 2061 1449 contendo.
2110 1384 2219 1448 Aiunt

205 1470 490 1546 emendabant,
522 1471 575 1535 eui
599 1471 732 1553 spiritus
757 1471 863 1536 sancti
890 1470 1031 1554 gratiam
1058 1469 1186 1551 precari
1238 1466 1281 1532 ad
1311 1489 1387 1533 suos
1417 1468 1568 1534 diaconos
1592 1469 1770 1552 pertinere,
1806 1470 1957 1535 assistere
1983 1468 2215 1549 sacerdotibus,

205 1557 373 1634 volebant;
396 1577 494 1639 quam
511 1566 589 1621 tunc
600 1577 714 1621 eorum
730 1557 911 1622 ministerio
925 1552 966 1706 ξι.
978 1552 1055 1641 391]
1075 1553 1185 1619 distri-
1229 1553 1425 1633 ¹ministrare
1441 1555 1477 1619 in
1498 1555 1648 1620 omnibus
1669 1575 1752 1637 quae
1770 1562 1915 1640 aguntur
1934 1555 1971 1620 in
1992 1556 2215 1635 sacramentis,

205 1643 276 1721 bui,
309 1643 452 1706 Domino
482 1641 631 1724 placebat
663 1641 750 1729 (Act
781 1647 809 1706 7.
834 1641 878 1726 9).
956 1640 998 1706 ed
1028 1638 1184 1723 quidquid
1237 1639 1360 1705 scilicet
1380 1641 1415 1704 in
1437 1640 1612 1723 baptismo,
1634 1642 1671 1705 in
1692 1640 1882 1720 chrismma,
1911 1641 1948 1705 in
1968 1648 2088 1724 patena
2107 1647 2140 1707 et
2162 1662 2216 1707 ca·

205 1729 320 1793 irretit:
358 1750 402 1791 an
433 1728 582 1810 protinus
615 1736 857 1793 sacramentum
894 1725 1083 1792 habendum
1113 1725 1183 1791 est?
1237 1725 1311 1805 lice,
1339 1725 1518 1791 oblationes
1539 1727 1660 1791 inferre
1682 1732 1716 1791 et
1737 1725 1906 1810 disponere
1933 1727 1969 1791 in
1996 1727 2106 1807 altari,
2128 1747 2216 1808 comg-

205 1813 354 1898 Apostoli
383 1822 520 1877 orarunt
548 1814 685 1896 genibus
717 1814 824 1893 flexis,
856 1834 966 1897 genua
989 1813 1091 1896 igitur
1117 1832 1184 1875 non
1236 1831 1357 1894 ponere
1390 1833 1539 1878 mensam
1559 1813 1694 1877 Domini
1727 1819 1760 1877 et
1789 1814 1925 1893 vestire,
1958 1833 2088 1879 amcam
2118 1813 2213 1892 ferre,

205 1901 379 1965 flectentur
406 1899 476 1964 sine
504 1905 707 1964 sacramento
730 1900 817 1984 (Act
830 1902 880 1964 21.
894 1897 973 1983 26)?
1022 1897 1185 1980 Discipuli
1237 1903 1270 1961 et
1290 1896 1479 1979 praedicare
1498 1899 1719 1983 Evangelium
1739 1905 1772 1963 et
1794 1898 1965 1983 epistolam
1986 1898 2028 1964 ad
2048 1899 2213 1982 populum

205 1984 357 2051 fenmtur
373 2005 482 2050 orasse
500 2006 614 2050 versus
631 1986 803 2065 orientem
825 1986 868 2050 sit
887 1985 981 2049 nobis
999 2004 1185 2049 sacramen·
1237 1983 1293 2048 An
1325 1982 1379 2049 hio
1419 1984 1556 2049 verbum
1591 2005 1696 2049 rmum
1721 1982 1767 2050 'de
1799 2006 1877 2050 vero
1911 1983 2121 2051 diaconorum
2143 1986 2214 2057 ‚mi-

207 2078 278 2136 tum
309 2071 444 2136 orientis
478 2076 636 2154 aspectus.
686 2071 811 2136 Paulus
836 2071 910 2136 vult
936 2071 972 2134 in
998 2070 1087 2133 omni
1114 2068 1184 2134 loco
1236 2067 1394 2133 nisterio‘l

206 2157 295 2223 viros
312 2156 425 2221 tollere
446 2177 546 2238 puras
563 2178 690 2237 manus,
709 2164 743 2221 et
760 2156 894 2223 elevatis
913 2157 1065 2221 manibus
1083 2155 1185 2219 oratio
1323 2154 1421 2221 Nunc
1443 2155 1682 2222 institutionem
1702 2155 1882 2222 audiemus.
1922 2156 2069 2223 Diacono
2090 2157 2146 2240 qni
2163 2178 2216 2249 or-

206 2242 336 2326 saepius
366 2265 387 2306 a
414 2237 536 2308 sanctis
563 2237 656 2307 facta
677 2249 877 2308 memoratur
899 2242 932 2327 (1
947 2242 1029 2306 rim.
1043 2244 1072 2304 2.
1094 2240 1183 2306 Psal.
1238 2238 1378 2320 dinatur,
1402 2241 1490 2306 solus
1511 2242 1681 2325 episcopus
1703 2263 1840 2307 manum
1860 2242 2006 2325 imponit.
2060 2240 2217 2308 Orarium

208 2332 259 2392 63.
273 2331 323 2392 88.
339 2331 409 2392 141.
424 2326 510 2411 143),
533 2333 566 2392 et
582 2349 741 2393 manuum
762 2350 889 2411 quoque
908 2328 1055 2393 extensio
1076 2347 1185 2392 saera·
1236 2326 1294 2405 illi,
1317 2326 1351 2390 id
1372 2334 1438 2407 est,
1465 2327 1582 2392 stolam
1603 2349 1702 2410 super
1722 2328 1854 2394 laevum
1875 2328 2051 2393 humerum
2072 2328 2215 2409 collocat,

206 2420 355 2478 mentum
377 2414 443 2478 fiat
488 2412 614 2479 Omnes
641 2414 781 2497 denique
808 2420 995 2480 sanctorum
1017 2419 1128 2496 gestus
1149 2413 1185 2477 in
1237 2419 1275 2477 ut
1298 2412 1461 2496 intelligat
1487 2435 1521 2478 se
1549 2415 1712 2498 accepisse
1732 2414 1855 2497 'iugum
1870 2413 2006 2479 Domini
2034 2413 2122 2493 leve,
2153 2436 2217 2498 quo

207 2505 412 2567 sacramenta
445 2506 625 2564 transeant
674 2499 807 2566 Omissa
838 2500 940 2584 igitur
968 2499 1184 2583 contentione,
1237 2497 1280 2562 ad
1301 2499 1468 2563 sinistram
1484 2501 1682 2582 pertinentia
1699 2500 1810 2565 divino
1827 2500 1936 2564 timori
1956 2499 2121 2579 subiiciat;
2144 2507 2217 2565 tex·

207 2586 302 2651 istius
325 2586 547 2650 caeremoniae
568 2586 640 2668 quis
661 2608 751 2652 nuno
773 2608 852 2651 usus
873 2586 967 2669 nobis
989 2586 1044 2663 sit,
1072 2584 1185 2666 paucis
1237 2591 1309 2648 tum
1330 2585 1494 2668 evangelii
1514 2586 1657 2669 praebet,
1680 2592 1718 2650 ut
1739 2587 1810 2650 eius
1831 2607 1867 2651 se
1883 2605 2077 2668 praeconem
2094 2585 2215 2650 intelli-

207 2692 359 2753 exequar.
404 2668 444 2735 si
471 2672 506 2735 in
534 2692 610 2735 eum
630 2672 732 2736 finem
756 2693 966 2754 usurpemus,
999 2677 1038 2734 ut
1063 2671 1186 2754 gratias
1238 2676 1302 2752 gat.
1349 2668 1438 2749 Quid
1469 2671 1593 2738 isthaec
1622 2672 1665 2736 ad
1686 2670 1858 2737 diaconos?
1902 2668 2045 2736 Perinde
2067 2692 2144 2736 vero
2166 2673 2214 2736 ia-

207 2757 351 2840 spiritus,
370 2755 645 2838 quemadmodum
656 2758 801 2840 apostoli,
814 2757 1027 2833 conferamus,
1049 2756 1186 2822 ridicule
1238 2756 1336 2834 ciunt,
1358 2777 1397 2822 ae
1415 2757 1443 2821 si
1464 2758 1536 2840 quis
1558 2758 1718 2840 apostolos
1738 2778 1774 2823 se
1793 2758 1965 2823 instituere
1982 2753 2112 2835 diceret,
2134 2778 2215 2839 quos
2289 2788 2299 2812 ο

207 2863 350 2927 agemus.
395 2842 484 2906 Nam
510 2863 617 2925 neque
644 2843 677 2908 id
702 2843 921 2908 ministerium
947 2843 1041 2907 nobis
1071 2863 1090 2906 a
1116 2842 1186 2906 Do·
1238 2840 1400 2906 duntaxat
1432 2841 1599 2909 adolendis
1631 2842 1797 2922 thuribus,
1832 2841 2015 2909 simulacris
2046 2841 2214 2926 poliendis,

76 2974 82 2984 ·
206 2929 297 2993 mino
320 2928 529 2993 commissum
552 2936 616 3006 est,
639 2950 745 3012 neque
766 2929 800 2994 id
823 2928 1007 3013 symbolum
1028 2928 1185 2993 constitu·
1237 2927 1469 2993 oonverrendis
1497 2929 1641 3011 templis,
1670 2928 1839 3012 captandis
1865 2928 2028 3008 muribus,
2049 2928 2216 3012 ,higandis

206 3021 286 3079 tum.
309 3015 364 3078 ,At
385 3014 474 3078 huno
494 3013 636 3097 lapidem
658 3015 786 3080 assidue
807 3014 945 3080 volvrmt
964 3034 1049 3097 papa
1070 3020 1103 3078 ot
1124 3015 1183 3094 sui,
1238 3014 1373 3079 canibus
1393 3016 1619 3096 praeficeret-⁴
1642 3013 1725 3110 Quis
1748 3014 1793 3090 id,
1812 3015 1984 3079 hominum
2007 3035 2110 3098 genus
2139 3037 2216 3098 apo-

207 3106 246 3164 ut
266 3099 385 3163 talibus
408 3099 511 3182 signis
532 3099 683 3181 spiritum
705 3109 861 3167 sanctum
880 3087 1027 3166 conierre
1049 3099 1185 3165 credan—
1238 3099 1337 3164 stolos
1358 3101 1467 3165 vocari
1488 3106 1664 3183 pateretur,
1687 3108 1721 3165 et
1740 3101 1880 3167 conferri
1901 3121 1978 3166 oum
1994 3100 2073 3184 ipsis
2090 3100 2216 3167 Christi

208 3192 274 3250 tur:
300 3186 384 3250 sicut
404 3185 515 3250 tirsius·
529 3184 754 3266 disseruimus,
781 3208 857 3253 cum
878 3208 991 3250 eorum
1013 3186 1185 3251 confirma·
1239 3184 1412 3267 apostolis?
1447 3187 1614 3253 ¹Posthac
1646 3208 1723 3270 ergo
1759 3208 1801 3251 ne
1834 3184 1987 3256 diaconos
2019 3207 2090 3253 esse
2122 3206 2216 3253 men·

208 3272 332 3336 tionem
354 3269 597 3348 discuteremus.
742 3308 745 3315 ·
1237 3270 1370 3350 tiantur,
1393 3294 1472 3354 quos
1493 3293 1561 3337 non
1582 3273 1655 3338 nisi.
1669 3271 1711 3337 ad
1732 3273 1938 3338 histrionicos
1960 3291 2037 3338 suos
2054 3272 2149 3339 ludos
2165 3274 2217 3338 in·

294 3354 391 3437 Quod
413 3357 440 3421 si
462 3357 500 3434 is,
523 3359 579 3439 qui
602 3359 779 3424 assumitur
799 3360 835 3422 in
856 3359 1051 3441 episcopum,
1065 3359 1185 3423 eonsti-
1238 3358 1387 3422 stituunt
1436 3359 1572 3424 Levites
1604 3359 1704 3423 etiam
1734 3365 1855 3424 vocant
1885 3365 1920 3423 et
1947 3358 1990 3423 ad
2020 3357 2104 3424 filios
2132 3358 2216 3425 Levi

207 3449 320 3508 tuetur
341 3443 377 3506 in
398 3441 505 3510 medio
527 3452 621 3509 coetu
643 3443 806 3523 ecclesiae,
830 3443 1043 3509 admoneatur
1065 3445 1116 3509 sui
1138 3445 1185 3508 of·
1237 3464 1351 3508 eorum
1371 3445 1532 3509 rationem
1553 3466 1591 3510 ae
1611 3445 1773 3528 originem
1793 3445 1954 3524 referunt3
1976 3444 2063 3528 quod
2082 3465 2141 3528 per
2163 3466 2217 3509 me

206 3529 282 3609 ficii,
305 3549 342 3593 ao
364 3548 463 3611 super
484 3550 560 3593 eum
580 3536 705 3609 oretur,
727 3531 894 3596 seniorum
914 3531 1067 3596 manibus
1088 3551 1187 3612 super
1237 3529 1368 3611 quidem
1393 3529 1483 3610 lieet,
1511 3530 1607 3595 modo
1635 3531 1814 3610 fateantur,
1837 3528 1923 3613 quod
1943 3551 2060 3596 rerum
2080 3537 2144 3610 est,
2172 3529 2216 3595 ad

207 3636 283 3680 eum
304 3615 477 3697 impositis,
494 3615 598 3680 ¹nulla
624 3615 795 3700 religione,
824 3616 888 3680 nisi
909 3623 948 3679 ut
969 3623 1002 3680 et
1023 3617 1092 3699 ipse
1113 3615 1185 3681 Deo
1237 3615 1382 3682 leviticos
1409 3617 1492 3681 ritus
1518 3623 1552 3681 et
1578 3616 1739 3682 mosaicae
1764 3616 1847 3700 legis
1873 3617 2019 3696 umbrae,
2056 3616 2215 3700 abnegato

208 3701 302 3764 sein
328 3701 549 3765 ministerium
575 3702 686 3766 offerri
713 3703 833 3767 sentiat
860 3708 894 3766 et
915 3702 1051 3768 ecelesia
1071 3703 1185 3768 incite-
1239 3699 1380 3781 Christo,
1407 3700 1448 3789 [p.
1461 3700 1538 3789 394]
1560 3723 1595 3768 se
1615 3709 1794 3768 retrorsum
1811 3702 1909 3768 abire.
1939 3703 2036 3768 Nunc
2058 3701 2158 3766 semel
2179 3702 2217 3765 in

207 3791 278 3863 tur,
309 3785 480 3867 adipsum
502 3789 728 3853 communibus
755 3788 905 3871 precibus
926 3789 999 3853 Deo
1021 3809 1185 3853 commen·
1238 3787 1430 3853 universum
1457 3789 1709 3868 constituamus,
1737 3786 1815 3873 quid
1841 3786 1881 3853 de
1904 3793 2107 3854 sacramento
2128 3786 2216 3853 ordi-

146 3933 156 3953 ,
207 3869 366 3935 dandum:
396 3871 496 3936 talem
517 3894 678 3938 manuum
698 3874 937 3958 impositionem
961 3895 1057 3939 nemo
1085 3895 1186 3939 sanus
1238 3873 1290 3938 nis
1307 3873 1523 3939 sentiendum
1568 3874 1619 3939 Ne
1642 3880 1752 3939 autem
1779 3873 1908 3959 longius
1935 3873 2114 3957 repetenda
2139 3874 2214 3953 sint,

141 4039 144 4044 Ι
206 3956 376 4039 improbet.
402 3954 457 4106 {a
477 3956 552 4044 ³92]
576 3960 799 4025 Diaconorum
825 3961 931 4044 origo,
959 3961 1121 4026 institutio
1147 3978 1185 4026 ae
1237 3980 1320 4042 quae
1347 3981 1447 4042 supra
1479 3958 1641 4044 explicata
1667 3967 1758 4039 sunt,
1793 3960 1855 4025 hoc
1887 3960 1966 4026 satis
1995 3981 2065 4026 esse
2096 3959 2216 4043 poterit

205 4041 382 4122 hmotio,a
434 4064 496 4134 noa
517 4045 553 4107 in
574 4045 667 4130 Actis
689 4045 883 4111 describitur
904 4045 991 4131 (Act
1010 4044 1054 4129 6).
1099 4044 1185 4111 Cum
1237 4044 1392 4111 modestis
1424 4054 1458 4111 ct
1484 4044 1655 4125 docilibus,
1689 4046 1800 4129 quales
1832 4044 2049 4112 instituendos
2078 4045 2214 4129 suscepi,

207 4127 297 4192 enim
322 4148 471 4193 mmmm
495 4151 514 4193 a
536 4129 673 4197 Graecis
701 4133 879 4198 excitatum
906 4139 1005 4209 esset,
1034 4131 1127 4213 quod,
1148 4133 1185 4195 in
1236 4129 1366 4197 nullum
1386 4153 1457 4197 esse
1478 4132 1543 4199 Dei
1562 4141 1819 4210 sacramentum,
1848 4133 1912 4198 nisi
1933 4132 1989 4197 ubi
2011 4131 2217 4198 caeremonia

206 4213 388 4278 ministerio
417 4236 600 4297 pauperum
630 4238 744 4282 eorum
776 4218 894 4284 viduae
927 4217 1183 4302 negligerentur,
1236 4217 1419 4284 ostenditur
1450 4217 1579 4285 adnexa
1615 4219 1842 4301 promissione3
1882 4225 1940 4283 aut
1977 4225 2065 4283 certe
2097 4218 2214 4301 potius,

207 4297 344 4383 apostoli
372 4308 566 4367 excusantes
594 4324 628 4367 sc
661 4326 728 4368 non
753 4325 847 4386 posse
879 4304 1028 4370 sufficere
1056 4303 1185 4384 utrique
1236 4303 1300 4368 nisi
1321 4305 1491 4386 promissio
1508 4305 1545 4368 in
1561 4305 1768 4370 caeremonia
1790 4311 1963 4386 spectatur.
1994 4304 2060 4370 Hic
2081 4326 2124 4369 ne
2147 4302 2214 4388 syl·

206 4386 346 4464 muneri,
369 4394 402 4450 et
424 4386 657 4469 praedicationi
672 4391 765 4455 verbi
783 4398 816 4456 et
832 4411 1020 4455 mensarum
1037 4389 1185 4453 ministe-
1235 4387 1310 4453 laba
1328 4389 1459 4473 quidem
1477 4390 1617 4456 habetur
1635 4389 1810 4475 singularis
1828 4389 1964 4456 alicuius
2003 4389 2212 4456 remissionis.

207 4471 270 4550 rio,
294 4472 500 4553 petierimta
520 4474 744 4553 multitudine,
773 4484 811 4541 ut
831 4477 893 4542 sibi
915 4476 1075 4558 eligerent
1096 4474 1184 4540 viros
1236 4475 1377 4540 Frustra
1397 4477 1498 4562 igitur
1520 4483 1708 4559 quaeratur·
1724 4476 1928 4542 caeremonia
2017 4477 2214 4542 confirman-

206 4558 358 4638 probatos
380 4565 520 4641 septem,
550 4582 630 4642 quos
656 4584 754 4645 super
781 4559 819 4627 id'
837 4583 917 4645 opus
939 4561 1182 4627 constituerent.
1236 4560 1313 4626 dam
1339 4563 1595 4644 promissionem
1645 4561 1806 4640 Rursum,
1839 4561 1932 4628 nulla
1963 4563 2215 4628 caeremoniae

207 4641 263 4740 lin
291 4642 502 4719 diaconorum
529 4646 686 4712 officium:
721 4669 902 4732 pauperum
925 4667 1039 4713 curam
1071 4667 1184 4730 gerere
1235 4647 1308 4711 Deo
1329 4650 1505 4714 constituta
1526 4649 1660 4734 legitur:
1694 4654 1936 4714 sacramentum
1962 4648 2063 4732 igitur
2086 4646 2215 4713 nullum

207 4726 336 4809 rlhsque
352 4730 540 4796 ministrare
546 4756 554 4812 ;
577 4733 665 4798 unde
687 4740 721 4799 et
740 4755 860 4798 nomen
871 4733 1008 4810 habent;
1032 4733 1078 4797 sie
1096 4732 1185 4797 enim
1236 4754 1307 4798 esse
1327 4741 1441 4818 potest

89 4820 92 4825 ’
207 4819 381 4892 vocantur,
416 4818 509 4897 quasi
540 4819 690 4885 ministri.
753 4818 893 4885 Subiioit
924 4816 1042 4882 deinde
1075 4816 1201 4885 Lucas'

208 4919 321 4964 eorum
342 4900 586 4968 institutionem.
617 4904 707 4986 Quos
729 4906 905 4989 elegerant,
927 4903 1042 4986 inquit,
1065 4906 1190 4971 consti·

207 4990 344 5049 tuenmt
364 4986 400 5050 in
421 4996 594 5072 conspectu
616 4991 847 5074 apostolorum,
873 5000 907 5055 et
927 4997 1059 5056 orantes
1080 4992 1183 5073 impo-
1532 4997 1600 5079 De
1631 4994 1909 5079 matrimfflio,

209 5078 347 5135 suerrmt
377 5072 441 5138 illis
474 5096 601 5141 manus.
646 5077 783 5143 Utinam
816 5098 894 5142 vero
921 5075 1003 5141 tales
1032 5077 1183 5142 diaconos

209 5153 305 5219 hodie
327 5155 462 5222 haberet
482 5161 617 5227 ecclesia
639 5170 671 5227 et
687 5164 746 5228 tali
763 5163 966 5229 caeremonia
982 5163 1182 5228 institueret:
1323 5163 1531 5229 Postremum
1553 5169 1603 5227 est
1623 5162 1877 5229 matrimonium
1923 5160 2020 5243 Quod
2042 5169 2079 5226 ut
2100 5182 2121 5226 a
2141 5161 2214 5227 Deo

208 5260 326 5323 nempe
347 5262 507 5309 manuum
528 5247 746 5329 impositione,
770 5249 810 5314 de
831 5269 897 5332 qua
917 5246 1075 5328 diximus,
1097 5248 1184 5331 quod
1235 5248 1423 5315 institutum
1449 5249 1594 5314 fatentur
1615 5268 1727 5315 omnes
1749 5246 1851 5332 (Gen
1871 5251 1900 5313 2.
1928 5248 2048 5314 Matth.
2071 5245 2141 5331 19),
2166 5248 2216 5313 ita
