4770 6030
228 332 261 396 L
730 326 995 418 INSTITUTIO
1018 325 1295 393 RELIGIONlS
1317 324 1662 391 eflulsmANAEa

219 520 367 586 blassem
388 518 565 584 referendis
587 517 685 581 multi
706 537 919 582 numerorum
941 537 1067 581 errores
1088 523 1272 593 occurrunt,
1296 533 1375 596 quos
1393 521 1552 597 quantum
1572 513 1644 577 fieri
1664 518 1792 594 poterat
1813 512 1966 594 inspectis
1983 518 2115 594 patrum
2136 486 2231 577 libris

229 632 444 709 correximus;
466 630 543 694 hinc
565 627 650 706 inde,
673 629 730 692 ubi
751 627 909 693 editiones
932 649 1045 693 eorum
1066 627 1261 692 recentiores
1283 626 1428 709 capitum
1447 645 1601 690 numeros
1622 629 1807 701 mutarimt,
1830 629 1864 688 et
1883 631 2028 689 veterem
2050 632 2083 688 ct
2106 645 2232 689 novum

229 743 446 826 apposuimus.
491 741 737 822 Nonnunquam
758 761 836 804 vero
858 741 979 804 frustra
1000 740 1182 822 quaesitum
1205 737 1347 820 aliquem
1368 738 1475 803 locum
1496 738 1655 801 intactum
1677 735 1876 817 reliquimus,
1899 735 1957 799 ubi
1977 737 2114 805 fortasse
2135 745 2233 800 autor

228 875 295 918 non
317 853 417 918 verbo
438 858 550 930 tenus,
580 850 637 915 sed
659 852 726 914 fore
749 851 790 915 ad
812 872 952 929 sensum,
977 852 1088 915 minus
1110 858 1259 915 accurate
1285 851 1443 914 memoria
1469 848 1627 926 defixum,
1656 848 1748 911 testis
1770 849 1821 911 sui
1843 849 2038 912 sententiam
2061 848 2231 913 referebat.

228 963 406 1030 Caeterum
428 963 507 1027 talia
528 963 638 1027 omnia
661 984 680 1026 a
702 964 850 1045 margine
873 962 1026 1027 exteriori
1049 961 1090 1026 ad
1111 962 1300 1026 inferiorem
1319 983 1380 1044 pro
1400 961 1504 1025 nostri
1526 960 1681 1041 temporis
1703 980 1792 1023 more
1814 959 1973 1024 translata
1995 961 2137 1025 habebis.
2301 1034 2306 1039 ,

382 1077 455 1140 lam
477 1075 563 1157 quod
586 1074 700 1138 adres
722 1075 858 1137 minoris
880 1075 1037 1138 momenti
1059 1074 1191 1152 attinet,
1221 1073 1453 1138 vocabulorum
1474 1071 1596 1137 scilicet
1617 1071 1738 1135 formas
1760 1071 1829 1135 sive
1851 1069 2061 1155 ὀρθογραφίαν
2082 1078 2116 1135 et
2136 1070 2232 1134 inter·
2303 1088 2309 1123 ὲ

221 1188 385 1271 praeparati
411 1184 584 1263 ratioriem,
613 1187 648 1248 in
676 1184 816 1249 editione
843 1186 990 1267 principe
1019 1184 1233 1250 describenda
1259 1191 1404 1250 veterem
1433 1204 1572 1261 morem,
1601 1189 1760 1264 quantum
1780 1183 1853 1246 fieri
1874 1184 1993 1264 potuit,
2016 1184 2230 1261 servavimus,

226 1287 433 1382 paucissimis
458 1298 592 1363 mutatis
617 1318 700 1378 quae
723 1318 782 1379 pro
809 1303 940 1361 nostrae
968 1297 1084 1362 aetatis
1110 1318 1173 1361 usu
1194 1296 1254 1362 vix
1280 1317 1318 1360 ac
1343 1316 1386 1360 ne
1407 1295 1465 1359 vix
1492 1293 1622 1377 quidem
1651 1292 1820 1358 toleranda
1848 1300 1949 1358 erant.
1995 1292 2115 1375 Qualia
2136 1303 2234 1359 erant
2268 1320 2270 1324 “

227 1411 359 1488 ecditio,
382 1408 517 1487 Arrius,
548 1408 674 1485 catlior,
696 1408 833 1484 carinus,
863 1407 1071 1488 caudatam,
1098 1406 1207 1487 fedic,
1229 1407 1360 1488 incoepi,
1382 1405 1554 1487 hebaero,
1577 1404 1723 1482 luendae,
1746 1403 1873 1484 eatbam
1896 1405 1975 1486 alia,
1998 1427 2064 1470 non
2087 1407 2233 1473 obsoleta

227 1521 324 1586 modo
347 1521 404 1584 sed
426 1520 560 1584 omnino
588 1520 678 1584 falsa.
723 1519 800 1584 Huc
829 1520 928 1583 etiam
950 1520 1092 1601 pertinet
1116 1488 1287 1583 literarum
1307 1539 1331 1581 u
1353 1527 1386 1582 et
1405 1538 1425 1580 e
1446 1516 1571 1580 dudum
1598 1517 1639 1580 ab
1667 1515 1820 1580 omnibus
1847 1519 1968 1583 reiecta
1993 1518 2232 1600 promiscuitas,
2313 1547 2317 1553 ·

110 1648 118 1673 *
228 1639 298 1697 ete
327 1633 362 1696 in
391 1632 498 1696 loomn
526 1652 563 1695 ce
589 1630 786 1713 diphthongi
814 1630 1036 1696 substitutum.
1086 1631 1240 1695 Fortasse
1268 1630 1368 1693 etiam
1396 1629 1477 1694 haec
1506 1628 1680 1693 sollicitare
1707 1629 1778 1692 ausi
1803 1649 1870 1692 non
1899 1650 2058 1708 essemus,
2087 1631 2115 1694 si
2137 1637 2235 1696 vetus

227 1744 359 1827 scriptio
382 1743 501 1825 ubique
523 1741 637 1821 cadem
658 1743 775 1807 fuisset
795 1743 921 1824 sibique
944 1749 1106 1807 constans.
1151 1742 1278 1805 Verum
1306 1762 1347 1806 ex
1375 1741 1446 1824 ipsa
1473 1741 1543 1805 eius
1564 1740 1724 1805 varietate
1746 1739 1883 1805 subinde
1905 1742 2079 1822 conspicua
2101 1741 2235 1826 collegi-

226 1876 310 1932 mus,
333 1856 437 1920 midta
459 1875 541 1936 quae
562 1874 621 1917 nos
642 1853 852 1918 offendebant
872 1874 938 1918 non
961 1853 1067 1918 ubivis
1090 1874 1131 1916 ex
1154 1853 1276 1916 aritoris
1293 1874 1354 1917 usu
1377 1853 1515 1931 venisse,
1538 1873 1635 1933 quem
1657 1873 1735 1915 sane
1757 1872 1815 1933 pro
1836 1859 1948 1916 nostro
1964 1833 2071 1916 lubitu
2085 1853 2236 1919 deserere

168 2000 171 2005 ,
229 1966 381 2049 religioni
403 1964 624 2042 duxissemus,
654 1964 711 2029 sed
734 1986 775 2029 ex
796 1986 886 2029 mero
909 1972 1128 2030 correctorum
1150 1964 1285 2029 arbitrio
1307 1964 1499 2047 pependisse
1522 1964 1574 2027 vel
1602 1963 1700 2027 etiam
1726 1961 1914 2028 eorumdem
1936 1965 2156 2047 negligentiae
2177 1965 2234 2030 de-·

229 2075 309 2154 beri,
332 2078 380 2140 ita
400 2083 439 2139 ut
456 2097 497 2139 ex
519 2083 613 2158 parte
633 2076 763 2139 mendis
784 2077 1030 2160 typographicis
1053 2076 1262 2140 adnumerari
1283 2076 1409 2159 possint
1430 2096 1512 2157 quae
1534 2074 1653 2156 alioqui
1675 2080 1751 2138 sunt
1771 2075 1961 2140 innumera*
1982 2075 2147 2158 Exemplo
2166 2077 2238 2141 sint

129 2263 132 2267 ,
229 2206 336 2251 cocciis
356 2194 389 2250 et
410 2208 521 2266 coecas,
545 2188 663 2252 coelam
684 2197 718 2251 et
739 2188 862 2266 coelum,
884 2194 1021 2252 caracter
1041 2195 1074 2251 et
1095 2187 1260 2264 character,
1276 2187 1431 2268 pernicies
1449 2194 1482 2249 et
1493 2187 1693 2266 pandebant,
1716 2187 1857 2267 speciem
1878 2194 1911 2250 et
1927 2187 2072 2266 spatium,
2095 2188 2237 2253 sincerus

134 2348 139 2362 .
230 2305 263 2363 et
284 2318 444 2380 syncerae,
467 2298 669 2380 prropbaacre
691 2306 724 2362 et
742 2299 913 2380 fanaticas,
943 2320 1022 2363 arra
1044 2298 1210 2376 et'crrbo,
1234 2297 1343 2362 Iosiab
1362 2307 1396 2362 ot
1419 2297 1536 2374 Iasius,
1558 2295 1717 2375 Moscboe,
1740 2295 1829 2362 Mose
1850 2305 1883 2362 et
1905 2296 2009 2362 Mesia
2029 2300 2065 2363 in
2088 2299 2236 2382 genitivo

230 2430 317 2489 casu,
340 2429 373 2473 sc
392 2411 498 2491 ipsum
518 2416 551 2473 et
571 2410 717 2491 ceqrsuru,
740 2410 953 2493 expluribus
974 2411 1135 2476 similibus
1158 2410 1211 2475 hic
1233 2409 1387 2474 notanda.
1433 2408 1642 2475 Gemmatum
1664 2417 1697 2474 et
1724 2416 1921 2492 prmctorum
1943 2411 2038 2494 signa
2064 2411 2177 2476 multis
2200 2413 2237 2476 in

162 2592 168 2603 1
229 2520 310 2585 locis
330 2520 410 2585 adeo
433 2521 594 2585 incuriose
617 2528 651 2585 et
671 2522 781 2604 inepte
804 2523 951 2604 apposita
971 2531 1079 2600 erant,
1101 2529 1153 2601 ut,
1181 2523 1246 2585 nisi
1268 2544 1403 2586 manum
1430 2522 1686 2589 admovissemus
1707 2521 1961 2587 emendatricem
1982 2523 2172 2605 saepissime
2194 2523 2236 2587 de

131 2675 143 2700 e
231 2653 330 2708 sensu
352 2632 518 2715 ambigere
539 2634 708 2715 potuisses.
753 2634 881 2697 Verum
903 2635 1002 2697 etiam
1029 2635 1067 2697 in
1095 2634 1148 2698 his
1176 2641 1281 2700 certos
1302 2634 1395 2700 nobis
1417 2635 1499 2699 fines
1528 2634 1769 2712 constituimus,
1798 2639 1837 2696 ut
1863 2633 2030 2698 rarissimo
2052 2633 2235 2699 carissimo-

231 2765 294 2826 que
317 2744 425 2808 libello
447 2744 579 2827 propria
601 2766 660 2808 sua
681 2745 780 2809 facies
802 2766 900 2826 quam
921 2746 1056 2809 minime
1078 2747 1206 2811 variata
1225 2752 1382 2810 maneret.

339 2836 342 2849 ¹
384 2856 427 2919 In
448 2854 680 2937 posterioribus
703 2855 897 2921 editionibus
920 2856 1127 2922 recensendis
1155 2874 1224 2922 tam
1244 2877 1377 2922 severae
1398 2858 1463 2940 legi
1484 2857 1674 2938 neutiquam
1696 2855 1846 2921 adstricti
1871 2879 2016 2937 eramus,
2046 2879 2146 2940 quum
2168 2858 2253 2921 sin:

231 2967 327 3052 gulae
349 2966 495 3031 diversas
517 2965 580 3030 eibi
602 2967 764 3032 scribendi
787 2967 918 3051 regulae
939 2969 1115 3050 posuerint,
1139 2969 1222 3033 citra
1243 2990 1339 3033 omne
1361 2968 1497 3033 dubium
1517 2989 1585 3032 non
1605 2966 1647 3032 ad
1669 2965 1848 3033 Calvinum
1870 2975 2017 3033 autorem
2035 2969 2234 3048 referendas,

232 3077 289 3142 sed
317 3077 359 3141 ad
385 3077 524 3156 Rihelii,
549 3077 706 3157 Gerardi,
730 3077 907 3162 Stephani,
936 3079 1147 3144 Riveriorum
1176 3101 1349 3162 operarum
1378 3080 1566 3164 praefectos.
1612 3066 1709 3162 Quod
1735 3088 1807 3146 tum
1829 3080 1909 3145 alias
1931 3081 2134 3162 saepissime,
2164 3089 2237 3146 tum

231 3189 440 3271 potissimum
462 3210 504 3252 ax
526 3211 589 3253 usu
609 3189 705 3254 modo
726 3191 938 3273 frequentiori
961 3192 1058 3256 modo
1079 3192 1197 3256 rariori
1217 3192 1387 3256 literarum
1409 3190 1585 3256 uncialium
1610 3200 1745 3276 apparat
1766 3192 1883 3275 quibus
1906 3193 2039 3257 termini
2062 3193 2237 3276 theologici

232 3301 355 3383 passim
376 3300 646 3383 insigniebantur.
697 3302 808 3387 Etiam
836 3302 1091 3385 interpungendi
1119 3303 1201 3366 ratio
1225 3323 1291 3401 non
1319 3303 1469 3368 omnibus
1497 3302 1620 3368 eadem.
1665 3305 1781 3387 Itaque
1809 3304 1863 3368 hic
1890 3304 2024 3369 liberius
2051 3303 2235 3387 procedere,

233 3419 267 3476 et
288 3421 358 3475 tam
379 3433 451 3475 rem
472 3411 758 3495 orthographicum
779 3434 878 3495 quam
904 3413 1028 3496 logicae
1057 3421 1232 3497 syntaxeos
1261 3422 1355 3479 notas
1378 3414 1419 3478 ad
1447 3436 1548 3479 unam
1570 3415 1713 3497 aliquam
1735 3437 1871 3498 eamque
1893 3425 2016 3482 certam
2039 3423 2072 3480 et
2093 3416 2237 3480 rationa-

232 3521 299 3586 lem
320 3543 472 3588 normam
493 3523 625 3607 exigere
647 3545 715 3588 non
737 3523 966 3588 dubitavimus.
1011 3525 1083 3589 Imo
1103 3525 1203 3589 talem
1224 3527 1318 3591 unice
1341 3525 1540 3608 sequendam
1561 3527 1654 3592 nobis
1681 3528 1901 3610 praescribere
1924 3528 2112 3604 debuimus,
2135 3547 2238 3610 quum

233 3654 299 3697 non
321 3633 442 3716 singuli
464 3634 600 3701 alicuius
627 3635 701 3700 libri
724 3643 868 3713 textum,
896 3635 955 3700 sed
979 3636 1161 3717 plurimum
1183 3646 1216 3702 et
1242 3636 1445 3704 diversorum
1466 3637 1621 3702 exhibere
1648 3660 1752 3705 novae
1774 3647 1903 3704 nostrae
1925 3639 2075 3703 editionis
2098 3638 2239 3703 ratioet

232 3745 404 3810 consilium
426 3726 591 3812 suasmset
2103 3821 2106 3832 Ι

387 3856 480 3922 Haec
510 3865 602 3936 sunt,
632 3858 788 3925 benevole
810 3859 924 3938 lector,
954 3880 1037 3941 quac
1056 3861 1298 3944 praemonenda
1320 3860 1491 3940 duximus,
1519 3868 1558 3925 nt
1584 3863 1667 3928 scias
1686 3883 1745 3928 nos
1772 3862 1907 3927 minime
1932 3862 1996 3926 levi
2019 3862 2127 3926 animo
2149 3859 2239 3926 huno

232 3966 369 4049 longum
393 3988 591 4050 gravemque
612 3970 758 4035 laborem
780 3992 951 4055 aggressos
972 3994 1053 4052 esse,
1076 3993 1144 4037 non
1165 3980 1276 4038 tamen
1297 3971 1513 4040 iniucundum
1533 3994 1638 4055 neque
1659 3974 1880 4058 ingloriosum,
1904 3974 1960 4038 sed
1983 3982 2016 4038 et
2035 3974 2118 4038 bena
2136 3972 2237 4037 fuisse

233 4099 354 4163 gnaros
383 4099 496 4142 aarum
522 4079 639 4160 quibus
667 4082 702 4144 in
729 4083 935 4164 exsequendo
962 4084 1127 4166 proposito
1154 4085 1466 4150 circumveniremnr
1492 4084 1737 4166 difficultatum,
1765 4106 1871 4167 neque
1898 4087 2105 4150 immemores
2126 4084 2238 4149 obser-

146 4264 150 4271 *
232 4189 365 4254 vendas
386 4210 469 4272 quae
491 4198 559 4254 tam
582 4212 702 4274 magno
724 4194 848 4258 nomini
870 4193 1034 4259 debeatur.
