4770 6030
173 347 236 408 isc
716 340 816 407 one.
837 342 935 410 vm.
959 341 1068 429 αα).
1094 340 1308 408 cyneam
1329 340 1624 408 exemofflo.
2108 350 2171 411 esc

170 458 196 511 Β
210 458 285 524 1823
304 453 409 509 cles.

172 533 297 614 ooqitent
317 551 378 594 non
399 440 432 594 s]e
452 531 494 595 ad
515 530 657 594 lranorem
672 532 855 612 promoueri,
878 533 932 597 sed
949 551 1065 596 munus
1086 530 1147 594 sili
1198 530 1263 594 nisi
1282 530 1363 611 quad
1383 531 1418 593 in
1445 535 1509 594 tam
1531 530 1647 612 apertis
1673 532 1847 614 sacrileqiis
1868 533 1997 597 ludendo
2019 532 2124 598 Deum
2145 538 2173 598 et
2252 556 2261 575 ν

172 617 334 693 maculari,-
358 616 400 680 ad
420 618 500 696 quod
520 616 689 680 obeundum
711 617 829 680 solenni
848 619 1054 699 testificatione
1075 616 1147 680 obli-
1198 616 1335 680 laminas
1361 615 1445 679 nulle>
1464 617 1585 697 poedore
1611 618 1734 682 riclam?
1782 620 1829 681 At
1855 619 1933 700 quia
1959 619 1994 682 in
2021 620 2173 683 diuturna

170 708 287 787 penlnr.
337 701 383 766 Al
408 722 604 766 ronmnmses
629 703 790 784 mapistri,
824 704 879 782 qui
907 703 987 767 nillil
1014 705 1049 766 in
1074 703 1148 766 reli-
1199 703 1267 765 eius
1297 703 1344 765 rei
1369 702 1560 783 possessione
1584 707 1669 782 sunt,
1691 709 1806 784 pretam
1833 704 1867 767 id
1896 703 1957 768 sili
1984 704 2050 767 iam
2074 705 2172 769 licere.

169 790 259 872 piane
279 787 452 851 amandum
467 793 582 869 putant
598 793 724 869 praeter
744 793 884 867 contrari,
901 790 1006 870 primo
1023 787 1147 853 tilulum
1202 787 1351 868 Quisquis
1372 789 1454 852 errim
1473 793 1577 852 contra
1605 788 1679 852 laec
1704 794 1769 853 lam
1790 789 1890 868 clara,
1912 795 2034 870 tamque
2056 792 2173 855 atrocia

172 877 425 956 interpretantur,
450 875 593 938 reditum
624 874 679 953 qui
711 874 753 938 ad
787 874 968 938 alimoniam
985 874 1146 964 ,msficiak
1195 874 1319 955 llaqitia
1339 873 1455 938 lisama
1477 874 1577 952 audd,
1599 876 1691 954 quasi
1712 877 1767 955 qni
1783 895 1875 939 sacra
1894 874 2014 940 Cereris
2032 877 2066 938 in
2083 897 2173 957 aper·

172 962 236 1024 siae
257 980 295 1022 eu
311 960 502 1040 patrimonio
519 961 568 1037 sit,
586 960 651 1022 sine
667 979 705 1022 ee
721 960 895 1024 sacerdotio.
924 959 1035 1040 Itaque
1051 979 1147 1041 quum
1197 964 1262 1022 tum
1284 959 1358 1024 olim
1374 959 1554 1040 protulerat,
1578 961 1620 1023 ad
1641 961 1771 1041 capitale
1791 961 1946 1025 incdicium
1963 961 2001 1024 ab
2022 962 2104 1041 ipsis
2121 983 2173 1025 ra»

172 1047 335 1110 diaconum
355 1044 409 1113 ¹cel
431 1044 643 1125 prosectarum
663 1045 823 1122 ordinant,
846 1045 927 1109 olid
947 1046 1072 1110 solliciti
1092 1045 1146 1109 uiri
1194 1046 1292 1126 pitur.
1332 1043 1387 1108 An
1408 1044 1461 1108 lece
1480 1045 1622 1126 sacmeot,
1644 1047 1674 1108 si
1695 1067 1784 1127 quem
1795 1052 1944 1128 putarent
1960 1066 2024 1112 esse
2043 1046 2172 1111 Deum?

172 1131 296 1196 debeant
324 1131 519 1207 ministrare,
548 1130 686 1194 ordinem
715 1130 976 1212 dissenserunt,
1003 1133 1034 1195 si
1059 1132 1147 1195 niodo
1285 1133 1334 1194 72.
1392 1129 1496 1214 ¹)Iam
1533 1132 1567 1194 in
1595 1131 1805 1212 omeliaornm
1838 1131 2060 1211 collaticndms,
2092 1153 2172 1213 quae

172 1218 251 1282 satis
278 1216 388 1280 divites
414 1217 477 1279 sint
504 1216 547 1279 od
579 1236 611 1279 se
639 1216 773 1298 alendos.
824 1216 937 1281 Verum
958 1218 1031 1298 quis
1051 1217 1147 1281 lomi
1197 1236 1247 1280 res
1263 1216 1337 1280 olim
1357 1217 1515 1280 coniuncta
1541 1222 1608 1281 erat
1626 1237 1695 1281 cum
1717 1219 1916 1296 ordinatione,
1939 1239 2020 1281 nunc
2037 1238 2172 1299 prarsrrs

173 1323 249 1366 num
270 1302 323 1366 trac
344 1302 481 1382 recipiat,
504 1306 538 1363 ut
559 1301 675 1379 titulus,
698 1322 787 1382 quem
808 1303 938 1382 requirit
959 1303 1081 1367 corn-ilii
1096 1303 1146 1367 da
1197 1307 1242 1367 est
1269 1306 1428 1384 separata,
1463 1308 1576 1382 quanto
1604 1303 1716 1367 melius
1743 1323 1776 1366 se
1801 1304 1935 1386 peruret?
1984 1303 2044 1368 Est
2070 1308 2173 1368 numm

173 1393 301 1466 cretum,
328 1386 369 1450 sit
395 1405 521 1450 annuus
550 1391 719 1467 proventus
749 1388 791 1451 ad
818 1388 1024 1452 alimoniam?
1073 1387 1146 1452 Iam
1197 1388 1283 1469 apud
1313 1407 1363 1452 eos
1389 1387 1549 1468 multiplex
1579 1391 1676 1452 ratio:
1707 1408 1802 1469 neque
1834 1390 1916 1453 enim
1948 1389 2006 1452 soli
2037 1390 2172 1470 epismpi

173 1494 245 1622 :ill
264 1473 1077 1638 llmllllllltdlllilllllll
1100 1494 1146 1538 ⁶⁶*
1197 1473 2172 1641 lllldllldlllllll’ddllll

173 1647 219 1709 sie
235 1608 433 1725 reprimerent
451 1643 584 1707 nimiam
601 1664 704 1708 eorum
718 1644 755 1725 sa
797 1647 909 1724 itatem,
927 1581 1145 1739 rrooaetiirditi)J
1193 1610 1468 1728 plantamine
1488 1581 1623 1724 αααενιέῗ
1636 1646 1701 1725 ipsi
1728 1649 1829 1709 auten
1857 1610 2026 1710 mdatiruis
2046 1645 2172 1729 titulum

174 1731 275 1794 cautio
291 1732 457 1812 eecoqitala
474 1734 527 1808 est,
545 1749 608 1810 qua
625 1729 778 1795 eluderet
793 1730 873 1794 lanc
884 1752 1024 1811 plenam.
1059 1732 1145 1795 Nam
1196 1731 1332 1809 retierent,
1356 1730 1480 1794 lionoris
1499 1751 1603 1795 causa.
1647 1731 1803 1796 Accedunt
1829 1733 1922 1795 eliam
1949 1732 2170 1795 nominationes

173 1817 229 1897 qui
249 1816 426 1895 ordinatur,
456 1816 611 1879 nominato
637 1815 841 1896 qualicunque
869 1817 969 1895 tilulo,
991 1818 1146 1898 promittit
1197 1837 1234 1880 ee
1255 1816 1375 1894 satiatis,
1396 1817 1631 1898 resipnationes,
1653 1816 1700 1880 nel
1720 1817 1887 1897 simplices,
1909 1817 1955 1881 oel
1970 1817 2172 1897 permutatio-

174 1923 206 1966 eo
227 1923 259 1966 se
278 1901 344 1982 sore
361 1906 537 1965 amiantum
573 1899 622 1965 Ea
634 1906 725 1981 pacto
742 1901 781 1965 ab
798 1903 1013 1967 alimentorum
1029 1905 1146 1968 adione
1196 1902 1248 1967 nis
1269 1921 1366 1967 causa
1384 1902 1498 1983 sactae,
1529 1902 1679 1982 rescripta
1701 1902 1962 1980 commendatitia,
1979 1903 2172 1982 praeventio-

171 1986 339 2067 depellitm.
392 1988 489 2051 Τανεα
515 1985 600 2050 mille
622 1986 753 2067 fraudes
782 2008 861 2068 quae
887 1988 937 2052 iric
962 1989 1049 2070 fiunt.
1107 1987 1146 2054 Ut
1196 2008 1259 2067 nes,
1280 1993 1308 2051 ct
1328 1987 1480 2068 quidquid
1500 1987 1560 2052 tale
1581 1992 1632 2050 est.
1681 1987 1795 2052 Verum
1815 1989 1861 2053 ita
1877 2008 1911 2052 se
1930 2007 2032 2052 omnes
2050 1991 2171 2070 peruret,

43 2094 46 2098 ·
172 2094 268 2154 quum
300 2072 360 2137 alii
396 2074 507 2137 inams
538 2072 777 2136 sacerdotiorum
814 2074 918 2137 titulos
947 2074 1143 2153 mentiuntur,
1198 2079 1233 2137 ut
1263 2073 1368 2137 nullus
1402 2092 1507 2137 eorum
1538 2074 1641 2155 possit
1669 2072 1760 2137 alteri
1787 2074 1951 2154 quidpiam
1979 2072 2170 2154 euprolrrare.

171 2159 254 2222 unde
280 2159 414 2239 quinque
439 2177 526 2222 asses
551 2159 715 2222 ammalim
736 2159 878 2239 conficere
897 2165 1059 2240 nequeant,
1087 2160 1145 2224 alii
1199 2159 1253 2223 Sic
1273 2158 1429 2237 medendo,
1455 2160 1510 2222 oie
1537 2159 1732 2223 milesimum
1760 2160 1899 2239 quodque
1924 2159 2100 2240 boninum
2121 2157 2172 2221 leo·

172 2244 229 2307 sul>
257 2264 374 2308 arcana
405 2243 601 2324 stipulatione
626 2243 797 2308 sacerdotia
825 2247 1045 2310 accommodato
1067 2246 1145 2310 acci
1197 2245 1247 2309 die
1277 2246 1313 2309 in
1339 2249 1463 2326 papatu
1489 2245 1557 2307 sine
1583 2244 1719 2308 simonia
1740 2244 1889 2325 confani;
1921 2245 2054 2325 qualiter
2079 2245 2172 2307 simo

166 2331 269 2410 piunt,
291 2350 370 2410 quae
391 2330 496 2393 statim
516 2329 691 2393 reddituros
711 2349 745 2394 se
764 2330 956 2410 pollicentur,
978 2332 1033 2395 sed
1053 2333 1145 2397 inler-
1195 2331 1283 2394 niam
1308 2334 1420 2394 oderes
1445 2329 1635 2411 ddtnururd.
1681 2329 1754 2393 Nan
1780 2330 1863 2407 dico,
1877 2350 1994 2422 ¹ornncs
2014 2332 2172 2394 rrmnerato

172 2416 247 2479 dnm
269 2435 330 2478 non
350 2415 497 2492 reddunt,
519 2419 546 2479 et
566 2415 632 2479 alia
652 2416 721 2479 eius
740 2417 861 2498 pencris
880 2419 1036 2498 mysterii.
1191 2417 1292 2499 pretio
1329 2435 1440 2495 unae,
1471 2415 1525 2481 sed
1556 2415 1625 2481 cedo
1657 2414 1735 2478 milri
1763 2434 1862 2477 unum
1888 2436 1926 2478 ea
1957 2416 2083 2498 oiqirrti,
2117 2414 2173 2495 qui

259 2505 308 2564 71.
368 2501 481 2564 Verum
507 2500 629 2564 etiamsi
656 2500 706 2564 illi
733 2501 850 2566 abusus
871 2503 1038 2567 crassiores
1065 2502 1144 2567 tolle
1195 2502 1283 2566 nima
1302 2500 1426 2583 obliqua
1447 2501 1702 2566 commendatione
1723 2501 1765 2565 ad
1781 2500 1986 2564 sacerdotium
2002 2501 2170 2581 perveniat.

171 2593 284 2664 rentur,
308 2607 412 2651 annon
432 2586 512 2650 illud
534 2607 653 2666 semper
674 2586 845 2652 absurdum
861 2592 912 2666 est,
931 2588 1144 2669 presbyterum
1195 2587 1289 2652 Alios
1317 2589 1453 2670 coprratio
1481 2587 1527 2651 oel
1554 2587 1694 2668 affinitas
1714 2590 1885 2667 pronmuet3
1908 2586 1988 2649 alias
2003 2591 2173 2666 parentum

172 2674 356 2751 prostituere,
379 2674 429 2736 cni
450 2673 549 2737 mcum
568 2672 689 2735 nullum
711 2674 875 2756 assiqnes?
894 2675 1045 2737 neminem
1061 2676 1144 2738 enim
1196 2675 1366 2751 autoritas;
1395 2674 1454 2738 ulii
1475 2673 1629 2754 obsequiis
1652 2672 1790 2753 saeoran
1812 2669 1872 2735 slot
1893 2671 2063 2734 conciliant.
2108 2671 2171 2735 De

171 2760 316 2823 ordinant
337 2759 401 2823 nisi
423 2759 464 2822 ad
492 2758 740 2838 sacrificandum.
784 2761 883 2839 Atqui
904 2760 1041 2840 lepitima
1055 2780 1145 2840 pres-
1195 2759 1288 2838 nique
1306 2761 1341 2822 in
1362 2759 1442 2824 lunc
1461 2761 1554 2841 qinom
1575 2760 1773 2840 confeuntur
1792 2757 1973 2833 sacerdotia,
1995 2777 2056 2820 non
2074 2762 2109 2819 ul
2127 2775 2171 2820 ec·

171 2842 266 2926 iyteri
293 2844 447 2909 ordinatio
468 2849 528 2922 est,
558 2844 600 2907 ad
622 2845 762 2908 cadesim
785 2844 1049 2927 pubernationem,·
1075 2847 1144 2910 diu
1196 2844 1298 2908 etesiis
1325 2845 1366 2908 sit
1386 2850 1594 2926 prospectum,
1626 2845 1681 2908 sed
1706 2844 1750 2907 iis
1776 2844 1831 2923 qui
1852 2843 2014 2923 amnium.
2059 2840 2171 2921 Itaque

171 2931 237 2993 coni
270 2931 312 2991 ad
349 2931 549 3011 dceniosynae
582 2931 831 3011 procurationem
863 2931 974 2995 occari.
1030 2929 1144 2995 Multis
1195 2930 1337 3011 henoteta
1358 2931 1607 3011 appellantque
1628 2930 1750 2994 narn'nee
1770 2929 1850 2994 sciis
1870 2927 2034 3005 declarant,
2057 2948 2089 2992 νε
2110 2945 2171 2990 non

171 3015 293 3095 quidone
314 3017 440 3095 ponqris
461 3016 645 3080 adumbrant
670 3017 705 3080 id
726 3017 807 3096 quod
828 3022 937 3098 aqum,
966 3019 1025 3097 quo
1045 3018 1143 3098 specie
1195 3016 1258 3080 alic
1279 3017 1340 3080 loco
1361 3037 1398 3080 ea
1419 3016 1542 3093 labere,
1564 3036 1658 3096 quam
1673 3016 1856 3096 principum
1877 3015 2037 3093 dmaliva,
2059 3012 2172 3093 quibus

170 3101 243 3180 ipsa
270 3102 489 3163 venerationem
514 3103 599 3182 aand
625 3101 781 3183 simplices
806 3102 924 3167 ineu.
975 3102 1037 3167 Sed
1057 3103 1143 3184 opud
1195 3102 1241 3166 cel
1262 3100 1423 3165 mncdiom
1447 3102 1584 3183 saonem
1611 3101 1761 3180 militum,
1789 3100 1835 3165 oet
1855 3120 1961 3165 eorum
1987 3099 2104 3164 ἰααανεν
2124 3119 2171 3163 re-

170 3206 264 3249 sanos
290 3186 367 3264 quid
395 3186 495 3249 calme
522 3192 655 3268 possunt
675 3190 753 3252 istae
773 3188 892 3267 larvae,
921 3188 975 3251 utri
996 3189 1076 3252 nillil
1096 3208 1144 3252 so·
1172 3184 1405 3251 muneremur.
1453 3187 1579 3265 Omitto,
1601 3187 1682 3267 quod
1702 3188 1737 3250 in
1758 3191 1900 3264 inrisores,
1923 3206 2040 3268 coquos,
2061 3183 2171 3248 mulio

171 3272 230 3334 lidi
250 3276 306 3333 aut
328 3272 392 3333 cieri
412 3272 536 3336 subest?
580 3274 666 3338 Nam
692 3276 899 3338 camanonias
920 3273 1074 3354 addiderit,
1097 3275 1144 3339 uel
1194 3293 1257 3351 nes,
1279 3277 1368 3354 alque
1389 3273 1457 3336 eius
1475 3273 1573 3353 faecis
1593 3272 1737 3351 mmines,
1760 3271 1833 3336 llaec
1848 3273 1995 3352 praemia
2013 3272 2171 3352 contemu-

171 3378 208 3421 εν
229 3357 385 3420 calonna
406 3360 582 3439 acmrsilas,
609 3361 656 3423 oel
680 3381 718 3425 εα
738 3380 771 3424 νε
792 3361 873 3441 ipsis
893 3362 1049 3441 metictas:
1075 3361 1144 3441 qui·
1193 3365 1253 3423 tur.
1296 3357 1370 3421 Iam
1391 3378 1460 3422 oero
1481 3357 1579 3422 nullis
1597 3358 1663 3438 fere
1683 3357 1789 3421 litilus
1809 3358 1912 3438 maqis
1932 3356 2021 3420 leodic
2036 3360 2171 3435 perstre·

171 3443 227 3506 lrus
256 3441 405 3507 abstinere
431 3445 533 3508 satius
561 3448 647 3526 soret.
695 3445 746 3511 De
772 3467 841 3510 vero
869 3451 972 3510 aumrn
1002 3447 1143 3510 eaamine
1190 3447 1270 3526 punt
1291 3444 1419 3522 iudicia,
1441 3464 1536 3526 quam
1557 3443 1593 3508 ob
1613 3444 1801 3521 sacerdotia;
1823 3447 1858 3505 ut
1874 3442 1962 3506 duas
1978 3440 2059 3504 nileil
2080 3439 2170 3503 aliud

172 3527 328 3612 (unibram
356 3530 437 3591 enim
458 3528 561 3607 illam,
583 3552 677 3612 qnam
698 3533 839 3612 retinent,
866 3531 948 3596 nihil
968 3531 1083 3616 morer)
1106 3533 1142 3596 de
1194 3551 1289 3611 quam
1308 3531 1465 3611 praedam
1494 3550 1558 3594 esse
1584 3529 1711 3594 conans
1739 3528 1883 3592 amaon
1909 3527 1952 3591 ad
1972 3525 2169 3590 venationem.

165 3614 277 3694 populi
298 3633 452 3692 consensu,
474 3616 512 3678 de
531 3616 607 3680 aliis
627 3617 717 3681 rebus
738 3618 929 3695 necessariis,
951 3617 1040 3682 nulla
1059 3638 1143 3682 men-
1194 3616 1250 3681 An
1276 3615 1330 3680 troc
1356 3616 1403 3680 vel
1424 3615 1534 3680 auditu
1555 3614 1707 3679 tolerabile
1727 3619 1784 3690 est,
1806 3617 1949 3694 pastores
1968 3611 2086 3688 meari,
2114 3610 2171 3690 qui

170 3701 220 3763 tio.
272 3699 418 3765 Umbram
439 3721 522 3780 voca,
549 3703 702 3767 ridiculas
722 3703 797 3768 illas
815 3703 1070 3786 palaemone,
1100 3705 1143 3769 ad
1193 3702 1229 3766 in
1258 3701 1399 3766 molesiae
1421 3703 1659 3782 possessionen,
1687 3701 1779 3780 quasi
1807 3699 1843 3762 in
1863 3697 1970 3762 trostde
1990 3695 2170 3778 praedium,

171 3786 305 3866 ineptam
327 3806 363 3849 aa
381 3785 534 3867 friqulam
554 3790 713 3852 venulis
732 3790 934 3854 imitationem
952 3792 1142 3870 compositas.
1193 3788 1387 3868 irruperint?
1412 3789 1468 3869 qui
1494 3785 1669 3868 forensibus
1697 3785 1813 3867 impiis
1834 3783 2002 3848 evicerint?
2027 3784 2082 3863 qui
2098 3802 2171 3863 pra
2288 3814 2296 3820 -

171 3871 294 3934 Habent
320 3872 455 3953 episcopi
479 3892 552 3935 suos
578 3875 726 3952 cicarias,
755 3877 900 3955 quiante
921 3876 1142 3940 ordinationem
1192 3874 1235 3938 tio
1255 3873 1459 3938 redemerint?
1478 3874 1534 3954 qui
1554 3871 1690 3936 sordidis
1711 3870 1863 3950 obsequiis
1883 3869 2088 3933 unmmrint?
2115 3868 2171 3949 qui

170 3957 207 4021 de
228 3957 366 4020 doctrim
386 3958 556 4036 inquirant.
591 3958 653 4023 Sed
673 3960 771 4039 quid?
792 3982 835 4024 an
856 3961 950 4043 lepore
970 3981 1048 4025 suas
1068 3961 1142 4025 mrs-
1189 3959 1293 4042 pueri,
1316 3960 1444 4024 madum
1464 3958 1673 4036 balbutientes,
1696 3958 1731 4020 in
1752 3977 1829 4035 earn,
1852 3975 1905 4020 ceu
1927 3954 2170 4019 lmereditariam

169 4062 224 4106 sas
246 4043 395 4122 possint?
422 4064 464 4107 an
492 4044 618 4127 culpare
637 4044 762 4124 aliquod
783 4067 904 4125 nomm,
929 4047 1010 4127 quod
1031 4048 1065 4110 in
1087 4047 1142 4112 lec
1193 4067 1215 4110 a
1229 4047 1360 4127 patruis
1379 4051 1407 4110 et
1427 4045 1577 4127 mquatis,
1599 4043 1755 4108 interdmn
1775 4042 1869 4107 etiam
1889 4062 1910 4105 α
1927 4039 2074 4124 patritiis
2095 4060 2169 4121 spu·

169 4129 249 4192 lione
270 4133 420 4206 occurret,
451 4130 629 4193 declinare?
660 4151 703 4193 an
729 4133 891 4215 coniuqare
917 4133 1066 4197 eertum?
1098 4155 1141 4198 αα
1193 4133 1237 4195 rii
1258 4131 1428 4196 mouerint?

168 4215 250 4279 cocis
276 4214 373 4278 anius
397 4215 649 4296 sipnifiemwm
670 4218 832 4281 emerint?
863 4239 958 4299 neque
984 4219 1066 4282 enim
1091 4239 1142 4283 ne·
1280 4221 1330 4281 73.
1374 4216 1430 4281 An
1450 4236 1587 4297 unquam
1604 4235 1638 4280 ea
1653 4232 1821 4297 propressa
1838 4217 1915 4277 esset
1930 4211 2050 4293 populi,
2069 4227 2166 4290 pron·

168 4319 249 4364 cesse
270 4304 322 4377 est,
345 4305 379 4362 ut
400 4300 447 4364 eet
467 4301 564 4365 uilius
584 4301 730 4366 ensiculi
751 4323 877 4368 sensum
892 4305 1018 4369 raidere
1033 4304 1141 4368 sciant.
1193 4303 1308 4367 tmnm‘s
1333 4303 1469 4383 corrupti
1496 4306 1524 4366 et
1549 4301 1675 4383 napis,
1704 4298 1850 4364 licerrtiu?
1895 4296 1957 4360 Sed
1977 4296 2031 4360 rac
2051 4313 2168 4374 quoque

169 4386 279 4464 Neque
304 4391 405 4448 lamen
432 4387 533 4450 adtira
559 4410 580 4451 a
606 4387 773 4452 sacerdotio
799 4390 1004 4472 repellentem,
1030 4391 1086 4471 qui
1106 4391 1142 4454 in
1192 4389 1298 4454 maius
1317 4393 1494 4470 partenium
1517 4391 1574 4464 cst,
1596 4386 1677 4466 quod
1696 4405 1784 4451 unns,
1797 4384 1898 4461 leomo,
1920 4402 1982 4446 nan
2002 4381 2070 4477 dieo
2091 4399 2168 4458 qua·

166 4467 220 4534 lris
237 4491 354 4550 quoque
365 4473 542 4552 preerililnrs
559 4474 712 4537 elenrentis
728 4474 880 4555 desinunt,
897 4477 985 4541 modo
1002 4476 1142 4557 aliquam
1193 4475 1248 4554 lis,
1273 4479 1349 4540 certe
1370 4475 1426 4555 qui
1446 4494 1480 4538 νε
1500 4474 1607 4554 ipsum
1626 4492 1729 4554 repere
1748 4490 1809 4533 non
1824 4472 1938 4550 potest,
1961 4485 2094 4546 mirque
2113 4468 2169 4561 aut

159 4557 316 4634 pecuniae
336 4556 383 4621 cel
401 4560 523 4639 praliae
544 4560 829 4636 commendationem
848 4562 1011 4626 adulerint.
1045 4561 1143 4626 Eius·
1193 4580 1247 4624 sec
1268 4560 1402 4625 ecclesiis
1418 4558 1628 4642 pulenmrdis
1643 4555 1833 4639 praeficitur.
1886 4552 1995 4616 Videre
2016 4554 2060 4613 cst
2079 4549 2169 4613 lodie

165 4643 238 4705 dem
256 4642 382 4720 farimce
403 4649 454 4733 est,
477 4646 557 4725 qued
573 4666 642 4708 cum
664 4647 706 4709 ud
728 4646 825 4710 altare
843 4647 1043 4711 admoventur
1059 4647 1143 4711 ordi
1193 4647 1228 4709 in
1249 4646 1334 4711 aulis
1349 4647 1532 4728 principum
1552 4643 1757 4708 adulescentes
1783 4646 1829 4705 ter
1849 4638 1985 4714 ααόαἰεν,
2013 4635 2062 4698 bis
2088 4635 2169 4716 epis-

163 4727 283 4803 nandi,
312 4732 473 4809 quaeritur
500 4736 546 4794 ter
572 4751 640 4796 oace
658 4752 718 4795 non
739 4732 902 4809 intellecta,
927 4734 1027 4797 sintne
1053 4733 1142 4815 dipni
1193 4751 1295 4811 copes,
1324 4731 1415 4795 semel
1440 4730 1692 4812 archiepiscopos.
1738 4726 1867 4790 Passim
1893 4743 1962 4786 cero
1988 4725 2062 4820 sunt
2081 4741 2169 4785 cano·

163 4809 286 4877 deerrare.
332 4814 506 4896 Respondet
526 4838 623 4896 nnus,
647 4818 703 4897 qui
724 4837 774 4882 eas
794 4838 954 4898 nmquam
975 4819 1055 4882 cidit
1074 4817 1143 4901 (sed
1193 4818 1257 4881 nici
1283 4818 1429 4897 quinque,
1458 4837 1526 4895 seu,
1554 4821 1667 4897 septem
1693 4811 1873 4877 sacerdotiis
1892 4811 2009 4886 anesin
2036 4826 2168 4888 qnorum

162 4918 205 4963 ue
226 4899 303 4979 quid
320 4899 471 4980 formulae
498 4902 589 4981 desit,
618 4902 677 4968 lias
697 4908 805 4984 partes
832 4903 920 4968 labet
939 4904 974 4967 in
999 4903 1142 4987 salutm:
1192 4902 1313 4966 nullam
1335 4923 1484 4983 proran,
1517 4902 1581 4966 nisi
1608 4902 1642 4964 in
1670 4896 1840 4979 recipiendo
1861 4898 2029 4977 moratu,
2062 4912 2168 4957 curam

160 4985 256 5067 ‹liqni
276 4991 357 5048 sunt.
394 4988 476 5069 Quid
496 4989 532 5053 in
552 4990 735 5055 oenermrdis
755 4991 827 5055 istis
841 4988 989 5072 patribus
1009 5009 1141 5068 αεεανεν,
1194 5044 1324 5052 .-,...
1345 5046 1354 5049 ..
1388 5047 1397 5050 ,,

160 5152 330 5166 ”-*-
355 5161 369 5167 -
1166 5128 1168 5133 '
1262 5127 1291 5193 1)
1317 5126 1458 5180 Nonnulla
1476 5140 1546 5195 qnae
1568 5123 1611 5175 liic
1638 5121 1744 5175 duabus
1765 5117 1952 5187 parapraplu's
1970 5115 2010 5168 72.
2030 5123 2053 5168 cl
2072 5113 2112 5167 73.
2132 5113 2167 5166 lc·

1191 5201 1295 5261 pnrrtur
1319 5196 1348 5247 in
1376 5193 1439 5246 edit.
1469 5191 1642 5260 praecedenti
1670 5188 1766 5250 (1539)
1797 5187 1898 5240 Noster
1926 5186 2012 5238 lecim
2040 5186 2167 5250 aunone

236 5257 266 5325 1)
284 5258 449 5313 damnabunt
467 5259 534 5314 1545
552 5279 621 5333 seqq.
691 5263 722 5332 2)
738 5282 809 5320 nova
827 5271 909 5319 murm
928 5263 996 5318 1553
1013 5280 1066 5335 seq.
1193 5278 1252 5332 cap.
1275 5263 1359 5317 XVI.
1374 5279 1438 5332 paq.
1455 5262 1514 5316 409·
1534 5264 1620 5325 (nm
1639 5257 1724 5312 ΧΙΧ·
1739 5264 1802 5327 Ρθθι
1820 5257 1843 5323 i·
1862 5255 1926 5321 30-)·
