4770 6030
208 331 270 392 491
781 322 1048 390 1118111111Ιο
1070 324 1175 389 Rue.
1199 321 1379 388 CHRIS'P.
1407 325 1637 388 loeo-1554.
1983 405 1986 415 1
2149 329 2213 391 492

1826 424 1955 514 [3133
1973 441 1995 493 o
2011 441 2084 507 12⁷3
2103 438 2123 492 c
2141 442 2210 495 133.

202 536 274 582 esse
296 522 428 598 333133
451 522 484 578 31
504 513 571 577 filio
594 512 769 589 diversum,
793 513 869 594 quio
890 515 994 596 patris
1012 519 1044 577 31
1060 513 1120 576 filii
1137 513 1179 576 sit
1232 518 1331 590 teres,
1361 511 1517 576 dixerunt
1541 526 1641 576 unam
1669 534 1739 578 esse
1767 510 1892 589 odocar,
1921 524 1988 580 tres
2015 513 2212 589 1333113333

203 603 345 686 spiritus.
381 599 551 682 Siquidem
573 600 607 662 in
628 619 823 681 unaquaque
847 599 1017 683 hypostasi
1038 605 1106 662 tota
1128 599 1178 661 in·
1231 597 1266 661 id
1293 606 1356 674 331,
1385 598 1601 663 substantiam
1629 620 1746 677 unam,
1775 606 1842 663 tres
1869 601 1904 663 in
1932 623 1999 665 una
2027 599 2213 666 substantia

202 688 362 771 telligitur
382 692 510 763 natura,
534 706 609 749 eum
631 685 707 763 hoc,
729 684 816 767 quod
838 685 950 750 subest
972 706 1031 750 sua
1053 684 1179 749 unicui-
1232 683 1469 748 subsistentias.
1522 684 1636 748 Latini
1664 706 1764 766 quum
1791 705 1850 766 per
1877 688 1987 751 omnia
2010 708 2108 751 sensu
2135 708 2212 753 con·

203 794 265 858 que
299 773 489 856 proprietas.
533 771 636 835 Pater
663 777 750 834 totus
777 772 812 833 in
839 770 906 834 filio
936 776 999 847 est,
1028 776 1114 833 totus
1143 770 1179 833 in
1235 770 1400 847 venirent,
1435 769 1574 834 alterum
1602 776 1733 833 tantum
1761 792 1881 835 nomen
1914 771 2144 851 reddiderunt,
2178 775 2213 837 in

203 867 295 943 patre
317 844 413 936 filiris,
437 856 710 940 quemadmodum
732 858 801 938 ipse
820 877 946 938 quoque
965 857 1095 920 asserit:
1119 876 1179 938 ego
1233 855 1336 919 altero
1358 855 1513 937 quiddam
1535 855 1624 919 aliud
1651 864 1895 938 expresserunt3
1934 857 2091 923 dixerunt
2124 860 2213 923 enim

163 942 166 946 ’
203 946 238 1009 13
263 949 371 1027 patre,
400 949 433 1007 et
464 949 558 1025 pater
579 944 615 1006 in
636 964 702 1007 me:
732 964 793 1007 nec
815 942 882 1006 ulla
904 943 1064 1007 essentiae
1086 941 1179 1005 11113-
1234 962 1335 1005 33313
1358 943 1533 1014 essentiam
1555 940 1656 1026 (quod
1677 964 1796 1006 nomen
1819 964 1934 1025 graeco
1953 944 2001 1007 illi
2022 945 2212 1028 respondet)

204 1030 309 1095 rentia
332 1030 460 1113 seiungi
481 1029 622 1093 alterum
645 1029 685 1093 ab
708 1028 810 1092 altero
832 1028 1005 1112 scriptores
1028 1027 1179 1092 eeclesia·
1235 1033 1301 1091 tres
1323 1048 1400 1091 vero
1422 1048 1592 1109 personas:
1624 1049 1687 1109 quo
1716 1028 1906 1092 relationem
1933 1029 2099 1111 quandam
2126 1031 2213 1095 indi·

203 1117 276 1181 stici
290 1115 314 1201 ¹)
337 1115 527 1181 concedunt.
573 1114 931 1195 1113333311331331133,
954 1114 1180 1195 3333113133-
1234 1134 1308 1176 care
1330 1114 1512 1178 volucrunt.
1559 1112 1736 1178 Oblatrant
1757 1114 1922 1203 haeretiei,
1944 1116 2090 1180 fremunt
2112 1118 2210 1180 etiam

203 1203 314 1266 113333
340 1203 496 1279 derretaut,
526 1201 628 1282 iuquit
648 1200 863 1282 Aepustiuus,
894 1200 948 1264 boe
975 1201 1178 1282 sipaifieutur,
1232 1219 1301 1262 non
1327 1199 1407 1263 mali
1435 1199 1567 1282 quidam
1593 1200 1673 1279 viri,
1702 1199 1760 1265 sod
1785 1201 1949 1282 impendio
1977 1201 2207 1285 simpliciores:

203 1289 285 1369 quod
308 1289 350 1351 ud
371 1309 403 1351 33
431 1288 560 1350 turice-ru
588 1287 780 1368 referuntur5
807 1308 868 1351 uon
896 1288 968 1367 1333
996 1286 1179 1362 substantia,
1233 1284 1319 1366 quod
1349 1282 1455 1363 odota,
1477 1284 1674 1369 ὑποστάσεις,
1698 1287 1853 1364 essentia,
1876 1308 2050 1369 personae,
2074 1289 2212 1353 conficta

202 1393 267 1454 que
287 1394 385 1437 uuum
406 1377 486 1437 3331.
531 1370 605 1452 Quo
627 1394 726 1437 sensu
748 1372 968 1438 conciliandae
999 1379 1076 1436 sunt
1094 1372 1180 1434 inter
1234 1376 1312 1434 sunt
1331 1371 1502 1435 hominum
1524 1372 1657 1436 arbitrio
1679 1373 1827 1448 nomina,
1856 1394 2018 1454 nusquam
2046 1374 2081 1437 in
2110 1374 2212 1456 scrip·

148 1475 161 1494 ·
204 1466 400 1525 sauctorum
412 1459 601 1535 sententiae,
625 1480 707 1541 3333
726 1480 873 1543 pugnare
891 1457 1010 1540 alioqui
1029 1457 1181 1521 nonnihil
1234 1457 1317 1521 turis
1338 1456 1423 1522 lecta
1444 1465 1501 1521 aut
1523 1458 1601 1523 3133.
1648 1456 1715 1523 Sed
1735 1478 1836 1539 quum
1857 1457 1919 1524 hoe
1942 1459 2035 1524 nobis
2058 1467 2212 1524 excutere

203 1546 401 1611 viderentur.
436 1545 533 1608 Nune
551 1545 639 1608 enirn
660 1552 788 1626 patrem
809 1545 868 1608 filii
890 1544 1088 1627 principium
1110 1564 1180 1607 esse
1234 1544 1462 1624 nonpossint,
1493 1552 1559 1607 tres
1582 1544 1660 1622 diei,
1685 1544 1741 1626 qui
1761 1565 1848 1608 unus
1869 1545 1961 1608 Deus
1984 1553 2074 1610 sunt:
2106 1545 2212 1627 qualis

204 1631 355 1710 tradunt;
388 1652 476 1695 nuno
503 1629 608 1694 filium
637 1651 657 1694 a
684 1652 718 1694 se
748 1632 817 1713 ipso
851 1636 884 1694 et
915 1629 1120 1694 divinitatem
1149 1635 1181 1692 et
1234 1634 1284 1693 est
1316 1628 1416 1694 istaec
1448 1631 1635 1707 morositas,
1678 1630 1862 1712 improbare
1896 1629 1997 1694 verba
2028 1651 2111 1715 quae
2144 1652 2212 1695 non

205 1719 381 1782 essentiam
398 1715 520 1799 habere
538 1723 741 1795 asseverant;
765 1717 898 1796 adeoque
914 1737 1014 1779 uuum
1031 1736 1095 1779 3333
1112 1735 1181 1778 oraru
1234 1714 1324 1778 aliud
1344 1715 1509 1796 explicant
1536 1738 1635 1798 quarn
1656 1714 1742 1798 quod
1764 1716 1933 1797 seripturis
1955 1723 2110 1781 testatum
2134 1738 2211 1782 oon·

199 1799 516 1887 3313333133131333.
561 1797 649 1866 Ε133
673 1802 865 1868 diversitatis
893 1822 1021 1866 3333313
1048 1801 1119 1865 bene
1144 1821 1181 1864 ae
1235 1800 1463 1891 signatumque
1485 1800 1556 1865 est?
1592 1800 1704 1866 Satius
1725 1802 1817 1879 foret,
1839 1802 1999 1883 inquiunt,
2024 1824 2090 1867 non
2111 1803 2209 1867 modo

199 1890 363 1972 33331333
385 1888 516 1969 explicet
537 1887 877 1972 14333331133331113)
900 1909 996 1969 quum
1018 1887 1181 1967 31313331-
1234 1908 1330 1950 sensa
1351 1895 1471 1965 nostra,
1496 1887 1552 1951 sod
1571 1888 1672 1952 verba
1694 1888 1793 1952 etiam
1814 1888 1903 1951 intra
1925 1888 2104 1970 scriptume
2126 1889 2209 1953 fines

203 1980 271 2039 tur:
307 1974 451 2040 01313133
479 1974 521 2037 31
548 1993 582 2037 33
608 1973 684 2038 deuo
710 1974 839 2053 dieitur,
869 1975 912 2038 331
937 1979 1063 2056 patrem
1093 1972 1182 2054 sitires
1234 1973 1413 2051 continere,
1442 1994 1542 2056 quam
1571 1975 1698 2039 exotica
1718 1973 1821 2038 verba
1842 1995 2011 2057 spargere,
2040 1995 2122 2056 quae
2145 1973 2211 2038 dis·

204 2061 327 2124 dieitur.
360 2060 546 2140 Rursusque
558 2065 651 2141 puter
668 2060 711 2123 ad
728 2081 761 2124 33
778 2061 854 2124 deus
871 2060 994 2138 dieitur,
1018 2061 1060 2124 ud
1079 2059 1181 2140 filium
1233 2059 1420 2122 sensionum
1443 2080 1480 2124 ac
1503 2059 1684 2143 iurgiorum
1705 2059 1881 2124 seminaria
1902 2060 2013 2125 lutura
2033 2061 2107 2124 sint.
2155 2058 2211 2126 Sic

204 2146 321 2210 dieitur
336 2151 437 2227 puter.
485 2145 572 2226 Quod
591 2147 707 2210 elicitur⁴
729 2146 771 2209 ed
789 2146 892 2228 fitium
913 2150 1020 2228 puter,
1049 2166 1110 2208 333
1137 2149 1181 2208 331
1233 2145 1321 2208 enim
1341 2144 1517 2228 languetur
1538 2147 1624 2211 cirea
1646 2145 1821 2211 verborum
1841 2166 1985 2228 pugnas,
2014 2147 2060 2211 313
2087 2147 2211 2211 veritas

202 2231 306 2314 111133·
336 2232 417 2312 quod
445 2230 560 2296 dieitur
578 2232 667 2313 fitius
689 2233 731 2295 act
747 2237 884 2314 putrem,
912 2253 974 2296 333
1001 2237 1046 2295 est
1071 2236 1180 2311 puter:
1234 2230 1421 2294 altercando
1443 2231 1616 2309 amittitur,
1640 2233 1686 2297 sio
1709 2231 1827 2296 caritas
1850 2230 1959 2295 odioso
1981 2230 2120 2296 rixando
2143 2231 2210 2296 dis·

203 2319 285 2398 quod
312 2318 426 2382 auaur
451 2317 494 2380 ud
522 2338 554 2387 33
574 2322 682 2399 puter,
714 2323 741 2381 et
765 2318 854 2400 [11133
880 2319 923 2382 331
949 2338 996 2397 33,
1029 2323 1073 2381 331
1099 2316 1181 2380 idem
1233 2316 1378 2381 solvitur.
1425 2315 1463 2381 Si
1485 2319 1622 2382 verbum
1650 2317 1814 2396 exoticum
1836 2317 2005 2399 appellant
2026 2317 2112 2399 quod
2134 2318 2211 2381 toti-

204 2403 304 2468 Deus.
349 2403 696 2487 Erpoquuurdefilio
723 2405 919 2486 3133331313
946 2409 1082 2485 respectu
1106 2403 1180 2466 sim-
1234 2401 1308 2466 dem
1332 2403 1466 2486 syllabis
1496 2404 1709 2486 compositum
1737 2402 1964 2484 inscriptura
1992 2403 2117 2468 ostendi
2144 2425 2211 2468 non

199 2489 325 2573 pliciter
357 2489 528 2571 loquimur,
561 2489 632 2553 bure
665 2495 692 2552 et
717 2491 846 2572 3333313
875 2491 980 2571 133333
1008 2512 1028 2552 3
1055 2511 1087 2552 33
1116 2509 1181 2551 3333
1231 2489 1348 2570 333311,
1382 2490 1527 2571 iniquam
1555 2512 1633 2555 sane
1662 2491 1771 2572 legem
1798 2488 1891 2553 nobis
1922 2490 2111 2571 imponunt,
2146 2510 2212 2570 333

95 2631 104 2648 ,
205 2576 384 2652 3333313133,
407 2578 434 2639 et
455 2575 522 2639 idco
543 2576 671 2639 3313331
693 2596 835 2639 coecatus
850 2576 1063 2658 3313331333
1084 2594 1180 2655 33331
1232 2573 1432 2639 damnantur
1465 2596 1578 2640 omnes
1611 2577 1781 2640 conciones
1813 2595 1897 2656 quae
1925 2575 2106 2658 seripuuae
2133 2595 2210 2638 con·
2309 2616 2318 2631 .

204 2681 274 2725 uero
306 2661 497 2740 relationem,
529 2683 607 2743 quae
640 2660 689 2724 uti
720 2682 790 2725 3331
815 2666 909 2743 patre
938 2666 995 2739 est,
1028 2666 1179 2738 33133333,
1232 2665 1326 2724 textu
1359 2683 1425 2725 non
1458 2662 1734 2726 consarcinantur.
1780 2658 1843 2725 Sin
1871 2660 2034 2725 exotioum
2066 2660 2131 2723 illis
2159 2666 2209 2724 331

200 2753 327 2898 petrem
346 2747 408 2828 (itii
422 2747 619 2828 3313333133
640 2749 747 2811 ruerito
767 2748 910 2829 fodorus.
950 2745 1048 2826 Quod
1070 2754 1180 2810 autem
1231 2745 1318 2828 quod
1346 2747 1472 2812 curiose
1502 2749 1723 2831 excogitatum
1754 2747 1979 2829 superstitiose
2006 2745 2207 2824 defenditur;

235 2833 387 2898 abelliani
410 2832 614 2910 cavillantur,
638 2854 705 2897 non
725 2834 793 2898 alia
816 2834 940 2897 ratione
961 2834 1071 2896 Deum
1092 2853 1179 2897 3333
1232 2832 1318 2913 3331
1338 2833 1379 2896 31
1397 2833 1636 2897 contentionem
1651 2833 1757 2916 magis
1775 2852 1874 2914 quam
1893 2830 1935 2896 31
1951 2830 2209 2897 aedificationem

204 2925 342 3004 patrem,
370 2940 458 2983 nune
477 2918 590 2998 filium,
615 2942 702 2985 nune
718 2921 869 3002 spiritum
891 2919 1057 3002 appellari,
1082 2940 1181 3000 quam
1232 2918 1335 2997 valet;
1364 2917 1449 3000 quod
1471 2919 1524 2984 331
1552 2920 1752 3003 importune,
1782 2918 1836 2983 vel
1864 2917 1955 2982 nullo
1982 2917 2091 2981 fructu
2112 2939 2209 2982 usur-

206 3027 270 3087 qua
299 3013 331 3069 et
357 3004 465 3082 fortis,
495 3005 673 3082 othonus,
703 3011 736 3070 31
761 3007 906 3088 3331333,
937 3011 972 3069 31
997 3005 1180 3069 misericors
1232 3011 1343 3087 patur;
1366 3004 1453 3087 quod
1476 3027 1536 3070 sua
1553 3006 1727 3086 asperitate
1744 3005 1816 3088 pias
1834 3025 1930 3068 aures
1949 3003 2101 3081 offendit;
2124 3003 2210 3084 quod

205 3091 408 3155 nominatur:
438 3088 513 3154 inde
536 3090 629 3155 facile
651 3093 879 3169 revincuntur,
902 3090 989 3173 quod
1010 3090 1092 3154 haec
1113 3090 1180 3171 opi-
1234 3112 1253 3153 a
1276 3092 1368 3154 verbi
1391 3091 1455 3154 Dei
1480 3091 1688 3174 simplicitate
1712 3090 1886 3155 abstrahit:
1916 3111 2030 3154 eorum
2053 3090 2210 3154 sobrieta

207 3176 299 3240 theta
321 3197 391 3240 csse
414 3182 564 3258 apparet,
594 3199 677 3259 quae
698 3178 874 3242 ostendunt
894 3177 1000 3260 qualis
1022 3197 1101 3259 erga
1121 3197 1181 3240 nos
1234 3183 1302 3239 tem
1324 3184 1391 3240 toto
1412 3178 1520 3241 animo
1543 3177 1730 3260 amplector.
1775 3176 1851 3240 Non
1877 3176 1966 3240 enim
1987 3175 2106 3239 minori
2133 3175 2210 3239 reli·

207 3261 250 3326 sit
278 3262 384 3340 Dcus;
412 3261 469 3326 illa
496 3263 631 3327 nomina
657 3284 740 3344 quae
767 3262 935 3329 declarant
962 3262 1066 3345 qualis
1095 3261 1182 3344 apud
1234 3262 1329 3344 gione
1352 3261 1392 3325 de
1413 3261 1486 3326 Deo
1514 3262 1608 3327 nobis
1637 3262 1849 3344 loquendum,
1878 3282 1978 3344 quam
2000 3260 2211 3345 cogitandum

185 3348 417 3429 semetipsum
438 3369 517 3413 vere
544 3349 594 3412 sit
640 3349 708 3414 Nee
736 3350 860 3414 moveri
887 3350 1048 3435 quispiam
1076 3347 1180 3426 debet,
1234 3349 1347 3426 sentio,
1370 3348 1499 3429 quando
1522 3355 1556 3413 et
1576 3347 1734 3431 quidquid
1757 3347 1797 3412 de
1819 3368 1857 3413 eo
1880 3348 2011 3412 anobis
2029 3349 2210 3431 cogitamus

206 3440 244 3497 ut
264 3433 417 3516 spiritum
439 3456 515 3499 oum
536 3440 630 3516 patre
652 3456 689 3500 33
710 3435 779 3498 filio
808 3435 999 3511 confundat,
1029 3435 1182 3516 quoniam
1234 3434 1372 3499 stultum
1400 3442 1464 3512 est,
1494 3441 1528 3499 et
1549 3434 1705 3518 quidquid
1726 3434 1903 3516 loquimur,
1932 3434 2102 3499 insulsum.
2147 3434 2211 3496 Est

204 3519 297 3584 Deus
327 3521 396 3601 ipse
424 3527 512 3584 totus
540 3521 674 3602 spiritus
696 3527 903 3602 3333333133
931 3520 1035 3605 (1333.
1058 3526 1092 3599 4,
1114 3517 1179 3603 24).
1234 3526 1344 3583 autem
1361 3519 1478 3585 modus
1496 3520 1613 3603 aliquis
1635 3518 1831 3599 servandus;
1853 3519 1994 3603 petenda
2016 3527 2105 3584 certa
2118 3519 2143 3600 ¹)
2167 3540 2209 3582 ex

102 3636 104 3641 ·
166 3600 169 3604 ’
206 3604 300 3669 Nihil
323 3607 411 3669 enim
433 3607 549 3683 obstat,
572 3607 745 3688 quominus
767 3614 837 3670 tota
857 3606 1036 3689 spiritualis
1058 3606 1101 3671 sit
1117 3606 1182 3670 Dei
1234 3605 1403 3686 seripturis
1425 3613 1459 3669 et
1480 3606 1646 3690 cogitandi
1667 3615 1701 3670 31
1722 3605 1873 3688 loquendi
1895 3605 2024 3689 regula3
2053 3604 2094 3669 ad
2124 3605 2210 3669 hano

181 3691 189 3711 “
206 3693 361 3769 essentia,
391 3700 423 3755 et
444 3693 480 3756 in
500 3692 558 3756 illa
580 3694 722 3769 essentia
750 3701 868 3776 pater,
886 3693 972 3757 filius
995 3699 1027 3756 et
1048 3692 1182 3774 spiritus
1234 3693 1391 3755 amussim
1414 3699 1447 3756 31
1468 3693 1589 3757 mentis
1610 3692 1823 3776 cogitationes
1845 3712 1957 3756 omnes
1975 3698 2008 3755 et
2026 3691 2091 3755 oris
2109 3690 2210 3754 verba

208 3777 511 3858 comprehendatur.
553 3776 650 3857 Quod
671 3781 779 3862 ipsum
802 3801 843 3843 ex
865 3780 1026 3860 scriptura
1046 3778 1182 3861 planum
1234 3776 1396 3861 erigenda
1427 3785 1514 3843 sunt.
1569 3776 1638 3843 Sed
1670 3777 1749 3860 quid
1781 3783 1885 3854 33131,
1919 3777 2094 3859 quominus
2126 3797 2210 3858 quae

94 3912 96 3916 »
206 3862 253 3924 fit.
283 3861 369 3925 Nam
387 3869 424 3925 ut
445 3862 511 3929 illic
531 3865 641 3929 Deum
662 3865 812 3930 audimus
835 3865 998 3930 nominari
1019 3864 1181 3946 spiritum,
1234 3864 1344 3946 captui
1377 3871 1489 3929 nostro
1528 3864 1685 3947 perplexa
1718 3864 1761 3928 in
1786 3863 1956 3946 seripturis
1988 3861 2211 3944 impeditaque

206 3946 254 4010 ita
276 3953 308 4010 et
330 3947 481 4027 spiritum
503 3957 653 4015 sanetum
676 3952 826 4016 audimus
848 3950 926 4030 1131,
956 3956 989 4014 31
1009 3950 1073 4014 Dei
1101 3971 1181 4029 esse,
1234 3955 1378 4028 euntes
1394 3950 1503 4015 verbis
1520 3950 1722 4033 planioribus
1739 3947 1979 4016 edisseramus?
1998 3969 2082 4030 quae
2100 3955 2211 4012 tamen

207 4039 241 4096 et
263 4053 283 4095 a
303 4032 383 4095 Deo.
925 4035 929 4044 '
1234 4036 1385 4119 religiose
1414 4043 1447 4101 et
1472 4036 1613 4101 fideliter
1640 4037 1743 4119 ipsius
1773 4036 1953 4118 scripturae
1980 4035 2113 4100 veritati
2143 4055 2212 4098 ser·

294 4120 344 4180 21.
390 4118 516 4183 Vident
550 4142 616 4185 non
655 4123 848 4186 contentiosi
887 4143 947 4186 nee
986 4121 1180 4203 pervieaoes,
1234 4121 1343 4199 31331,
1372 4129 1405 4187 31
1434 4144 1531 4207 parce
1558 4121 1781 4205 modestoque,
1810 4143 1872 4186 neo
1898 4121 1981 4186 citra
2008 4122 2212 4186 occasionem

208 4205 484 4268 contumacissimi
507 4206 604 4269 etiam
627 4208 745 4289 quique
766 4208 904 4273 inficiari
934 4213 1116 4289 nequeunt,
1145 4207 1182 4270 in
1229 4215 1444 4290 usurpentur.
1469 4207 1571 4273 (iuius
1587 4210 1635 4273 rei
1651 4230 1717 4274 non
1734 4207 1854 4273 desunt
1870 4209 1963 4274 nobis
1980 4206 2211 4290 33311113331)

208 4290 448 4372 simplicissima
469 4291 532 4355 Dei
564 4294 718 4369 essentia,
746 4301 872 4375 patrem
899 4315 975 4358 oum
996 4292 1095 4357 verbo
1125 4314 1183 4356 suo
1235 4294 1394 4375 exempla.
1440 4293 1530 4374 Quid
1553 4302 1676 4373 autem,
1706 4295 1763 4360 ubi
1785 4294 1953 4358 eeclesiam
1974 4293 2079 4357 multa
2099 4312 2210 4357 neees-

209 4398 266 4441 333
288 4376 365 4454 filio,
388 4383 422 4440 et
444 4377 560 4459 spiritu
579 4378 819 4459 comprehendi.
848 4380 940 4444 Deus
959 4379 1055 4455 enirn,
1078 4384 1181 4460 pater,
1235 4379 1332 4442 sitate
1355 4381 1468 4463 urgeri
1490 4379 1532 4444 31
1553 4380 1743 4464 usurpanda
1763 4380 1924 4445 trinitatis
1946 4386 1980 4445 et
1996 4398 2211 4463 personarum
2268 4390 2273 4396 “

209 4472 242 4526 31
263 4462 359 4539 filius,
383 4468 417 4526 ot
438 4463 587 4546 spiritus3
610 4484 671 4527 nee
687 4470 794 4546 potest
809 4465 872 4529 3131
888 4486 974 4529 unus
992 4484 1062 4527 esse
1079 4463 1181 4528 Deus.
1235 4464 1394 4529 voeabula
1426 4466 1672 4549 comprobatum
1704 4464 1825 4530 fuerit?
1867 4467 1895 4530 si
1929 4467 2002 4548 quis
2035 4465 2211 4531 verborum

208 4547 371 4626 Rursum,
400 4555 468 4614 tres
495 4549 721 4627 nominantur,
749 4556 816 4614 tres
845 4549 1087 4627 describuntur,
1116 4555 1182 4614 tres
1235 4550 1416 4615 novitatem
1438 4560 1509 4615 tum
1531 4551 1760 4634 reprehendat,
1782 4572 1891 4615 nonno
1912 4553 2030 4614 merito
2049 4552 2213 4615 iudicetur

210 4632 465 4718 distinguuntur.
510 4635 606 4700 Unus
633 4635 757 4718 itaque,
792 4642 825 4699 et
850 4643 931 4700 tres:
967 4656 1052 4699 unus
1080 4635 1181 4713 Deus,
1234 4636 1341 4701 lucem
1367 4638 1516 4703 veritatis
1548 4637 1682 4722 indigne
1709 4637 1810 4714 ferre,
1839 4644 1876 4699 31
1907 4636 1964 4718 331
1992 4642 2119 4698 tantum
2150 4633 2211 4697 hoc

209 4739 276 4782 333
304 4723 452 4785 essentia.
498 4719 564 4802 Qui
593 4720 681 4786 tres?
727 4721 802 4786 Non
830 4728 896 4786 tres
923 4720 983 4799 dii,
1018 4742 1084 4785 non
1116 4726 1183 4786 tres
1235 4722 1506 4804 reprehenderet,
1522 4723 1551 4809 ὃ)
1592 4725 1768 4789 veritatem
1799 4722 1933 4805 planem
1965 4741 2002 4784 ao
2035 4718 2212 4783 dilucidam

210 4807 377 4870 essentiae.
422 4808 608 4889 Utrumque
630 4814 668 4872 ut
689 4807 912 4892 significarent
931 4806 1104 4872 orthodoxi
1125 4829 1183 4872 33-
1236 4807 1351 4873 reddi?

1323 4898 1372 4958 22.
1407 4895 1605 4961 Huiusmodi
1625 4903 1735 4961 autem
1751 4894 1926 4960 verborum
1948 4891 2078 4955 novitas
2099 4889 2141 4972 (si
2165 4889 2214 4952 ita

279 5045 309 5111 1)
327 5046 400 5100 Vide
418 5047 968 5171 333331131133333333383333
984 5045 1117 5115 mm]
1142 5047 1182 5100 De
1237 4980 1433 5063 appellanda
1461 4980 1525 5066 est)
1555 4988 1625 5046 tum
1652 4982 1861 5064 potissimum
1893 4999 1956 5042 usu
1989 4976 2096 5053 33311,
2134 4975 2214 5041 dum

208 5112 305 5167 Trinit.
333 5116 441 5184 passim.
486 5116 532 5169 Ad
554 5118 726 5170 Pascentium
753 5120 831 5187 epist.
857 5116 890 5169 17
934 5114 1019 5184 (238).
1065 5116 1183 5185 Gyrillus
1236 5120 1384 5126 ''ffl‘
1398 5122 1439 5127 ’-

208 5180 255 5234 111).
275 5181 456 5237 713Τ31311.
491 5186 569 5237 Idem
587 5186 633 5238 lib.
652 5185 669 5237 3
686 5186 783 5240 dislo.
845 5187 876 5254 2)
895 5187 939 5240 Au
990 5185 1183 5238 1131133113
1215 5219 1221 5227 .
1306 5183 1712 5250 1)eert01539.1543.1554
1750 5184 1782 5252 2)
1801 5183 1958 5253 quotidiana
1976 5183 2060 5237 33311.
2080 5180 2212 5250 1553333.

209 5249 302 5303 13333.
321 5251 362 5304 39.
399 5205 917 5310 1131313Ρ33131.68.3.5.Ρ33133.
952 5254 994 5309 09.
1014 5271 1035 5308 c.
1055 5251 1096 5309 13.
1234 5250 1264 5318 3)
1287 5252 1627 5324 333331331311553333.
1837 5298 1843 5305 .
