4770 6030
206 346 266 407 671
778 336 1046 406 ΙΝΒΤΙΤΠΤΙΟ
1068 338 1173 404 REI..
1195 336 1376 404 CHRIST.
1403 343 1631 404 1539-1554.
2148 347 2210 408 672

1829 440 1956 528 [n14s3
1975 454 2090 524 naen
2106 453 2213 511 ones.

161 550 354 681 „tuln
371 526 1181 694 btruttndtobmlttnbtdt
1230 527 1473 694 tt'ztltnt.
1486 529 2116 696 miltiadem
2135 537 2211 682 tt

120 752 124 759 .
203 702 293 765 nium
313 720 392 778 esus,
413 699 506 780 qnasi
527 698 678 762 bonvimm
699 699 926 762 contaminaret.
970 698 1109 762 Additae
1129 717 1180 761 sa·
1231 697 1310 775 bant,
1330 697 1406 779 quin
1427 698 1527 761 meum
1543 717 1579 762 ac
1597 703 1717 780 tempus
1728 701 1895 778 prasimae
1911 701 2086 766 indicerent.
2121 703 2209 767 Nam

204 785 335 867 crileqae
357 784 523 866 opiniosus,
545 783 628 847 aliae
649 802 744 865 super
764 783 864 861 alias;
883 784 976 848 donec
996 785 1031 847 in
1044 783 1179 863 motuni·
1231 783 1405 847 universale
1437 803 1538 865 coqere
1570 783 1747 861 concilium,
1777 785 1877 849 solius
1904 791 1970 850 erat
2001 787 2208 868 imperatoris,

203 871 279 936 dum
305 871 443 933 murnum
464 889 605 934 errorum
626 874 747 933 verdum
768 874 820 933 est.
864 868 914 932 Ac
940 889 978 933 ne
1004 869 1080 949 qnid
1102 889 1179 950 pra
1231 869 1486 949 quenadmodum
1522 873 1669 932 testantur
1707 890 1809 934 annes
1847 876 1982 936 vetustae
2018 873 2208 938 indictiones,

203 956 309 1021 vitatis
336 956 534 1033 mnitterctur,
570 955 760 1035 ineptissimo
789 954 990 1018 abstinentiae
1019 948 1179 1034 praetentu
1237 954 1395 1034 Quamdiu
1416 954 1533 1036 viqcbat
1553 954 1625 1018 baec
1649 955 1808 1034 severitas,
1831 975 1890 1019 noro
1906 955 1982 1037 plus
2001 959 2089 1022 umbo
2110 961 2208 1043 eciqo

203 1061 275 1106 cum
300 1041 368 1105 Deo
400 1041 504 1105 tudem
530 1045 696 1121 coeperam.
749 1040 835 1103 Nam
861 1040 896 1103 in
924 1040 1180 1121 exquisitissimis
1231 1039 1304 1103 bant
1324 1040 1426 1105 clerici
1454 1062 1475 1103 a
1495 1039 1596 1121 plebe,
1619 1060 1713 1120 qnam
1741 1041 1876 1123 evemplo
1904 1047 1931 1106 et
1957 1063 2044 1124 opere
2064 1050 2208 1125 praesta-

203 1126 373 1209 quibusque
394 1126 515 1191 deliciis
536 1128 607 1191 laus
628 1126 744 1189 ieiunii
763 1127 933 1206 quaeritur.
973 1125 1089 1190 Nullae
1109 1130 1180 1188 turco
1231 1131 1306 1189 ruit.
1352 1126 1435 1206 Quin
1456 1126 1551 1190 multo
1577 1126 1744 1208 riqidiores
1765 1132 1852 1190 mart
1879 1127 1915 1190 in
1935 1148 1968 1191 se
1988 1129 2085 1209 ipsos,
2113 1151 2208 1211 qnam

203 1212 346 1278 lautitiae
370 1213 537 1295 sufficient.
590 1211 762 1291 Nunquam
788 1212 890 1277 maior
910 1210 1045 1276 eduum
1067 1211 1118 1281 vel.
1135 1230 1180 1274 co
1231 1211 1266 1274 in
1287 1211 1405 1294 vulpem
1445 1210 1490 1274 Et
1510 1231 1586 1276 sanc
1606 1213 1652 1275 ita
1673 1211 1761 1290 decet,
1782 1217 1817 1275 ut
1834 1211 2015 1277 bunmniare
2032 1218 2059 1278 et
2079 1214 2205 1296 lanima,

198 1298 268 1381 pia,
291 1299 338 1364 vel
359 1299 503 1377 varietas,
532 1298 580 1362 vel
600 1297 750 1361 saevitas.
794 1296 837 1360 In
857 1297 917 1361 tali
937 1316 974 1361 ac
994 1301 1059 1360 tam
1079 1296 1179 1378 splen
1231 1301 1266 1359 ut
1285 1298 1331 1360 ita
1353 1297 1469 1378 loquar,
1492 1297 1662 1379 disciplina
1678 1297 1765 1380 plebs
1785 1302 1927 1379 reqatur:
1949 1298 2051 1363 dorici
2072 1301 2151 1364 inter
2172 1322 2205 1365 se

202 1384 277 1449 dido
298 1388 462 1466 appendu,
479 1387 594 1464 putam
612 1403 645 1446 se
664 1382 722 1446 rite
738 1383 855 1447 seruire
870 1381 946 1446 Deo.
982 1383 1079 1446 Taceo
1098 1382 1180 1461 quod
1230 1383 1365 1446 acriores
1386 1387 1543 1447 exerceant
1560 1402 1715 1462 censuras,
1736 1384 1900 1464 minusque
1917 1384 2002 1467 lonqe
2018 1385 2088 1464 sibi,
2110 1407 2204 1466 quam

202 1489 427 1551 nmnnrvquam
446 1469 569 1551 foediim
590 1488 623 1531 se
644 1468 851 1552 inqmpitant,
874 1469 930 1549 qni
950 1469 1056 1533 volunt
1074 1466 1180 1531 baberi
1230 1467 1305 1531 aliis
1326 1469 1512 1551 innlulqwnt.
1541 1468 1633 1532 istud
1655 1474 1749 1532 mtrem
1769 1473 1804 1533 ut
1820 1468 2002 1548 obsoleverit,
2025 1471 2107 1535 nibil
2127 1492 2207 1554 opus

202 1556 400 1620 sanctissimi.
444 1555 487 1618 In
508 1574 649 1632 summa,
675 1553 725 1616 bis
746 1573 888 1618 summus
917 1559 962 1618 est
982 1553 1045 1617 Dei
1067 1554 1177 1631 cultus,
1230 1558 1274 1617 est
1300 1553 1429 1635 referre,
1458 1574 1554 1635 qaum
1580 1553 1661 1617 nibil
1688 1553 1777 1619 mete
1799 1555 1877 1638 finqi
1904 1561 1994 1636 queat
2021 1554 2075 1622 looc
2095 1559 2204 1623 ordine

203 1662 226 1706 o
251 1640 396 1705 camum
429 1641 591 1719 absimere,
620 1644 647 1704 et
674 1640 742 1704 illis
769 1641 914 1721 esceptis,
941 1639 1068 1720 affluere
1094 1639 1178 1703 maevi
1230 1641 1331 1721 maqis
1352 1641 1483 1721 effraene
1503 1659 1540 1704 ac
1560 1639 1759 1720 dissolutum·
1781 1660 1817 1705 oc
1839 1660 1871 1705 co
1893 1640 2032 1709 licentiae
2046 1645 2205 1725 prorupit,

66 1693 67 1697 '
91 1751 95 1763 ·
200 1747 309 1810 poure
329 1727 535 1791 nanuum.
569 1725 713 1790 aarum
733 1725 806 1789 mo
826 1725 938 1789 meon
960 1730 1003 1789 eu
1024 1725 1177 1804 imam,
1229 1730 1264 1788 a
1285 1729 1364 1790 noes
1385 1726 1468 1790 ove
1489 1725 1676 1806 ennoea.

202 1817 231 1877 et
250 1813 305 1876 vin
325 1817 420 1877 nnorte
446 1811 625 1895 expiabitis,
653 1811 684 1875 si
711 1812 783 1892 quis
804 1811 969 1874 minimam
997 1810 1095 1874 laridi
1123 1813 1178 1874 aut

202 1897 351 1964 emnem
372 1899 478 1963 carnis
504 1918 575 1962 cnm
590 1918 674 1978 pone
695 1895 812 1961 cibarm
830 1898 1009 1980 pustaverit.
1055 1895 1178 1960 Narrat

179 1983 424 2081 ‚Hermonis
437 1983 462 2081 f)
495 1985 561 2081 lem
592 2003 648 2047 ⁸²⁴0
679 1981 801 2047 sumto
833 1983 983 2063 quosdam
1008 1981 1176 2080 'menum
1233 1979 1239 1987 ’
1405 1984 1714 2068 Remissionem
1744 1997 2022 2097 peecatorum.

203 2089 260 2150 qm
291 2068 557 2150 neemiaeque
584 2087 655 2132 cnm
679 2067 747 2131 Deo
775 2068 928 2146 luderent·
960 2089 1016 2150 qm
1045 2088 1083 2132 ne
1114 2066 1177 2131 oleo

203 2159 406 2233 nescermtvcr,
439 2154 519 2219 cibos
546 2153 781 2219 delicatissimus
812 2150 954 2234 undique'
977 2152 1088 2217 advebi
1119 2152 1178 2217 sbi
1316 2154 1387 2213 206.
1438 2150 1604 2216 Ecclesiae
1638 2158 1844 2234 peecatorum
1878 2154 2024 2219 remissio
2057 2155 2202 2238 apposite

203 2241 368 2320 amabam
382 2240 459 2305 ‘inm
489 2245 524 2304 ut
558 2244 689 2304 adurae
721 2240 786 2303 vim
817 2240 979 2321 interrant,
1013 2238 1052 2301 ab
1079 2258 1178 2319 aquae
1229 2236 1439 2301 subnectitur.
1494 2237 1591 2301 Hane
1630 2238 1719 2301 enim
1752 2258 1818 2302 non
1851 2247 2106 2321 consequuntur,
2139 2241 2203 2305 nisi

198 2331 277 2410 potu
296 2325 491 2405 abstinebant,
509 2326 563 2390 sed
582 2345 693 2390 suanm
709 2324 922 2407 pretiosasque
939 2323 1178 2389 sorbitiunculas
1229 2322 1290 2387 soli
1307 2321 1394 2386 illius
1416 2320 1555 2401 ineola'e3
1584 2322 1857 2404 quemadmodum
1878 2325 1998 2408 legitur
2020 2325 2107 2408 apud
2128 2347 2203 2409 pro-

202 2412 274 2494 fieri
294 2411 355 2477 sibi
376 2411 531 2489 curabant,
554 2431 633 2492 quas
653 2431 713 2475 mn
735 2431 773 2475 en
794 2411 887 2475 calice
908 2408 1101 2488 hauriebant,
1123 2409 1176 2473 sed
1228 2406 1363 2490 phetam
1392 2406 1469 2488 (Ies.
1490 2412 1540 2486 33,
1560 2406 1625 2492 24).
1675 2408 1877 2474 Praecedere
1899 2431 1977 2494 ergo
1998 2409 2094 2476 debet
2115 2411 2204 2476 aedi-

203 2496 325 2562 concba.
371 2497 457 2578 Quod
482 2497 594 2561 vitium
615 2501 686 2560 tunc
706 2497 740 2560 in
760 2497 876 2576 paucis
897 2501 975 2573 erat,
1004 2494 1092 2559 lcodie
1112 2494 1177 2558 vid
1228 2494 1335 2559 fiendo
1355 2492 1501 2558 eoelestis
1522 2492 1711 2572 Iemsalem,
1734 2495 1768 2557 in
1789 2515 1854 2576 qua
1875 2495 1991 2560 deinde
2008 2496 2203 2563 beneficium

200 2603 278 2667 pare
303 2587 347 2647 est
372 2584 453 2648 inter
474 2603 577 2646 mann
604 2583 730 2646 diones:
758 2586 793 2644 ut
813 2582 926 2646 scitica
952 2601 1013 2646 non
1034 2580 1096 2645 alio
1115 2580 1177 2661 fine
1228 2578 1289 2644 hoo
1316 2579 1450 2644 Domini
1476 2579 1584 2643 locum
1611 2579 1745 2657 habeat,
1780 2587 1817 2644 ut
1844 2582 2026 2664 quicunque
2056 2582 2098 2651 ad
2128 2604 2203 2647 eam

202 2669 351 2747 mmmm,
383 2668 448 2733 nisi
476 2674 510 2731 ut
537 2668 656 2733 lautius
682 2667 873 2748 nitidiusque
904 2667 1070 2748 maleum.
1115 2664 1177 2730 Sed
1228 2666 1459 2743 concesserint,
1488 2685 1601 2729 eorum
1623 2664 1769 2729 deleatur
1789 2666 1951 2748 iniquitas.
1986 2669 2068 2733 Dico
2091 2675 2202 2734 autem

202 2754 270 2819 reolo
289 2755 424 2820 meadum
446 2754 605 2818 verborum
621 2752 810 2836 profundere
831 2754 865 2816 in
886 2774 926 2817 re.
941 2773 1002 2817 nan
1023 2752 1098 2816 adeo
1119 2752 1176 2816 du-
1227 2749 1391 2816 aedifieari
1418 2751 1562 2834 primum
1583 2758 1746 2833 oportere,
1774 2772 1841 2815 non
1867 2752 1952 2835 quod
1974 2754 2109 2819 eeclesia
2131 2756 2202 2820 sine

203 2839 264 2905 bia.
307 2839 376 2904 Hoc
396 2844 516 2904 tantum
536 2841 620 2904 dieo:
641 2859 711 2903 cum
732 2841 767 2902 in
787 2839 924 2917 muniis,
944 2844 1009 2902 tum
1026 2839 1062 2900 in
1080 2838 1177 2901 unni
1227 2846 1433 2919 peccatorum
1453 2836 1643 2900 remissione
1665 2836 1733 2901 ulla
1750 2832 1821 2902 eise
1838 2844 1950 2920 queat3
1974 2839 2030 2903 sed
2048 2841 2125 2922 quia
2142 2842 2203 2904 mi·

202 2924 259 2990 bns
287 2926 363 2991 aliis
388 2925 573 3007 disciplinae
594 2924 756 3006 partibus,
783 2925 858 2990 adeo
880 2924 961 2988 nibil
981 2924 1068 3002 recti,
1095 2922 1177 3001 nibil
1228 2921 1438 2986 serioordiam
1469 2942 1564 2986 suam
1590 2921 1753 2988 Dominus
1784 2944 1851 2987 non
1882 2925 2046 3007 promisit,
2079 2926 2143 2991 nisi
2168 2928 2203 2991 in

203 3012 330 3090 siccem
358 3010 439 3074 nibil
460 3011 531 3076 bene
556 3012 714 3093 omnpositi
735 3030 772 3075 ac
798 3010 934 3075 ordinati
954 3009 1063 3075 babere
1082 3009 1177 3090 papi·
1229 3014 1417 3072 sanctorum
1438 3007 1671 3072 communione.
1716 3009 1779 3073 Est
1805 3030 1883 3093 ergo
1907 3011 2032 3093 primus
2054 3012 2146 3077 nobis
2168 3014 2203 3077 in

203 3102 285 3175 stas,
311 3101 346 3158 ut
366 3096 562 3176 superbiendi
588 3097 772 3161 occasionem
793 3095 1055 3174 neomeniam,
1084 3095 1176 3175 qnasi
1229 3093 1398 3158 ecelesiam
1420 3114 1458 3158 ao
1479 3114 1618 3175 regnum
1638 3094 1703 3158 Dei
1724 3095 1900 3178 ingressus,
1926 3103 2132 3177 pessumum
2152 3120 2203 3163 re-

204 3182 325 3263 aliqnid
346 3181 500 3262 reliquum
520 3182 561 3245 sit
581 3181 668 3262 apud
689 3202 738 3246 eos
759 3181 851 3246 laude
871 3181 1007 3264 diqnum.
1227 3180 1353 3259 missio;
1381 3179 1453 3243 sine
1479 3199 1543 3261 qua
1569 3177 1654 3242 nihii
1675 3186 1725 3244 est
1752 3180 1845 3245 nobis
1867 3201 1942 3246 oum
1963 3182 2035 3246 Deo
2063 3183 2202 3250 foederis

290 3270 361 3331 205.
414 3267 560 3348 Sequitm
587 3268 686 3331 altera
707 3287 788 3349 pars
809 3266 1007 3348 disciplinae,
1035 3284 1114 3345 quae
1133 3265 1176 3329 ad
1228 3273 1286 3329 aut
1307 3263 1550 3330 coniunctionis.
1604 3262 1661 3330 Sic
1683 3265 1771 3331 enim
1798 3286 1857 3348 per
1884 3268 2078 3350 prophetam
2099 3268 2202 3352 loqui·

201 3352 317 3418 clerum
330 3353 533 3436 peculiemur
556 3353 698 3435 pertinet.
742 3352 795 3417 Ea
816 3352 982 3417 canonibus
1000 3351 1174 3428 continetur,
1228 3357 1283 3414 tur
1305 3350 1399 3433 (Hos.
1420 3354 1448 3429 2,
1469 3350 1636 3435 20seqq.):
1666 3352 1700 3415 in
1729 3350 1787 3415 illa
1813 3350 2066 3435 disparentiam
2086 3373 2163 3427 vobis
2179 3355 2202 3440 ¹)

201 3459 278 3522 quos
304 3440 365 3503 sibi
386 3444 496 3503 veteres
525 3439 659 3520 episcopi
686 3458 799 3519 suoque
827 3438 930 3502 ordini
957 3439 1175 3524 inposuerunt.
1226 3436 1340 3501 foedus
1362 3456 1439 3501 eum
1459 3436 1563 3501 bestia
1583 3437 1663 3520 agri,
1685 3458 1761 3502 cum
1781 3437 1913 3503 noluere
1932 3439 2021 3518 coeli,
2044 3447 2078 3505 et
2094 3441 2203 3525 reptili

204 3525 319 3608 Quales
339 3530 428 3588 sunt:
450 3545 487 3589 ne
509 3525 579 3606 quis
596 3525 725 3589 cleruns
746 3524 908 3603 venationi,
930 3544 967 3587 ne
987 3523 1060 3605 quis
1080 3522 1174 3601 aleae,
1226 3528 1349 3601 terrae;
1372 3543 1493 3600 areum,
1517 3521 1673 3605 gladium,
1695 3530 1728 3586 et
1748 3522 1871 3588 bellum
1889 3532 2056 3589 conteram
2077 3527 2118 3592 de
2136 3534 2201 3592 ter-

200 3630 239 3675 ne
259 3610 331 3690 quis
351 3609 621 3675 comessationibus
641 3613 778 3688 vacaret,·
798 3630 836 3674 ne
856 3610 929 3691 quis
950 3613 1096 3673 meare
1113 3608 1175 3690 foe·
1227 3628 1281 3685 ra,
1305 3615 1338 3671 et
1358 3607 1499 3673 dormire
1519 3608 1637 3673 faciam
1667 3609 1814 3673 homines
1836 3610 1957 3692 absque
1978 3618 2116 3676 terrore:
2145 3613 2201 3677 de-

200 3714 263 3759 nus
283 3701 338 3759 aut
358 3701 580 3775 murenarum·
601 3716 639 3760 ne
661 3697 732 3778 quis
749 3695 875 3761 lascivis
892 3693 1106 3760 saltatimibns
1128 3695 1175 3757 in·
1227 3694 1387 3776 sponsabo
1408 3715 1466 3760 vos
1488 3693 1571 3758 mihi
1592 3695 1627 3758 in
1645 3694 1893 3777 sempiternum;
1917 3694 2125 3795 desponsabo,
2149 3701 2200 3762 in-

200 3782 330 3857 teresset,
353 3781 472 3862 aliique
492 3783 560 3846 eius
577 3783 707 3865 pencris.
746 3780 985 3846 Adiiciebantnr
1005 3784 1173 3862 dpoenae,
1226 3799 1333 3861 quam
1356 3779 1542 3858 iniustitia,
1564 3780 1600 3842 in
1621 3779 1755 3858 iudicio,
1777 3780 1813 3843 in
1833 3781 2062 3861 misericordia,
2085 3791 2118 3846 et
2138 3785 2200 3847 mi-
2327 3861 2329 3866 Ι

199 3864 314 3946 quibus
340 3866 412 3946 ipsa
437 3887 586 3931 canonum
614 3867 768 3932 eumenus
794 3865 1002 3945 sanciebatur,
1033 3886 1072 3931 ne
1103 3865 1175 3946 quis
1227 3865 1450 3932 semtionibus.
1499 3864 1660 3930 Videmus
1687 3865 1827 3947 qualiter
1861 3887 1919 3949 per
1951 3888 2046 3931 suam
2072 3870 2200 3933 miseri·

200 3969 251 4015 eos
279 3950 404 4030 impune
431 3952 566 4017 violmet.
615 3953 659 4017 In
684 3952 765 4017 bunc
790 3954 883 4034 ficum
910 3952 1076 4033 mcieuique
1096 3952 1175 4032 epis·
1227 3949 1370 4015 cordiam
1391 3972 1451 4016 nos
1480 3950 1542 4016 sibi
1561 3951 1724 4017 Dominus
1749 3951 1941 4018 reconciliet
1988 3949 2044 4018 Sic
2067 3961 2100 4018 et
2122 3954 2200 4020 alibi

200 4055 272 4118 copo
297 4036 534 4101 mmmittebatur
555 4038 628 4102 cleri
655 4040 709 4103 sui
732 4037 926 4121 emunata,
953 4043 988 4101 ut
1006 4037 1175 4102 suendum
1227 4034 1306 4120 (Ier.
1326 4040 1376 4116 33,
1396 4035 1441 4120 8),
1466 4035 1545 4101 dum
1573 4036 1732 4119 praedicit
1758 4036 2013 4120 recolligendum
2033 4039 2199 4122 populum,

200 4119 329 4186 canmies
351 4140 424 4185 snos
443 4122 566 4187 etnicos
587 4129 701 4207 reperet
721 4144 758 4188 ac
778 4125 812 4187 in
829 4123 928 4204 officio
948 4124 1098 4188 retineret.
1133 4122 1174 4185 In
1227 4143 1324 4204 quem
1350 4123 1386 4186 in
1411 4123 1463 4187 ira
1485 4121 1712 4205 dissipaverat:
1736 4123 1914 4202 mundabo,
1936 4123 2059 4212 ipquit,
2082 4147 2137 4191 eos
2159 4126 2199 4191 ab

199 4207 280 4271 burco
298 4207 392 4288 finem
412 4207 570 4272 instbmac
590 4215 678 4274 eram
695 4230 819 4274 annuae
835 4210 1034 4290 inspectiones
1051 4229 1087 4274 ac
1103 4227 1174 4289 spn-
1226 4209 1314 4272 omni
1335 4208 1514 4290 iniquitate,
1539 4229 1605 4291 qua
1625 4216 1803 4292 peccarunt
1823 4209 1914 4273 mihi.
1959 4207 2071 4291 Quare
2091 4213 2126 4275 in
2148 4233 2200 4277 ee·

199 4293 266 4371 odi,
293 4293 376 4357 utsi
405 4293 478 4372 quis
503 4294 581 4374 foret
601 4296 636 4358 in
656 4295 754 4376 officio
781 4295 979 4378 mqliqentior
1000 4295 1174 4359 adnmnere
1225 4293 1342 4358 etesiae
1375 4295 1561 4360 societatem
1589 4295 1762 4360 ablutionis
1794 4296 1887 4378 signo
1918 4295 2103 4377 initiamur;
2136 4318 2199 4379 quo

198 4382 269 4458 tur;
300 4379 329 4443 si
354 4378 426 4460 quis
446 4384 615 4460 peccasset,
637 4396 699 4461 pro
725 4381 813 4445 niodo
834 4380 937 4445 delicti
959 4381 994 4444 in
1015 4400 1086 4444 enm
1106 4379 1174 4443 oni·
1225 4378 1398 4444 doceamur
1419 4400 1486 4444 non
1506 4386 1618 4464 patere
1638 4381 1732 4446 nobis
1753 4382 1789 4444 in
1806 4381 1871 4445 Dei
1888 4380 2047 4448 familiam
2064 4382 2198 4463 aditum,

198 4465 446 4529 madverteretur.
495 4463 568 4545 Ipsi
594 4485 711 4545 quoque
741 4466 876 4548 episcopi
902 4465 1068 4545 quotannis
1096 4483 1173 4528 suas
1224 4465 1288 4529 nisi
1308 4466 1453 4548 primum
1473 4466 1542 4531 eius
1563 4466 1707 4531 bonitate
1728 4465 1839 4532 sordes
1860 4473 1991 4532 nostrae
2009 4468 2199 4553 abstergan-

199 4547 347 4614 babebant
369 4549 577 4631 provinciales
598 4549 741 4632 synodos,
764 4552 937 4632 amiqudus
958 4551 1051 4614 etiam
1072 4548 1171 4628 binos,
1224 4557 1288 4614 tur.
1317 4551 1421 4615 Porro
1441 4551 1546 4632 qualis
1565 4553 1637 4635 ipsa
1658 4553 1701 4617 sit
1744 4559 1929 4618 meatorum
1946 4553 2102 4634 remissio,
2123 4554 2199 4619 alibi

199 4655 221 4699 a
241 4635 602 4716 quibusiudioabantur,
624 4635 752 4716 siquid
767 4641 893 4718 macter
914 4635 1051 4716 officium
1072 4635 1172 4700 admi-
1225 4634 1392 4701 docebitur
1418 4639 1578 4716 exactius3
1606 4645 1707 4702 notan
1730 4659 1787 4702 um
1814 4645 1925 4702 tamen
1947 4637 2001 4704 hie
2022 4643 2086 4719 eet,
2114 4638 2200 4722 qnod

199 4725 312 4784 serant.
362 4721 449 4786 Nam
476 4723 506 4787 si
533 4723 605 4802 quis
631 4721 791 4804 episcopus
818 4721 928 4786 clamor
949 4725 1014 4785 erat
1035 4725 1091 4785 aut
1111 4722 1173 4785 vio
1225 4742 1267 4785 ex
1283 4722 1354 4804 ipsa
1371 4722 1510 4806 symboli
1529 4722 1737 4806 dispositione
1752 4730 1851 4805 patet,
1869 4745 1938 4788 non
1954 4725 2071 4790 merito
2088 4732 2199 4790 nostro

168 4835 171 4841 ⁴
199 4804 308 4869 leretim
328 4807 364 4869 in
384 4827 477 4871 anun
498 4808 626 4887 curum,
648 4806 724 4871 illuc
744 4810 811 4873 erat
832 4806 1025 4888 provocatvo;
1049 4807 1173 4872 etiamsi
1225 4807 1414 4890 comparari,
1437 4807 1496 4872 sed
1517 4829 1537 4872 a
1556 4808 1626 4873 sola
1644 4809 1780 4873 Domini
1801 4810 1907 4892 mdo
1924 4831 1998 4876 eam
2014 4810 2107 4876 nobis
2124 4831 2199 4893 pro-

199 4910 283 4954 mnes
303 4896 423 4956 tantun
442 4894 685 4975 conquerebatur.
712 4892 954 4959 Animadversio
974 4893 1173 4957 emerissuna
1225 4893 1345 4958 venire.
1389 4893 1477 4957 Nam
1504 4901 1676 4976 postquam
1698 4893 1881 4959 declaratus
1908 4904 1959 4962 est
1985 4895 2079 4963 nobis
2101 4895 2200 4961 Obri-

199 4980 280 5056 erat,
300 4981 335 5039 ut
355 4978 553 5058 deponendus
573 4979 611 5044 ab
632 4979 732 5061 officio
752 4980 809 5062 qui
824 4984 1016 5061 pmcavmm
1038 4999 1076 5043 ae
1096 4998 1173 5044 corn
1225 4987 1304 5058 stus,
1326 4999 1386 5061 per
1406 4980 1499 5046 cinus
1518 4980 1675 5044 iustitiam
1692 4979 1867 5063 propitium
1886 4980 2044 5048 habemus
2062 4991 2201 5066 patrem,

269 5245 299 5315 1)
316 5248 362 5302 Ao
379 5249 567 5319 Nepotianum.
1294 5249 1323 5316 1)
1341 5250 1406 5305 add.
1423 5248 1500 5305 1553.
1519 5248 1594 5304 loon
