4770 6030
188 353 250 414 111
628 333 630 338 ’
764 331 1631 414 111111101111111111.111-1511.-
1786 397 1788 401 ,
2125 348 2193 408 111

1825 456 2193 525 1111111010.

187 538 290 602 Nobis
317 538 404 600 enim
430 535 549 617 optime
577 536 810 617 patrocinatur.
856 535 968 614 Neque
998 532 1161 596 1111111-
1215 532 1376 599 Chanaan
1397 533 1654 616 promissionem.
1699 534 1740 597 In
1768 444 1856 598 11111
1884 533 2017 596 modum
2043 533 2194 615 accipere

188 623 309 688 tentiae
331 628 460 685 nostrae
481 621 671 702 probatione
688 622 821 698 utimur,
844 641 942 703 quam
964 619 1162 700 baptismum
1207 620 1367 684 convenit
1395 640 1605 700 quaeeunque
1634 621 1726 703 genti
1753 619 1899 683 iudaicae
1932 629 2080 682 terrenae
2113 640 2193 701 pre·

127 780 132 789 ,
188 717 222 773 et
242 707 520 773 circumcisionem
548 707 807 771 mortificationis
834 727 903 770 esse
926 705 1028 786 signa.
1073 703 1162 768 Hinc
1214 706 1384 769 missiones
1406 704 1501 768 datae
1523 712 1615 781 sunt,
1648 712 1686 768 ut
1707 704 1886 786 spiritualis
1907 704 2095 786 promissio,
2128 726 2193 769 ceu

187 793 414 859 constituimus
443 793 477 854 in
503 792 599 856 huius
627 794 733 857 ricem
760 792 853 855 illum
881 812 951 855 esse
980 789 1161 867 suffectum,
1215 797 1320 872 eaput,
1340 792 1464 872 primas
1484 810 1612 872 semper
1633 798 1826 872 teneatque
1848 790 1924 854 illae
1946 791 2138 854 referantur.

187 900 250 962 quo
271 878 305 941 id
327 879 435 960 ipsum
458 878 550 941 nobis
577 884 798 960 repraesentet
825 876 910 959 quod
933 876 1010 939 olim
1031 875 1162 940 Iudaeis
1301 880 1350 939 30.
1394 875 1435 939 In
1457 895 1632 957 puerorum
1655 875 1870 959 appellatione
1893 876 1978 940 hanc
1996 877 2192 940 varietatem

188 965 347 1048 signabat.
398 964 439 1027 In
473 963 647 1027 asserenda
678 963 817 1027 foederis
848 962 1032 1026 differentia
1063 982 1162 1042 quam
1215 963 1394 1044 reperiunt:
1417 962 1501 1025 filios
1522 962 1676 1026 Abrahae
1698 961 1758 1026 sub
1780 963 1882 1025 111111
1905 970 2100 1026 testamento
2121 960 2191 1026 dic-

187 1050 327 1116 barbara
359 1049 494 1114 audacia
525 1050 720 1131 scripturam
758 1049 918 1130 dissipant
951 1054 983 1111 et
1016 1068 1161 1110 eorrum-
1214 1056 1272 1125 tes,
1296 1049 1349 1128 qui
1373 1048 1413 1111 ab
1435 1049 1504 1111 eius
1527 1049 1650 1111 semine
1672 1047 1832 1129 originem
1854 1047 2023 1125 ducerent;
2047 1047 2107 1112 hoc
2129 1069 2191 1111 no·

187 1134 291 1220 punt?
325 1157 431 1218 neque
453 1156 517 1198 uno
544 1136 580 1198 11
601 1135 685 1211 111ος
719 1134 775 1198 sed
802 1136 848 1197 ita
870 1141 909 1196 ut
928 1133 1012 1210 nihil
1032 1132 1162 1197 salvum
1214 1135 1301 1197 mine
1340 1153 1427 1196 nune
1467 1133 1637 1213 appellari,
1675 1134 1731 1215 qui
1768 1132 1866 1196 fidem
1904 1133 1974 1197 eius
2007 1133 2189 1197 imitantur.

187 1229 244 1287 aut
275 1221 440 1304 integrum
467 1220 660 1303 relinquant.
705 1220 844 1298 Iudaeos
870 1220 957 1282 enim
990 1217 1071 1282 adeo
1090 1239 1161 1281 111-
1213 1219 1292 1282 Ideo
1313 1219 1486 1281 infantiam
1506 1217 1597 1281 illam
1619 1218 1801 1294 carnalem,
1834 1240 1916 1299 quae
1944 1220 1979 1282 in
2001 1220 2190 1283 societatem

187 1308 280 1372 nales
301 1307 394 1371 nobis
423 1306 616 1388 depingimt,
643 1313 688 1369 ¹ut
715 1306 876 1387 pecudum
904 1303 1074 1368 similiores
1096 1305 1162 1366 sint
1213 1305 1351 1368 foederis
1379 1325 1439 1386 per
1464 1304 1742 1368 circumcisionem
1763 1304 1977 1388 inserebatur,
2000 1305 2190 1385 spirituales

187 1415 286 1475 quam
308 1393 489 1456 hominum:
514 1393 707 1473 quibuscum
736 1391 857 1457 seilicet
880 1411 1072 1470 percussum
1096 1389 1161 1453 foe·
1198 1392 1290 1454 *novi
1319 1390 1505 1453 testamenti
1533 1391 1675 1463 infantes
1702 1390 1878 1471 figurasse,
1912 1391 1968 1472 qui
1997 1390 2061 1454 Dei
2089 1390 2190 1454 verbo

188 1480 250 1543 dus
272 1479 359 1542 ultra
380 1478 612 1560 temporariam
634 1479 737 1540 vitam
758 1498 824 1540 non
844 1475 1011 1558 procedat3
1045 1475 1161 1556 quibus
1214 1475 1397 1559 regenerati
1429 1476 1494 1538 sint
1527 1474 1568 1538 ad
1601 1476 1703 1538 vitam
1735 1474 1962 1539 immortalem
2008 1475 2049 1539 In
2071 1475 2190 1556 quibus

188 1565 283 1628 datae
310 1564 553 1646 promissiones,
587 1565 622 1626 in
650 1563 742 1627 bonis
770 1561 996 1644 praesentibus
1024 1582 1061 1625 11
1090 1581 1161 1624 cor·
1213 1562 1321 1626 verbis
1354 1562 1506 1644 exiguam
1539 1560 1670 1641 quidem
1703 1560 1850 1625 veritatis
1880 1561 2055 1625 scintillam
2083 1563 2191 1625 intue-

187 1651 294 1733 poreis
326 1650 502 1714 subsidant.
554 1646 652 1728 Quod
683 1648 802 1731 dogma
834 1649 862 1712 si
893 1648 1050 1722 obtineat,
1084 1644 1160 1727 quid
1213 1669 1301 1726 mur3
1324 1646 1382 1711 sed
1402 1647 1438 1709 in
1461 1646 1521 1709 hoe
1544 1646 1688 1728 graviter
1709 1654 1846 1727 peccant
1861 1646 1950 1710 leves
1967 1647 2023 1710 isti
2045 1648 2190 1729 spiritus,

188 1743 305 1813 restat,
339 1736 404 1799 nisi
427 1742 465 1799 ut
493 1741 625 1818 gentem
653 1733 814 1798 iudaicam
843 1734 941 1796 fuisse
970 1731 1011 1796 ad
1031 1741 1160 1813 tempus
1213 1733 1307 1814 quod,
1331 1730 1409 1796 dum
1431 1732 1594 1812 arripiunt
1615 1731 1772 1814 quidquid
1793 1732 1897 1813 primo
1914 1734 1951 1795 in
1967 1753 2102 1796 manum
2122 1732 2190 1796 illis

171 1823 251 1886 »Dei
277 1821 433 1887 beneficio
468 1825 662 1894 saturatum,
696 1841 762 1883 non
795 1840 887 1883 secus
919 1840 956 1882 ae
989 1837 1160 1899 porcorum
1213 1820 1312 1896 venit,
1335 1819 1391 1883 ubi
1412 1819 1500 1881 ultra
1520 1816 1796 1901 progrediendum
1818 1818 1909 1897 foret,
1933 1828 1966 1881 et
1982 1818 2086 1882 multa
2102 1817 2191 1880 inter

189 1929 321 1991 gregem
342 1908 378 1969 in
401 1906 482 1970 hara
504 1907 669 1988 saginant,
697 1913 735 1969 ut
755 1913 887 1969 aeterno
909 1903 1040 1967 demum
1062 1903 1161 1967 1111110
1214 1926 1249 1969 11
1276 1903 1486 1980 conferenda,
1515 1904 1549 1966 in
1577 1903 1715 1968 verbum
1742 1925 1846 1966 unum
1872 1905 2082 1985 pertinaciter
2107 1903 2191 1966 insi·

188 1992 330 2075 periret?
376 1990 484 2056 Simul
511 1993 598 2056 enim
626 2012 663 2055 ac
690 1989 968 2056 circumcisionem
988 1991 1081 2070 eique
1102 2010 1160 2052 an·
1213 1999 1312 2055 stunt.
1357 1990 1453 2055 Unde
1475 1991 1547 2053 fieri
1570 1989 1665 2053 aliter
1686 1990 1808 2071 nequit,
1830 1990 1910 2071 quin
1927 1989 2064 2055 subinde
2081 1989 2191 2053 hallu-

188 2099 291 2142 nexas
312 2079 543 2159 promissiones
565 2078 711 2153 citamus,
735 2075 1014 2141 circumcisionem
1035 2074 1161 2138 literale
1213 2078 1376 2154 einentur;
1409 2077 1486 2158 quia
1512 2077 1547 2138 in
1574 2074 1697 2138 nullius
1728 2075 1776 2138 rei
1809 2074 1946 2139 solidam
1972 2076 2193 2158 cognitionem

189 2165 328 2246 signum,
350 2164 660 2244 promissioneseius
673 2162 939 2237 11111111111111,
958 2168 1159 2241 responsant.
1212 2163 1413 2244 incumbunt.
1458 2161 1616 2224 Fatemur
1638 2161 1887 2241 certe,·carnale
1904 2161 2060 2227 Abrahae
2078 2182 2193 2225 semen

275 2251 325 2311 29.
371 2246 473 2325 Sane,
496 2249 525 2312 si
546 2248 671 2311 literale
699 2249 832 2330 signum
859 2253 930 2310 erat
951 2245 1160 2321 circumcisio,
1212 2249 1319 2312 locum
1347 2247 1388 2310 ad
1415 2254 1545 2328 tempus
1565 2247 1708 2310 tenuisse
1735 2246 1912 2327 spiritualis
1934 2247 2082 2324 seminis,
2105 2246 2193 2329 quod

188 2333 290 2398 nihilo
312 2334 417 2399 secius
438 2333 478 2398 de
500 2335 659 2416 baptismo
680 2333 879 2398 censendum
900 2340 958 2395 est.
1003 2330 1161 2412 Quando·
1212 2355 1271 2416 per
1291 2333 1390 2397 fidem
1418 2333 1466 2395 illi
1495 2333 1657 2396 inseritur.
1703 2332 1796 2396 lllius
1824 2332 1912 2395 enim
1939 2333 1999 2396 filii
2020 2353 2190 2414 nuncupa-

189 2419 320 2502 quidem
342 2420 506 2500 apostolus
534 2418 618 2503 (001.
639 2422 667 2496 2,
690 2418 744 2502 ll)
770 2417 998 2500 nihilomagis
1021 2417 1160 2480 alterum
1212 2427 1495 2500 mur,'utcunque
1516 2418 1608 2481 nulla
1629 2438 1705 2482 cum
1729 2417 1784 2481 1110
1812 2417 1904 2482 nobis
1932 2417 2091 2484 naturalis
2114 2439 2190 2502 cog-

188 2505 290 2569 altero
317 2505 485 2586 spirituale
512 2505 596 2570 facit.
642 2505 732 2569 Dicit
760 2504 847 2567 enim
875 2525 934 2566 nos
962 2503 998 2566 in
1028 2501 1160 2567 01111111
1212 2506 1302 2570 natio
1323 2503 1512 2569 intercedat.
1557 2503 1697 2579 Verum,
1730 2504 1757 2567 si
1779 2503 1980 2586 intelligrmt,
2014 2504 2101 2585 quod
2123 2525 2190 2568 non

187 2591 401 2669 circumcisos,
424 2591 668 2656 circumcisione
690 2612 754 2653 nou
772 2611 873 2653 manu
897 2589 992 2665 faeta,
1015 2588 1160 2669 deposito
1213 2591 1348 2655 obscure
1376 2589 1614 2666 demonstrant,
1642 2589 1764 2654 1111111
1792 2589 1946 2653 Abrahae
1967 2591 2082 2655 semini
2103 2610 2191 2652 111-

187 2696 320 2756 corpore
352 2677 490 2757 peccati,
523 2676 609 2757 quod
637 2676 673 2739 in
706 2697 803 2740 carne
836 2683 949 2738 nostra
969 2674 1158 2744 habitabat.
1212 2697 1311 2760 quam
1349 2675 1552 2758 spiritualem
1590 2675 1654 2739 Dei
1691 2674 1948 2740 benedictionem
1986 2676 2187 2757 promissam,

188 2758 299 2840 Quam
328 2761 606 2826 circumcisionem
629 2760 754 2826 Christi
781 2766 884 2826 vocat.
929 2760 1010 2824 Post
1031 2759 1067 2822 in
1090 2760 1160 2823 eius
1213 2762 1266 2827 hie
1288 2783 1366 2826 1110
1386 2761 1484 2843 longe
1505 2761 1674 2824 falluntur.
1718 2758 1861 2824 Proinde
1879 2762 1913 2824 in
1935 2761 2100 2826 meliorem
2117 2781 2189 2825 sco-

187 2847 367 2911 sententiae
388 2847 635 2929 explicationem
664 2843 846 2930 subiungit,
876 2867 935 2910 nos
956 2866 1016 2928 per
1037 2846 1160 2927 baptis·
1213 2868 1292 2930 pum
1319 2847 1536 2924 collimemus,
1570 2867 1632 2927 quo
1664 2847 1844 2911 certissimo
1876 2848 2056 2933 scripturae
2088 2845 2189 2911 ductu

187 2953 279 2996 mum
299 2931 431 2997 Christo
451 2933 664 3015 consepultos.
709 2930 798 3012 Quid
820 2933 881 2996 sibi
902 2931 974 2996 1111
995 2931 1066 2995 istis
1087 2952 1161 2995 111·
1214 2932 1394 3016 dirigimur.
1438 2933 1602 2996 Dominus
1630 2953 1707 3016 ergo
1729 2932 1883 2997 Abrahae
1911 2933 2080 3015 pollicetur
2101 2932 2190 2996 futu-

187 3018 246 3094 bis,
267 3017 331 3081 nisi
352 3018 504 3099 baptismi
531 3019 803 3101 complementum
825 3026 858 3080 et
878 3017 1063 3094 veritatem,
1091 3038 1162 3081 esse
1213 3041 1288 3083 rum
1316 3019 1365 3083 illi
1390 3040 1517 3097 semen,
1548 3019 1582 3081 in
1614 3039 1678 3100 quo
1710 3017 1948 3087 benedicendae
1980 3019 2047 3082 sint
2078 3039 2193 3083 omnes

188 3104 362 3167 veritatem
395 3103 492 3166 simul
525 3111 558 3167 11
593 3103 867 3186 complementum
898 3103 1161 3181 circumcisionis,
1213 3112 1321 3170 terrae
1342 3106 1505 3182 nationes;
1527 3125 1565 3169 11
1587 3103 1681 3168 simul
1700 3103 1800 3167 fidem
1818 3103 1882 3181 dat,
1906 3125 1940 3169 se
1957 3104 2005 3168 illi
2024 3099 2058 3169 11
2075 3105 2193 3169 semini

188 3189 343 3270 quoniam
371 3209 442 3252 rem
474 3210 575 3254 unam
607 3188 769 3273 figurent?
813 3189 1048 3253 Demonstrare
1075 3189 1163 3253 enim
1214 3192 1284 3255 eius
1306 3192 1341 3253 in
1363 3190 1472 3253 Deum
1494 3190 1571 3254 fore.
1616 3187 1810 3272 Quicunque
1845 3189 2018 3255 Ohristum
2039 3189 2192 3255 benedie-

188 3273 1162 3358 1011111111,1111110111111111111111111111,1101111111
1213 3277 1310 3341 tionis
1343 3284 1490 3340 autorem
1517 3275 1583 3339 fide
1609 3275 1791 3356 recipiunt,
1830 3275 1928 3341 huius
1966 3275 2192 3358 promissionis

189 3358 297 3423 luerat
318 3359 448 3426 Iudaeis
471 3362 679 3427 circumcisio.
720 3358 883 3440 Quoniam
905 3367 1015 3424 autem
1035 3361 1102 3426 iam
1120 3360 1161 3425 ad
1214 3370 1292 3426 sunt
1311 3359 1477 3426 haeredes.
1521 3361 1664 3442 Ideoque
1686 3360 1841 3425 Abrahae
1859 3362 1920 3426 filii
1941 3363 2163 3426 nominantur.

189 3443 348 3528 liquidum
370 3449 594 3529 exposuimus,
621 3447 849 3529 promissiones
875 3445 1044 3528 utriusque
1066 3448 1161 3530 signi,
1301 3451 1350 3512 31.
1397 3445 1594 3529 Quanquam
1611 3455 1721 3511 autem
1742 3454 1815 3528 post
1837 3446 1963 3512 Christi
1980 3449 2192 3513 resurreetio-

189 3537 222 3594 et
243 3552 325 3613 quae
357 3532 422 3597 illis
455 3539 742 3615 repraesentantur
772 3532 943 3616 mysteria,
978 3534 1160 3611 convenire,
1214 3555 1306 3612 nem,
1339 3535 1422 3598 fines
1454 3535 1548 3617 regni
1573 3533 1638 3597 Dei
1670 3533 1768 3616 longe
1799 3533 1929 3615 lateque
1957 3534 1991 3597 in
2029 3533 2192 3616 quaslibet

188 3615 317 3700 longius
350 3620 385 3680 in
418 3640 571 3701 praesens
604 3641 670 3682 1011
707 3618 961 3682 immorabimur.
1018 3618 1162 3682 'Pantum
1214 3620 1364 3684 nationes
1402 3618 1688 3685 indiscriminatim
1721 3620 1890 3702 prorogari
1928 3628 2119 3701 coeperunt,
2154 3629 2193 3683 ut

187 3701 299 3767 fideles
321 3703 509 3782 admonebo,
532 3726 584 3769 me
606 3712 742 3781 tacente,
766 3711 804 3768 ut
821 3725 931 3768 secum
948 3709 1101 3785 reputent
1118 3726 1161 3768 an
1213 3706 1393 3771 seeundum
1414 3706 1550 3769 Domini
1572 3705 1736 3769 decretum
1758 3702 1975 3787 undequaque
1992 3704 2106 3769 fideles
2124 3705 2191 3769 eol-

188 3793 354 3851 terrenum
377 3811 414 3854 ae
435 3791 562 3854 literale
581 3791 767 3856 habendum
785 3791 828 3854 sit
846 3791 986 3873 signum,
1007 3791 1060 3854 cui
1077 3790 1162 3877 nihil
1213 3791 1479 3874 ligarentumqui
1501 3792 1537 3853 in
1570 3790 1673 3873 gloria
1700 3791 1831 3856 coelesti
1859 3792 2088 3855 accumberent
2113 3812 2191 3856 cum

187 3871 300 3936 subest
323 3875 386 3938 nisi
408 3877 575 3957 spirituale
597 3885 629 3940 et
652 3877 797 3941 coeleste.
843 3876 970 3939 Verum
992 3897 1034 3940 ne
1056 3876 1162 3940 fumos
1214 3877 1384 3942 Abraham
1405 3876 1498 3941 Isaac
1521 3882 1553 3940 et
1573 3876 1680 3954 Iacob,
1710 3876 1824 3956 multis
1845 3883 1955 3941 tamen
1978 3884 2054 3940 ante
2076 3897 2189 3942 saecu·

187 3978 263 4022 suos
285 3958 483 4041 simplicibus
505 3963 657 4038 vendant,
687 3963 848 4027 obiectum
869 3982 989 4040 unum,
1016 3983 1078 4044 quo
1100 3963 1161 4025 im-
1213 3963 1253 4026 lis
1274 3969 1368 4026 tanta
1388 3962 1446 4025 illa
1465 3961 1687 4026 misericordia
1708 3961 1847 4026 Iudaeos
1864 3963 2054 4044 complexus
2070 3943 2187 4026 fiderat.

187 4041 460 4125 pudentissimum
477 4047 538 4112 hoc
555 4047 761 4113 mendacium
772 4053 977 4129 praetexunt,
996 4048 1031 4110 in
1054 4057 1161 4112 trans·
1213 4049 1360 4130 asquia,
1383 4049 1508 4112 eunctis
1526 4047 1598 4111 aliis
1617 4048 1809 4129 praeteritis,
1833 4068 1933 4111 unam
1953 4047 2039 4113 hanc
2057 4056 2192 4131 gentem

187 4149 285 4193 cursu
314 4127 483 4196 diluemus.
528 4133 625 4197 01110
655 4135 773 4200 certius
795 4140 859 4211 est,
888 4135 1061 4216 primarias
1087 4153 1162 4215 pro-
1214 4134 1389 4216 selegerat,
1419 4134 1540 4214 inqua
1561 4134 1701 4216 gratiam
1724 4154 1817 4198 suam
1838 4154 1897 4215 pro
1919 4143 2063 4214 tempore
2086 4136 2190 4199 eonti-

187 4214 368 4292 missiones,
387 4216 505 4296 quibus
523 4219 749 4283 continebatur
766 4219 851 4301 quod
869 4220 929 4285 sub
946 4220 1049 4284 veteri
1062 4227 1161 4283 testa
1213 4227 1315 4297 neret,
1339 4219 1503 4301 peculium
1524 4241 1621 4284 suum
1643 4228 1676 4282 et
1702 4219 1858 4302 populum
1880 4220 2075 4302 acquisitum
2104 4218 2192 4285 dice-

186 4307 297 4364 mento
336 4322 412 4365 cum
443 4302 602 4366 Israelitis
639 4301 751 4369 foedus
789 4305 952 4369 Dominus
985 4304 1160 4382 sanciebat,
1203 4306 1278 4370 bat.
1313 4305 1367 4369 Ad
1384 4305 1569 4369 testandam
1591 4305 1749 4370 eiusmodi
1771 4306 2017 4388 benignitatem,
2039 4305 2192 4370 instituta

187 4386 372 4467 spirituales
394 4387 493 4452 tuisse
521 4395 553 4452 et
579 4389 620 4452 ad
648 4398 814 4454 aeternam
841 4391 944 4456 vitam
971 4391 1160 4472 respexisse.
1215 4401 1286 4455 erat
1306 4390 1524 4469 circumcisio,
1558 4391 1652 4455 cuius
1681 4392 1827 4475 symbolo
1850 4390 2043 4456 dooerentur
2065 4391 2190 4467 Iudaei,
2220 4414 2226 4424 ¹

187 4469 273 4534 rum
294 4473 437 4537 vicissim
460 4475 644 4556 apatribus
677 4475 902 4558 spiritualiter,
935 4483 973 4540 ut
999 4497 1060 4558 par
1082 4483 1161 4553 erat,
1214 4478 1325 4542 Deum
1358 4477 1419 4542 sibi
1451 4498 1521 4541 esse
1554 4477 1736 4558 praesidem
1769 4499 1806 4542 11
1840 4483 2062 4560 protectorem.
2116 4474 2193 4556 Qua

186 4565 354 4638 acceptas:
377 4579 440 4641 quo
463 4538 614 4623 fidudiam
637 4561 713 4624 inde
734 4562 941 4642 conciperent
963 4562 1091 4624 futurae
1113 4563 1162 4625 11-
1215 4563 1398 4645 oognitione
1416 4564 1451 4626 in
1468 4584 1560 4646 spem
1577 4565 1665 4628 vitae
1684 4571 1834 4628 aeternae
1852 4565 2061 4646 erigebantur
2078 4583 2192 4627 eorum

189 4651 250 4719 tae,
274 4642 436 4724 adquam
458 4649 525 4708 toto
548 4645 784 4717 animiaffeetu
802 4647 993 4727 aspirarent.
1029 4645 1163 4711 Interim
1216 4649 1324 4712 animi.
1359 4646 1448 4728 Quid
1468 4649 1558 4714 enim
1580 4649 1768 4714 defuturum
1790 4657 1840 4714 est
1861 4650 1899 4727 ei,
1923 4670 2021 4730 quem
2038 4647 2140 4713 semel
2157 4649 2193 4712 11

189 4748 266 4791 1110
288 4735 493 4812 nequaquam
515 4731 706 4805 inficiamur,
729 4732 807 4812 quin
824 4752 919 4795 suam
936 4731 1001 4794 illis
1025 4732 1162 4797 benevo-
1215 4734 1313 4799 fidem
1335 4735 1427 4799 Deus
1448 4735 1629 4818 acceperit?
1654 4734 1764 4816 Quare
1776 4735 1940 4817 apostolus
1958 4734 2068 4818 (Rem.
2081 4739 2111 4811 4,
2127 4736 2191 4816 10),

189 4810 323 4877 lentiam
345 4817 483 4881 terrenis
506 4838 544 4882 ac
565 4817 749 4883 ramalibus
769 4817 934 4882 beneficiis
955 4823 1093 4882 testatus
1110 4821 1161 4897 sit,
1215 4822 1411 4903 probaturus
1432 4822 1570 4904 gentiles
1592 4843 1660 4885 una
1684 4843 1759 4886 eum
1786 4821 1916 4885 Iudaeis
1944 4841 2015 4885 esse
2037 4819 2193 4885 Abrahae

189 4899 305 4978 quibus
340 4902 438 4965 etiam
476 4902 614 4968 diurnus
654 4923 745 4987 spem
781 4902 872 4967 illam
912 4903 1163 4984 promissionum
1214 4907 1307 4985 filios,
1330 4907 1365 4970 in
1388 4906 1473 4972 hane
1506 4908 1644 4971 formam
1665 4907 1817 4988 loquitur.
1862 4906 2046 4983 Abraham,
2075 4906 2191 4986 inquit,

189 4985 408 5064 spiritualium
440 4989 541 5054 fuisse
573 4991 805 5054 confirmatam.
861 4985 935 5067 Quo
963 4988 1072 5067 modo,
1105 4990 1162 5054 ubi
1215 4992 1279 5056 fide
1300 4992 1493 5056 iustificatus
1514 4992 1576 5056 fuit
1596 4993 1631 5054 in
1653 4994 1831 5074 praeputio.
1875 4993 1965 5069 Post,
1989 4992 2120 5075 signum
2138 5011 2193 5056 ao-

190 5077 355 5134 aeternam
378 5072 612 5139 beatitudinem
634 5096 727 5140 servo
750 5095 808 5139 suo
825 5074 980 5138 Abrahae
1001 5074 1163 5157 pollicitus
1215 5077 1301 5160 cepit
1322 5078 1585 5154 circumcisionis,
1608 5077 1754 5160 sigillum
1771 5079 1913 5143 iustitiae
1931 5077 2022 5156 fidei;
2044 5086 2082 5142 ut
2098 5084 2193 5159 pater

189 5161 248 5230 est,
281 5176 344 5236 quo
376 5159 586 5224 manifestum
617 5160 736 5225 favoris
769 5159 819 5224 sui
848 5158 1010 5246 indicium
1042 5161 1090 5224 illi
1122 5162 1163 5226 ob
1215 5168 1301 5227 esset
1322 5163 1469 5226 omnium
1492 5162 1650 5240 fidelium,
1681 5171 1714 5227 et
1733 5164 1895 5245 praeputii
1917 5171 1951 5228 et
1972 5162 2193 5230 circumcisio-

190 5239 298 5304 oeulos
318 5243 477 5319 subiiciat,
501 5242 591 5309 addit
612 5245 750 5311 alteram
772 5246 812 5310 de
833 5246 1035 5327 possessione
1049 5253 1164 5312 terrae
1215 5247 1281 5327 nis,
1315 5268 1383 5312 non
1410 5269 1523 5313 eorum
1548 5249 1604 5330 qui
1630 5248 1965 5315 101101101110111011
1999 5250 2196 5334 gloriantur,
