4732 6030
222 381 304 442 1003
797 365 1063 436 INSfflUTIO
1084 367 1190 434 Rau.
1213 364 1393 469 OHRiSu.
1420 370 1650 431 loss-1554.
2144 371 2230 432 1004

1860 481 2100 551 1334;Β416;
2120 480 2228 536 0436.

219 565 294 633 bilis
316 564 363 628 rei
385 563 605 640 donationem,
629 568 760 644 accepto
781 559 924 640 corporis
946 555 1105 640 symbolo,
1129 577 1196 619 non
1248 554 1405 637 quidquid
1416 554 1569 620 Christus
1587 564 1621 619 et
1637 564 1688 623 est
1705 566 1739 623 ot
1755 470 1861 624 habai
1873 557 1915 623 ad
1931 578 1990 623 nos
2008 556 2188 630 derivatur.
2203 559 2228 642 ¹)

220 651 328 714 minus
355 669 471 730 corpus
500 649 600 713 etiam
627 648 736 729 ipsum
763 644 857 711 nobis
884 642 957 708 dari
984 647 1072 706 certo
1095 643 1194 706 confi·
1247 640 1334 705 Nam
1352 641 1380 705 si
1397 640 1496 706 solem
1517 641 1734 724 conspicimus
1756 644 1857 710 radiis
1878 645 1914 707 in
1936 650 2059 708 terram
2080 644 2229 708 emican-

220 734 343 800 dsmus,
1247 733 1324 804 tem,
1348 725 1389 790 ad
1411 726 1623 810 generandos,
1646 729 1816 808 fovendos,
1845 728 2044 814 vegetandae
2065 728 2136 794 eius
2158 729 2228 794 foo-

307 823 354 883 19.
399 819 482 886 Dico
506 820 620 901 iqitur,
649 818 731 899 quod
753 823 781 882 et
801 833 921 894 semper
941 815 977 877 in
999 813 1126 878 eulesio
1146 834 1194 877 re
1246 817 1309 889 tus,
1332 811 1670 895 suamquodammodo
1687 816 1905 881 substantiam
1923 814 2049 880 adeam
2060 814 2229 880 traiicere:

217 912 338 986 ceptum
358 905 436 986 fuit,
459 910 488 971 et
508 904 598 970 bodie
618 905 724 970 decent
745 903 921 984 quicunque
943 904 1023 964 recte
1045 899 1192 976 sentiunt,
1246 919 1305 962 cur
1322 897 1456 962 inferior
1478 898 1611 980 spiritus
1630 898 1756 966 (lhristi
1773 910 1860 967 esset
1876 900 2052 979 irradiatio,
2076 899 2118 964 ad
2135 922 2227 966 com·

217 991 341 1057 duabus
362 990 454 1056 rebius
473 995 615 1056 onustam
634 1009 759 1055 somnne
780 1006 890 1053 coenae
910 985 1108 1066 mysterium:
1130 1005 1194 1048 cer·
1246 983 1436 1047 munionem
1464 985 1573 1048 carnis
1602 992 1636 1048 et
1662 988 1834 1070 sanguinis
1860 988 1929 1052 eius
1956 987 1993 1049 in
2020 1007 2080 1051 nos
2109 985 2227 1051 uadu-

212 1077 323 1158 poreis
340 1078 456 1159 uenis,
485 1096 565 1158 quae
586 1075 621 1140 ob
644 1075 745 1140 oculos
760 1071 926 1153 preposita
946 1091 999 1135 res
1020 1068 1195 1135 invisibiles
1247 1067 1406 1133 cendam?
1451 1066 1660 1151 Quapropter
1681 1073 1851 1154 scriptura,
1873 1073 1928 1137 nbi
1951 1071 1991 1137 de
2012 1079 2126 1136 nostra
2147 1094 2226 1138 cum

218 1163 388 1228 mundum
409 1161 631 1227 inbecillitatis
657 1165 782 1226 nostrae
808 1161 933 1236 captum
959 1154 1048 1220 nobis
1069 1176 1195 1236 reprae-
1247 1152 1380 1218 Christo
1402 1155 1650 1237 participatione
1672 1156 1829 1239 loquitur,
1852 1159 1921 1222 vim
1943 1158 2013 1222 eius
2034 1158 2225 1223 uniuersam

218 1253 351 1325 sentent,
372 1253 401 1312 et
426 1247 591 1326 spirituali
616 1247 758 1323 veritate,
787 1264 867 1325 quae
882 1262 943 1321 per
964 1241 1102 1323 spinule
1122 1241 1195 1320 ipse
1247 1239 1289 1304 ad
1316 1241 1470 1321 spiritum
1497 1239 1605 1304 refert.
1648 1242 1716 1307 Pro
1740 1243 1852 1308 miritis
1879 1252 1990 1308 tamen
2019 1265 2106 1308 unus
2132 1243 2225 1310 locus

216 1333 378 1416 fiperetur
410 1331 506 1397 amul
538 1337 573 1396 et
599 1331 765 1397 eubibdur.
810 1327 863 1392 Ee
895 1327 1003 1408 qualis
1034 1327 1085 1405 sit,
1118 1327 1195 1391 durn
1246 1324 1393 1390 sufficiet.
1438 1326 1563 1391 Paulus
1585 1327 1674 1391 enim
1701 1328 1743 1392 ad
1769 1329 1865 1393 Rom.
1884 1350 1953 1412 cap.
1972 1336 2100 1407 octavo,
2124 1327 2225 1394 Chri·

216 1419 424 1500 familiariter
445 1417 655 1483 denconstrare
671 1416 747 1494 eolo,
770 1416 839 1480 tria
855 1413 934 1478 soleo
946 1433 1078 1492 ponere:
1098 1411 1195 1494 siqui
1246 1419 1333 1476 stum
1354 1433 1421 1474 non
1443 1411 1537 1475 ahter
1555 1412 1592 1475 in
1614 1411 1717 1493 uobis,
1745 1436 1845 1495 quam
1871 1436 1931 1497 per
1952 1415 2105 1497 spiritum
2126 1436 2226 1480 suum

217 1495 404 1584 tiietienern,
439 1504 605 1567 muriam
631 1522 710 1584 quae
739 1522 777 1565 ea
797 1521 835 1565 ee
856 1498 1016 1578 dependet,
1049 1499 1195 1562 uirtutem
1245 1496 1394 1561 habitare
1422 1495 1564 1561 disserit:
1599 1519 1661 1580 qno
1691 1506 1802 1564 tamen
1834 1500 1939 1579 iliam,
1974 1499 2015 1565 de
2042 1521 2108 1582 qua
2133 1522 2225 1567 nunc

218 1610 274 1655 seu
294 1590 438 1670 etatum
461 1589 517 1670 qui
538 1609 576 1653 eu
596 1593 731 1668 utraque
751 1585 958 1666 consequitur.
999 1579 1195 1666 Siquidemio
1246 1603 1352 1647 sermo
1379 1588 1444 1661 est,
1478 1583 1587 1647 carnis
1615 1591 1648 1648 et
1670 1587 1839 1667 sanguinis
1866 1587 2128 1652 communionem
2155 1607 2226 1652 non

218 1677 255 1740 in
278 1672 544 1754 prunissienibus
572 1679 618 1738 est
645 1675 722 1749 sita,
757 1693 838 1753 quae
868 1669 1091 1750 quedammodo
1123 1672 1196 1733 sunt
1246 1668 1339 1745 tollit,
1359 1666 1417 1732 sed
1439 1668 1479 1732 ab
1501 1690 1567 1733 uno
1589 1670 1706 1753 spiritu
1727 1671 1811 1737 effici
1830 1672 1931 1749 dmet,
1953 1679 1991 1735 ut
2007 1678 2112 1735 totum
2123 1670 2225 1736 Chri·

219 1762 309 1843 sipno
340 1760 521 1840 inuitaui.
571 1758 745 1823 Materiam
782 1762 840 1821 aut
877 1754 1087 1820 substantiam
1123 1774 1194 1818 eoae
1245 1761 1334 1819 stum
1355 1752 1585 1835 possideamus,
1608 1760 1642 1819 et
1662 1755 1842 1822 habeamus
1858 1758 1895 1821 in
1912 1758 2006 1830 nobis
2022 1763 2222 1822 manentem

221 1845 382 1912 Christian
406 1865 476 1910 curn
505 1865 565 1908 sua
585 1849 682 1909 morte
703 1848 731 1907 et
751 1841 982 1907 resurreetione.
1027 1838 1090 1904 Per
1111 1840 1194 1920 effec-
1333 1843 1382 1902 21.
1428 1838 1493 1903 Nec
1513 1859 1562 1903 me
1583 1840 1655 1905 latet
1675 1842 1832 1924 sophistes
1852 1843 2067 1908 subtilioribus
2086 1844 2225 1924 praesti·

173 1986 175 1990 .
219 1937 285 1996 tum
304 1937 408 1996 entem
428 1929 682 2009 redemptionem,
709 1929 880 2004 iuditium,
908 1925 1192 2006 sanctificationem
1243 1924 1308 2007 qiis
1329 1926 1364 1987 in
1385 1923 1498 1989 salutis
1519 1926 1588 1990 suis
1610 1927 1720 1991 tudem.
1766 1929 1840 1993 Non
1863 1930 2138 2011 circuncsuiptiee,
2167 1949 2225 1994 nec

219 2018 376 2097 vitentque
397 2021 555 2081 1111111111
576 2021 605 2080 et
633 2033 830 2096 quaecuuque
850 2012 917 2077 alie
938 2011 1027 2077 nobis
1048 2010 1194 2091 beneficia
1246 2010 1401 2091 corporali
1438 2010 1526 2074 niodo
1566 2012 1715 2077 continui
1750 2014 1816 2078 illic
1849 2013 2009 2080 Christum
2046 2014 2224 2080 aunuum.

219 2103 312 2183 effert
343 2101 501 2179 Christus,
534 2101 679 2183 intelliqo.
724 2098 825 2163 Perre
858 2098 982 2161 tametsi
1006 2096 1100 2176 {iden
1121 2097 1194 2160 liecc
1248 2094 1309 2159 Sed
1337 2096 1487 2160 rationem
1514 2096 1623 2161 nunu
1649 2100 1920 2164 comminiscuntur
1947 2121 2042 2182 quam
2072 2120 2126 2165 nec
2154 2102 2225 2182 ipsi

220 2188 328 2252 omnia
348 2186 534 2266 respicimit,
558 2186 679 2250 nullum
701 2190 803 2249 tamen
831 2184 930 2248 locum
958 2181 1194 2263 relinquebam
1246 2180 1420 2263 iritelliqunt
1440 2201 1493 2246 nec
1513 2182 1591 2247 aliis
1612 2187 1745 2263 possunt
1765 2185 1934 2266 eupluarm
1964 2206 2043 2266 quae
2063 2190 2168 2250 temen
2190 2206 2224 2251 eo

220 2272 341 2349 cucilla
362 2272 454 2353 quasi
474 2272 550 2337 deun
567 2270 630 2350 dde
640 2270 766 2350 percipi
788 2267 947 2334 0111111111
968 2269 1050 2345 due,
1080 2267 1194 2332 intelli
1245 2266 1362 2346 recidit,
1380 2270 1416 2330 ut
1434 2265 1577 2332 Obristus
1594 2269 1631 2332 in
1648 2270 1747 2350 specie
1757 2272 1865 2352 penis,
1884 2292 1979 2351 quam
1996 2277 2112 2350 eomnt,
2131 2293 2226 2353 quee-

218 2357 326 2442 qentia
343 2358 498 2420 dunmaet
519 2377 555 2422 ec
581 2357 803 2439 imaqinatieru
829 2354 922 2418 eelim
943 2354 1071 2433 concipi.
1117 2351 1196 2433 Offe
1245 2357 1343 2416 ratur.
1391 2352 1475 2442 Quid
1496 2353 1602 2417 enin?
1623 2375 1719 2436 mum
1740 2357 2061 2438 snbstantiampenis
2082 2356 2225 2423 11101111-

221 2448 298 2508 runt
328 2443 412 2507 enirn
442 2442 535 2506 illum
561 2442 802 2523 prunissiones,
841 2460 903 2504 nen
935 2445 971 2503 ut
1002 2440 1038 2502 in
1069 2444 1195 2518 aspectu
1245 2443 1328 2502 uum
1353 2439 1484 2502 ementi
1509 2439 1628 2518 dimnt,
1660 2461 1764 2505 minen
1796 2442 1929 2525 aquunt
1956 2442 2093 2507 obediri
2127 2464 2226 2524 mum

220 2529 310 2594 nude
336 2528 482 2609 nudaque
507 2529 621 2593 notitia
647 2527 845 2604 teneamus,
878 2526 932 2590 sm
960 2531 996 2589 ut
1021 2544 1095 2590 uere
1127 2525 1196 2588 eius
1245 2523 1311 2589 illic
1341 2523 1493 2605 reliquam
1523 2525 1669 2606 faciunt?
1711 2526 1757 2590 At
1783 2529 1828 2592 sic
1856 2529 2024 2593 muindur
2054 2529 2089 2592 in
2116 2549 2227 2594 secra

170 2651 179 2666 κ
219 2614 495 2682 mmueeenme
525 2613 683 2693 fruamur.
727 2611 773 2675 Et
796 2631 871 2676 sane
898 2631 964 2690 non·
985 2611 1088 2689 cidem
1122 2629 1195 2690 quo
1246 2614 1344 2675 nunu
1370 2615 1405 2672 ut
1424 2610 1461 2674 in
1488 2611 1565 2675 coelo
1586 2618 1718 2692 maneat,
1738 2614 1897 2694 inquiunt,
1929 2634 1983 2677 uec
2006 2613 2103 2678 aliam
2124 2635 2224 2694 pam

132 2705 137 2710 '
219 2700 309 2764 nudo
329 2700 365 2763 iu
391 2720 480 2763 eruce
504 2697 624 2764 Oliristi
644 2698 883 2776 redemptionum
909 2717 946 2760 ae
966 2697 1138 2773 iustitiam,
1159 2695 1195 2760 in
1246 2695 1439 2760 lentitudinis
1461 2698 1672 2776 mamutium
1698 2699 1873 2763 muninus.
1926 2699 2040 2764 Verum
2070 2719 2225 2781 quaenun-
2281 2777 2285 2784 ι

219 2786 290 2851 eius
310 2789 407 2850 morte
431 2786 532 2849 uitem
558 2783 669 2848 lubere
695 2804 728 2847 se
758 2773 832 2865 quis
859 2781 1006 2860 conridet,
1040 2782 1105 2847 nisi
1121 2801 1196 2845 uera
1247 2802 1305 2862 que
1323 2782 1465 2863 fmiende
1481 2783 1552 2862 fuco
1569 2783 1715 2848 combula
1732 2785 1898 2862 abundant,
1919 2785 1970 2849 liic
1991 2785 2126 2850 mnium
2140 2783 2225 2864 duis

222 2869 342 2937 muse
373 2870 480 2950 uuus
510 2870 722 2936 cmununione
753 2870 789 2932 in
810 2867 931 2947 prinus
967 2868 1077 2949 fraus.
1123 2867 1196 2931 Non
1247 2872 1299 2945 est,
1317 2887 1377 2949 per
1398 2869 1651 2933 mmeuatioriem
1674 2868 1833 2935 culeum
1852 2871 1923 2952 deri
1944 2872 1999 2952 qui
2021 2875 2108 2936 enea
2121 2871 2225 2953 panis

219 2958 304 3023 enim
325 2957 369 3021 ad
390 2976 447 3019 nos
468 2954 547 3020 buia
568 2955 627 3020 illa
641 2955 857 3034 peruenirent,
887 2954 954 3018 nisi
974 2955 1122 3033 seprius
1143 2973 1196 3018 na
1247 2958 1328 3031 eu,
1355 2957 1390 3018 ut
1414 2953 1523 3020 eene
1551 2954 1608 3019 sub
1628 2955 1685 3020 illo
1707 2958 1808 3038 panis
1833 2957 1929 3022 colore
1957 2958 2050 3022 lateat
2070 2955 2227 3023 Christus.

219 3048 323 3108 strum
346 3039 495 3106 Obristus
514 3041 637 3121 smeret.
680 3039 763 3107 Dice
784 3040 885 3122 iqitin
905 3041 942 3104 iu
962 3059 1070 3106 menae
1087 3043 1196 3120 mpste
1252 3039 1359 3119 Neque
1379 3059 1449 3103 cero
1470 3039 1577 3103 multis
1599 3042 1780 3106 cmiectms
1800 3062 1879 3123 opus
1895 3047 1949 3122 est,
1968 3048 2004 3106 ut
2019 3042 2229 3125 deprmuida·

102 3163 104 3166 >
220 3128 271 3192 rio
291 3147 353 3206 per
379 3125 516 3207 spudela
531 3127 633 3206 penis
660 3132 689 3191 et
714 3127 798 3204 uini,
833 3122 996 3190 Christum
1017 3146 1088 3189 ecre
1108 3123 1196 3189 rubis
1247 3144 1318 3189 mus
1339 3144 1418 3206 ques
1438 3125 1510 3190 istis
1531 3125 1630 3190 uerbis
1651 3127 1789 3192 iusidias
1810 3129 1929 3192 tucdue
1946 3128 2104 3208 adierint,
2127 3149 2229 3210 quum

220 3211 369 3290 exbiberi,
391 3213 526 3293 adeoque
547 3232 661 3293 cerpus
683 3212 914 3294 etsenquinem
934 3213 1012 3290 eius,
1030 3212 1066 3275 in
1083 3209 1196 3292 quibus
1246 3232 1297 3276 res
1328 3211 1401 3292 ipse
1428 3211 1508 3275 clere
1541 3211 1692 3292 loquatur.
1740 3214 1863 3294 Quanta
1893 3215 1976 3278 enim
2007 3215 2230 3296 superstitione

220 3318 341 3364 mecm
373 3297 576 3363 obedientem
602 3318 667 3377 pro
699 3297 913 3377 conparanda
944 3296 1045 3362 nobis'
1069 3296 1196 3361 iustitia
1247 3299 1314 3361 iam
1335 3297 1468 3362 smerdis
1489 3297 1605 3378 aliquot
1625 3319 1686 3362 non
1706 3303 1826 3363 mutum
1848 3299 2007 3364 ieminum
2027 3301 2148 3384 numus,
2171 3301 2231 3368 sed

220 3383 418 3464 edinsplurit:
439 3404 500 3464 qno
520 3383 637 3449 seilicet
649 3383 794 3462 minum
814 3384 850 3447 in
871 3404 972 3447 unum
992 3402 1104 3463 cerpus
1125 3402 1196 3447 curn
1243 3384 1400 3464 primores
1427 3401 1543 3464 queque
1563 3384 1629 3466 ipsi
1657 3384 1766 3450 unni·
1785 3386 1920 3467 fumun,
1948 3406 1984 3451 ec
2005 3385 2094 3452 bodie
2112 3387 2149 3451 in
2164 3408 2231 3468 pa·

220 3472 291 3551 ipse
318 3469 539 3547 nemesianus,
572 3470 692 3535 deiude¹
705 3469 882 3549 participes
909 3468 1102 3534 substaniae
1127 3469 1196 3534 eius
1243 3469 1372 3552 pisticis
1392 3469 1527 3534 ecclesiis
1547 3469 1747 3549 detineantur,
1771 3472 1874 3536 eidem
1895 3477 1946 3537 est.
1992 3471 2079 3536 Nem
2095 3473 2134 3537 de
2151 3493 2230 3538 aera

219 3556 314 3637 facti,
346 3554 559 3620 in'benorum
586 3555 725 3621 omnium
753 3555 1024 3620 munummne
1050 3555 1197 3620 virtudem
1247 3555 1308 3636 pide
1328 3574 1448 3635 pamm
1473 3554 1613 3634 solliciti,
1644 3576 1709 3636 que
1735 3557 1802 3622 sole
1835 3557 1923 3622 etin
1947 3555 2065 3626 Christi
2080 3560 2232 3640 perueru-

221 3661 340 3722 quoque
358 3641 539 3706 sentiamus.
1248 3661 1319 3704 uuis
1340 3643 1566 3705 smieetemet
1586 3661 1655 3705 eum
1681 3643 1751 3724 ipse
1771 3642 1980 3723 minuemus,
2007 3643 2095 3708 nudo
2116 3664 2232 3709 cansa

308 3729 357 3790 20.
408 3725 521 3808 Neque
547 3735 659 3791 tamen
681 3726 863 3807 praesentia
893 3725 1011 3792 (lirini
1032 3727 1067 3790 in
1094 3747 1197 3791 secra
1249 3727 1309 3791 lem
1326 3727 1393 3791 eius
1409 3727 1623 3807 mamutium
1644 3727 1783 3806 babeam,
1812 3749 1907 3811 quam
1926 3728 2011 3792 ultra
2031 3729 2157 3793 nubum
2178 3731 2231 3811 fa-

221 3815 320 3874 mente
347 3811 423 3876 talis
450 3810 642 3876 somnianda
664 3812 757 3876 nobis
779 3819 843 3889 est,
872 3813 1001 3895 qualem
1022 3813 1057 3876 in
1080 3811 1198 3878 scholis
1249 3812 1422 3889 bricarurit,
1455 3813 1537 3877 setis
1563 3812 1654 3883 illum
1682 3820 1875 3896 praesentem
1909 3814 2018 3880 labere
2045 3837 2077 3882 se
2098 3821 2230 3897 putem.

221 3897 396 3961 crassiores
435 3897 640 4048 sophistae&
681 3899 924 3963 confinxerunt:
967 3919 1004 3963 ac
1038 3899 1065 3963 si
1104 3898 1199 3964 locali
1252 3897 1390 3962 Preme
1417 3897 1472 3963 luc
1493 3899 1527 3962 in
1553 3919 1678 3964 summa
1700 3902 1872 3982 paludum
1897 3900 2038 3966 ememus
2058 3902 2121 3966 ista
2142 3903 2231 3986 iupe-

220 3983 420 4064 praesentia,
453 4004 569 4065 corpus
633 3983 728 4048 hristi
766 3985 917 4049 manibus
949 3984 1197 4063 attrectandum,
1249 3984 1340 4048 niosa
1360 3983 1536 4061 subtilitate,
1557 3989 1593 4047 ut
1608 3986 1707 4066 panis
1718 4006 1780 4066 pro
1802 3986 1871 4052 Dee
1892 3986 2061 4051 luderetur.

222 4067 427 4132 emerendum
455 4068 621 4146 dentibus,
655 4091 711 4134 ors
738 4065 984 4152 deglutiendum
1019 4071 1198 4136 sisteretur.
1337 4071 1387 4132 22.
1434 4068 1533 4134 Nobis
1553 4075 1656 4134 auum
1676 4070 1731 4136 bec
1752 4071 1912 4154 aqmduns,
1934 4077 1970 4136 ut
1990 4072 2082 4136 talem
2104 4071 2231 4138 eines

221 4151 393 4237 Siquidem
415 4162 463 4218 ut
494 4154 625 4218 finitum
657 4177 741 4233 esse,
775 4176 834 4237 pro
867 4162 1024 4238 perpetua
1046 4156 1198 4238 ,corporis
1251 4157 1286 4218 in
1312 4174 1405 4222 coena
1426 4157 1636 4237 praesentiam
1662 4157 1838 4239 mqiurnus,
1867 4178 1947 4238 quae
1972 4178 2026 4222 nec
2047 4159 2147 4239 panis
2169 4158 2230 4224 ele·

221 4240 359 4305 humani
381 4240 517 4318 ratione,
540 4241 675 4305 minimo
697 4241 904 4325 ambigimus,
923 4241 1075 4325 coeloque
1095 4242 1197 4308 eonti-
1250 4245 1349 4305 niente
1377 4242 1482 4321 ipsum
1502 4242 1625 4325 aquut,
1648 4262 1701 4306 uec
1722 4243 1757 4306 in
1773 4264 1888 4325 panem
1909 4243 2063 4322 iucludet,
2085 4263 2139 4308 nec
2160 4244 2229 4311 ulle

221 4327 309 4404 ucri,
343 4347 407 4408 quo
435 4326 535 4391 semel
563 4334 730 4409 receptum
756 4335 819 4406 est,
856 4327 958 4394 donec
980 4326 1022 4392 ad
1043 4327 1199 4393 iudicium
1250 4327 1340 4391 modo
1360 4327 1604 4393 cicunucribat:
1625 4349 1704 4410 quae
1725 4330 1832 4394 munia
1850 4329 1997 4412 dueqare
2017 4329 2135 4395 ceebsti
2154 4331 2230 4398 eius

220 4412 347 4477 redeat:
368 4413 416 4479 ita
432 4412 493 4477 sub
512 4412 594 4477 haec
611 4413 833 4495 corruptibilia
854 4413 1016 4479 elementa
1031 4413 1200 4478 retrahere
1249 4413 1368 4496 pleriee
1394 4413 1507 4494 palem
1537 4419 1596 4493 est;
1629 4414 1739 4480 deiude
1770 4435 1849 4496 quae
1881 4435 1934 4479 nee
1966 4436 2145 4480 masuram
2177 4416 2230 4480 illi

222 4498 340 4579 ipsum,
364 4499 558 4581 intubique
576 4519 730 4580 praesens
748 4499 932 4582 imaginari,
950 4519 1088 4578 prorsus
1110 4498 1199 4563 duci-
1250 4497 1502 4579 suem'auserat,
1531 4500 1577 4565 uel
1593 4500 1741 4581 pluribus
1761 4500 1858 4566 simul
1885 4500 1960 4566 leus
1980 4500 2151 4581 eumn,
2180 4502 2230 4568 uel

221 4604 295 4649 mus
316 4586 409 4651 nefas
430 4606 509 4650 esse.
554 4583 667 4666 Neque
694 4583 727 4648 id
754 4605 832 4649 sane
858 4606 940 4666 opus
967 4592 1031 4662 est,
1061 4604 1123 4665 quo
1149 4585 1199 4668 ip·
1250 4586 1434 4649 inmensam
1461 4584 1512 4650 illi
1536 4586 1779 4668 meqnitudinem
1807 4585 1953 4670 afdnqat,
1983 4607 2062 4669 quae
2085 4608 2142 4667 per
2164 4607 2230 4654 coe

222 4670 291 4734 sius
317 4671 566 4753 participatione
599 4671 761 4746 fruamur3
795 4668 924 4751 quando
956 4669 1018 4733 hoc
1052 4669 1199 4737 beneficii
1250 4671 1368 4736 tumet
1395 4675 1512 4734 terrem
1538 4672 1744 4752 diffundetur.
1788 4672 1875 4737 Haec
1904 4673 1987 4737 enim
2014 4678 2148 4738 nuuree
2170 4672 2230 4738 bn·

221 4775 281 4837 per
299 4757 449 4839 spiritum
467 4778 563 4821 suum
581 4756 675 4821 nobis
686 4755 850 4819 Dominus
871 4754 1019 4838 largitur,
1042 4762 1081 4818 ut
1096 4778 1199 4822 unum
1251 4776 1364 4822 manae
1384 4759 1508 4821 eueni·
1529 4778 1591 4821 nen
1612 4757 1734 4824 obsmre
1753 4764 1935 4842 repuqnent.
1969 4757 2062 4838 istas,
2084 4760 2230 4841 inquam,

222 4860 364 4923 corpore,
388 4843 506 4926 spiritu
529 4851 562 4906 et
583 4842 693 4905 anima
715 4861 826 4905 seeum
848 4841 973 4904 fiamus.
1019 4841 1198 4907 Vinculum
1250 4843 1333 4908 dues
1359 4844 1545 4924 meeptioncs
1572 4864 1736 4926 nuquam
1757 4845 1925 4925 patiemur
1951 4845 2038 4910 neus
2059 4845 2156 4925 eut:
2190 4866 2231 4912 ne

222 4946 299 5009 ergo
321 4929 415 4992 istius
437 4927 673 4993 coniunctionis
702 4934 752 4991 est
773 4926 906 5009 spiritis
927 4927 1077 5006 Domini,
1105 4930 1197 4994 cuius
1251 4929 1340 5011 quid.
1355 4929 1472 4995 coelesti
1501 4928 1621 4994 Giristi
1643 4929 1763 5013 pieriae
1789 4930 1964 5012 deroqetm,
1991 4930 2072 5013 quod
2090 4930 2128 5012 (il
2148 4931 2232 4998 dunc

221 5031 309 5077 nexu
331 5014 535 5096 copulamur3
557 5012 740 5094 etquidem
757 5011 857 5078 veluti
874 5012 1008 5091 canalis,
1027 5034 1085 5095 per
1101 5035 1198 5097 quem
1249 5013 1307 5080 sub
1328 5014 1544 5098 mrruptibilia
1568 5015 1665 5082 buius
1691 5015 1802 5080 muudi
1828 5016 1972 5082 cienena
1997 5016 2158 5083 reducitiu
2180 5018 2234 5085 vel

293 5285 321 5352 1)
344 5289 452 5354 qualem
472 5302 597 5340 romanae
622 5288 712 5340 cunae
735 5287 852 5340 artifices
881 5285 949 5347 1543
974 5302 1042 5356 seqq.
1320 5288 1349 5354 l)
1367 5289 1649 5359 Ohrysost.'sermonc
1667 5291 1783 5359 quodum
1801 5290 1835 5342 de
1852 5290 1952 5383 spiritu
1969 5294 2070 5345 sancto.
2126 5337 2129 5343 ,
