4770 6030
169 438 231 502 aas
727 434 826 501 eir.
849 433 928 500 vn.
952 429 1044 519 (tv.)
1089 427 1305 499 surmont
1325 428 1623 498 muranum.
2113 436 2176 500 aas

165 551 191 604 A
206 550 281 604 131·
299 549 323 603 Β
338 550 411 603 148·
431 547 533 602 0148.

166 591 288 708 ereptub
312 590 433 707 narde
477 623 520 688 Iu
534 535 681 703 barrama,
709 624 857 704 qmrriam
881 642 941 686 non
957 625 1058 705 potest
1078 622 1147 685 oni·
1199 621 1370 701 requirunt,
1393 619 1489 685 citabo
1510 619 1609 685 burm
1628 620 1803 704 stupendi-rii
1816 621 1841 706 ¹)
1868 619 1924 687 ubi
1942 622 1978 686 id
1998 623 2105 705 ipsum
2126 624 2178 689 do-

166 730 237 776 mus
257 715 359 776 naam
377 711 475 774 eitam
495 709 531 773 iu
548 709 612 774 Dei
631 709 854 789 misericordia,
877 708 924 773 nel
941 710 1021 772 satis
1037 707 1148 790 cupide
1199 712 1289 770 cetur.
1339 705 1673 788 Iucomprelrensibilis,
1702 708 1819 788 inquit,
1847 727 1884 772 oc
1906 709 2113 774 imnrrdabilis
2133 714 2179 775 cst

167 795 407 880 apprehendere,
436 795 483 860 uel
509 814 573 876 qua
598 796 679 860 decet
696 796 887 879 quatiamine
908 796 1060 876 campere,
1082 793 1148 858 nisi
1199 791 1265 856 Dei
1285 792 1412 856 dilectio
1457 792 1531 856 Non
1557 793 1640 857 enim
1661 813 1699 857 ee
1719 813 1779 874 quo
1806 793 2044 858 eireconciliati
2066 815 2178 861 sumus

164 883 333 966 formidine
367 881 437 946 irae
464 879 529 945 Dei
560 886 589 946 et
621 887 762 946 adarim
793 881 901 945 mortis
927 879 1052 944 torrem
1077 885 1148 943 ante
1196 898 1256 960 per
1275 879 1459 961 sanquinem
1483 879 1546 960 pia
1571 879 1641 943 eius
1661 880 1758 961 coepit
1777 899 1835 943 uos
1861 880 2004 962 diliqere,
2032 881 2087 945 sed
2107 888 2179 947 ante

160 968 327 1052 peredeus
348 971 376 1032 et
395 972 620 1046 coadunatus,
641 968 687 1033 sic
707 967 905 1031 instituimur
924 985 1017 1031 sacra
1038 965 1148 1030 doctri-
1198 963 1310 1028 mundi
1337 966 1579 1029 mnstdmionem
1607 963 1717 1029 diluit
1737 985 1808 1045 uos,
1836 970 1872 1029 ut
1892 986 1962 1030 σσσσ
1984 966 2052 1030 eius
2072 970 2179 1051 arripe-

167 1076 217 1134 ua,
239 1060 275 1118 ut
295 1054 364 1118 sine
387 1050 510 1118 carisa
531 1052 636 1118 Deum
655 1052 744 1117 nobis
760 1052 982 1135 quodonimodo
1000 1052 1147 1132 infestm
1198 1049 1262 1113 nito
1290 1045 1383 1114 diain
1410 1070 1466 1114 nos
1490 1050 1553 1131 filii
1580 1051 1653 1115 ‘eius
1677 1071 1827 1130 essemus,
1860 1057 2026 1132 antequam
2053 1055 2178 1119 ommno

166 1159 342 1217 mutamus,
370 1143 398 1204 et
424 1140 493 1203 aare
518 1159 648 1203 inanum
668 1140 704 1203 in
732 1139 862 1202 esitium
882 1143 1022 1202 orcarum
1043 1157 1147 1200 arina
1198 1134 1323 1216 aliquid
1354 1154 1499 1201 manus.
1556 1136 1644 1218 Quod
1670 1157 1740 1220 erpo
1771 1138 1961 1202 reconciliati
1986 1159 2097 1203 armus
2117 1158 2178 1222 per

111 1264 118 1281 ·
166 1232 246 1305 tana·
268 1224 502 1291 benevolentiam
522 1225 591 1289 mus
605 1229 829 1306 paternamque
845 1225 1005 1289 caritatem
1020 1223 1148 1287 nonnisi
1197 1226 1324 1286 mortem
1348 1219 1476 1301 Glrristi,
1498 1242 1561 1286 nou
1581 1224 1628 1286 sic
1648 1223 1830 1304 mciqnatur,
1852 1224 1945 1304 quasi
1965 1225 2033 1289 ideo
2054 1246 2110 1291 uos
2131 1247 2178 1290 re·

167 1315 202 1377 in
224 1311 347 1377 Cbristo
368 1310 587 1392 amplexemur.
1198 1307 1406 1372 mariscen
1433 1309 1463 1372 ei
1491 1306 1594 1389 fitius,
1628 1313 1663 1372 ut
1688 1310 1756 1373 iam
1784 1330 1892 1374 amare
1923 1311 2069 1391 inciperet
2100 1332 2178 1393 quos

254 1400 304 1462 20.
350 1395 453 1477 Atque
478 1395 532 1461 boc
559 1397 680 1461 tametsi
706 1416 768 1478 pro
795 1399 905 1478 captus
932 1395 1031 1458 imbri
1059 1393 1146 1474 infir-
1197 1393 1319 1473 oderat·
1344 1393 1399 1459 sed
1420 1394 1487 1458 mm
1508 1413 1564 1458 nos
1585 1394 1726 1477 diliqeuti
1746 1395 1934 1460 reconciliati
1955 1416 2078 1477 surium,
2107 1418 2178 1462 urm

166 1485 270 1548 mitate
291 1483 415 1562 dicitur,
437 1502 499 1546 reon
519 1488 621 1546 tanmn
640 1482 732 1564 falso.
769 1481 860 1546 Deus
882 1481 965 1545 entim
986 1481 1041 1561 qui
1062 1499 1146 1543 sum
1197 1499 1273 1560 qim,
1298 1484 1425 1562 propter
1446 1485 1620 1561 peremnia,
1641 1481 1827 1545 inimicitias
1848 1480 2041 1546 habebamus.
2089 1484 2178 1564 Quoad

165 1590 218 1634 ma
239 1569 363 1634 iustitio
390 1574 449 1646 cst,
478 1568 686 1650 inaequitatem,
715 1588 810 1649 quam
834 1569 870 1631 in
897 1566 1038 1630 mnitibus
1058 1565 1146 1630 reads
1196 1570 1304 1629 utrum
1321 1585 1430 1630 oerum
1448 1567 1566 1645 dicam,
1588 1571 1745 1631 adustam
1771 1567 1935 1650 apostolus.
1970 1567 2176 1649 Οσσσσσσσσίσσ,

166 1656 326 1737 atienae,
356 1675 463 1718 amoro
483 1674 544 1717 non
559 1659 668 1736 potest.
713 1653 874 1717 Habemus
894 1672 964 1736 erpo
985 1653 1144 1716 nnumin
1195 1652 1298 1732 inquit
1319 1651 1428 1736 (Rom.
1449 1657 1478 1730 b,
1497 1650 1548 1735 8),
1576 1653 1765 1717 diledionem
1787 1674 1880 1717 mom
1901 1653 1991 1718 Deras
2016 1676 2090 1737 erpo
2110 1675 2175 1734 nos,

167 1741 252 1806 nobis
273 1741 354 1822 quod
374 1740 440 1804 Dei
465 1740 534 1805 odio
562 1741 692 1823 aliquem
716 1741 766 1802 sit.
812 1738 950 1804 Proinde
976 1739 1145 1815 secundum
1169 1736 1172 1825 l
1196 1738 1343 1818 quoniam
1364 1757 1461 1819 quum
1482 1737 1584 1803 aaa
1599 1744 1775 1821 peccatores
1791 1759 1936 1817 cesenam,
1959 1739 2102 1805 Glrristus
2114 1760 2176 1823 pro

166 1832 327 1909 corruptae
354 1832 476 1890 nostrae
496 1831 628 1908 ludicrae
649 1831 676 1890 et
703 1826 811 1890 ‹leirrde
838 1825 1005 1889 acceleretis
1023 1844 1145 1905 procae
1169 1830 1172 1897 t
1196 1822 1283 1887 trabis
1301 1828 1442 1888 mortuiis
1463 1829 1515 1888 cst.
1559 1823 1701 1889 Habebat
1721 1826 1826 1905 itaque
1847 1826 1898 1890 ille
1919 1847 1992 1908 erqo
2019 1847 2075 1890 rios
2095 1828 2177 1891 cori·

166 1915 246 1978 oilae
267 1912 552 1991 considerationem,
583 1913 617 1975 in
639 1912 801 1993 odinatione
822 1911 886 1975 Dei
907 1931 1014 1974 reuera
1035 1930 1145 1974 aeneus
1169 1904 1172 1981 l
1196 1914 1301 1988 talen,
1331 1910 1425 1973 etiam
1446 1931 1542 1991 quum
1563 1911 1751 1975 inimicitias
1776 1911 1927 1975 adamans
1948 1902 2024 1974 crcm'
2040 1932 2177 1978 meroen·

166 2018 268 2064 urinas
289 1999 324 2062 iu
350 2003 507 2079 corispectu
529 1999 597 2062 eius
616 1998 663 2062 rei
684 2003 710 2061 et
733 1998 775 2061 ad
800 1996 953 2080 poliemus
974 1996 1145 2061 ‹lanariotio
1195 1999 1240 2059 tes
1270 2015 1470 2076 operaremur
1497 1997 1703 2077 iniquitaten.
1754 1996 1893 2062 Proinde
1916 1999 1997 2061 miro
2023 2004 2050 2061 et
2069 1999 2175 2064 diuino

168 2106 235 2149 nerra
262 2085 339 2148 nati.
397 2083 512 2148 Verum
539 2084 616 2164 quia
637 2082 794 2147 Dominus
821 2083 902 2163 quod
927 2103 1021 2146 steina
1044 2087 1089 2146 est
1109 2083 1144 2144 iu
1196 2081 1300 2159 modo,
1330 2086 1358 2144 ct
1383 2082 1508 2162 quando
1539 2102 1595 2146 uos
1622 2083 1729 2147 oderat
1754 2082 1905 2165 dilipebat.
1959 2083 2072 2148 Oderat
2093 2086 2176 2148 enirn

166 2170 253 2234 nobis
268 2171 399 2252 perdere
419 2189 480 2233 riou
501 2171 573 2248 nult,
596 2169 697 2233 adbuc
718 2169 841 2250 aliquid
857 2169 974 2232 irruerit
991 2167 1072 2248 qnod
1082 2188 1145 2248 pro
1196 2186 1260 2245 reos,
1282 2167 1389 2248 quales
1409 2169 1477 2249 ipse
1498 2189 1559 2231 riou
1585 2169 1716 2250 t'ecerat;
1743 2174 1770 2232 et
1791 2170 1868 2249 quia
1895 2170 2048 2249 iniquitas
2068 2176 2176 2235 raostra

166 2277 227 2322 sua
254 2255 436 2340 benipnitnte
458 2261 545 2319 arrad.
597 2255 753 2336 Utcunque
779 2256 861 2318 enim
877 2259 1050 2335 peccatores
1070 2253 1145 2316 uitio
1197 2272 1275 2333 opus
1302 2254 1370 2317 eius
1398 2273 1458 2317 non
1485 2254 1569 2317 muni
1596 2275 1634 2317 ce
1655 2257 1748 2335 parte
1779 2260 2020 2336 consumpserat,
2050 2258 2176 2320 nouerat

165 2347 267 2408 nostro
288 2343 403 2418 simus,
431 2361 594 2406 manemus
621 2347 722 2405 taurea
743 2342 811 2405 dus
832 2345 1006 2419 uenturam
1037 2345 1146 2404 mcum
1196 2338 1293 2403 amul
1313 2339 1349 2402 in
1369 2358 1550 2419 mroquoque
1570 2345 1710 2404 ceodrum
1731 2344 1760 2403 et
1780 2340 1881 2405 odisse
1897 2342 1977 2422 pao
1992 2343 2174 2423 feceramus,

165 2450 224 2511 que
244 2432 370 2492 momen
395 2427 483 2490 nobis
503 2429 722 2506 asciverimus,
750 2429 817 2508 ipse
838 2432 940 2490 tarum
960 2446 1016 2490 uos
1037 2426 1080 2490 od
1100 2426 1145 2488 ai-
1197 2430 1352 2490 etamare
1373 2425 1455 2506 quod
1475 2425 1597 2506 fecerat.
1625 2442 1701 2496 Haec
1718 2448 1782 2495 sunt
1799 2444 1945 2512 Augustini
1964 2446 2056 2497 verba.

164 2521 228 2579 taut
250 2513 435 2578 corididmat.
482 2513 535 2577 Sic
556 2533 643 2578 urea
664 2519 691 2577 et
708 2514 847 2596 prolude
868 2512 966 2575 nostri
987 2512 1145 2575 dilectione

164 2602 314 2666 mutetur
334 2601 376 2663 ad
397 2620 453 2662 nos
474 2601 509 2662 in
527 2600 665 2681 qratiam
683 2599 879 2680 recipiendos.
910 2597 1010 2678 Atqui
1027 2599 1058 2661 si
1072 2618 1144 2677 per·
1569 2633 1572 2638 -

157 2692 288 2768 paurum
310 2691 337 2749 ct
359 2684 609 2749 irreconciliabile
630 2685 800 2749 dissidium
821 2689 865 2747 est
886 2684 966 2747 irttcr
988 2684 1144 2747 iustitiam
1226 2687 1388 2769 Passus
1421 2689 1500 2771 sub
1530 2688 1686 2772 1³01,th
1717 2688 1862 2770 Pflatq)
1907 2690 2142 2772 crucifixus·

164 2777 192 2836 ct
212 2773 417 2853 iniquitaten,
440 2771 591 2852 quanrdiu
602 2775 776 2852 permutares
792 2790 962 2848 nannenus,
987 2770 1144 2850 suscipere
1863 2750 1875 2794 '

163 2879 221 2922 nos
243 2863 316 2922 totas
337 2878 397 2921 nou
418 2862 525 2938 potest.
570 2856 680 2937 Itaque
702 2863 736 2920 ut
766 2856 889 2920 sublata
914 2856 1014 2919 munis
1034 2854 1144 2919 sirum-
1283 2856 1333 2918 22.
1379 2853 1457 2920 Hie·
1477 2861 1511 2919 et
1536 2855 1691 2939 praefecti
1720 2877 1841 2921 nomen
1869 2878 1889 2921 a
1934 2878 1976 2921 uo
1999 2857 2174 2923 damnatus

164 2946 239 3009 tatis
260 2945 390 3008 acroteria
410 2965 467 3007 nos
487 2942 549 3007 sibi
563 2962 699 3024 prorsus
720 2942 902 3021 reconciliet,
924 2943 1088 3023 proposita
1108 2942 1143 3004 ia
1168 2940 1171 3027 l
1195 2940 1257 3004 fuit
1284 2948 1318 3004 et
1350 2961 1455 3024 genus
1482 2943 1598 3006 mortis
1628 2963 1695 3005 non
1728 2949 1859 3007 tantum
1892 2879 1935 3008 ad
1962 2943 2174 3008 astruendam

164 3036 258 3095 morte
285 3029 402 3095 Christi
429 3030 616 3111 erpiatioue,
645 3029 798 3110 quidquid
826 3029 862 3091 in
887 3027 975 3091 rioms
1000 3027 1078 3090 aeoli
1100 3031 1144 3090 cst
1168 3058 1171 3121 Ι
1196 3026 1351 3090 historiae
1372 3025 1472 3090 fidem
1492 3028 1703 3109 exprimitur,
1732 3028 1790 3093 sed
1811 3030 1887 3112 quia
1914 3028 1955 3094 ad
1978 3028 2174 3111 redemptio-

165 3116 279 3181 abolet:
307 3122 342 3179 nt
368 3116 444 3179 insti
471 3117 506 3178 ia
532 3116 601 3179 eius
629 3120 785 3196 conspectu
813 3119 840 3178 ct
866 3114 965 3178 sancti
992 3133 1144 3195 appareo·
1168 3124 1171 3141 ¹
1195 3112 1248 3176 nis
1268 3113 1465 3196 mysterium
1486 3112 1548 3177 hoc
1570 3134 1696 3196 quoque
1718 3115 1911 3198 pertinebat.
1949 3113 2062 3196 Quum
2085 3116 2176 3181 enim

162 3222 243 3280 atris,
266 3203 321 3282 qui
343 3206 434 3265 aritea
452 3202 608 3265 immundi
630 3220 754 3265 cranius
776 3221 812 3263 ac
833 3200 961 3281 impuri.
1007 3198 1144 3263 Proinde
1196 3197 1322 3262 Christi
1343 3206 1448 3262 morte
1471 3200 1653 3281 oportuerit
1675 3207 1708 3264 et
1729 3210 1862 3284 peecata
1880 3202 2006 3285 expiari
2025 3210 2066 3280 et,
2090 3223 2174 3285 quae

162 3307 224 3352 stra
252 3287 409 3352 dilectione
430 3289 593 3368 praevenit
621 3308 657 3350 aa
684 3287 842 3350 antevertit
865 3285 956 3349 Dens
978 3288 1071 3367 pater
1091 3306 1144 3349 no-
1195 3284 1271 3348 inde
1293 3282 1512 3366 impendebat,
1536 3283 1781 3351 damnationem
1802 3287 1872 3352 tolli
1895 3309 1932 3352 ac
1954 3286 2080 3361 induci,
2107 3310 2175 3352 non

162 3378 263 3438 stram
294 3375 329 3436 in
364 3372 486 3438 Christo
517 3373 798 3437 reconciliationem.
851 3371 921 3436 Ima
948 3373 1025 3452 quia
1046 3371 1144 3452 prius
1196 3372 1275 3434 satis
1297 3377 1377 3448 erat,
1401 3371 1509 3454 ipsum
1531 3371 1711 3453 quamlibet
1732 3373 1822 3438 obire
1843 3388 1996 3452 mertem;
2020 3375 2086 3449 sed,
2110 3396 2174 3456 quo

163 3459 277 3542 diliqit,
294 3464 403 3540 postca
419 3479 480 3522 'uos
501 3459 562 3523 sibi
584 3459 766 3522 reconciliat.
814 3456 875 3521 Sed
892 3458 968 3539 quia
989 3458 1025 3521 in
1045 3455 1142 3536 uobis,
1195 3457 1257 3520 rite
1284 3457 1436 3521 omnibus
1464 3454 1696 3539 redemptionis
1726 3464 1856 3525 uestrae
1884 3460 2032 3543 partibus
2057 3461 2173 3523 defun-

163 3545 255 3609 donec
282 3565 343 3609 sira
368 3550 462 3610 niorto
491 3545 645 3609 succcurrit
669 3542 829 3621 Christus,
862 3548 964 3608 ntanct
991 3543 1143 3623 iniquitas
1196 3550 1342 3625 geretur,
1373 3563 1477 3625 genus
1505 3544 1620 3608 mortis
1649 3542 1858 3628 deligendum
1885 3546 1961 3619 fini,
1995 3567 2054 3627 per
2076 3545 2172 3627 qued,

163 3650 243 3713 quae
264 3630 328 3695 Dei
347 3632 589 3713 iudipnationem
610 3636 757 3709 uteretur,
787 3635 880 3694 etest
900 3650 1003 3695 coram
1024 3650 1057 3693 eo
1078 3650 1144 3693 ma-
1195 3634 1229 3692 et
1249 3627 1519 3693 condemnatione
1547 3628 1589 3692 ad
1618 3651 1653 3695 se
1680 3630 1832 3696 traducta
1860 3639 1894 3695 ot
1920 3631 2047 3714 piaculo
2075 3633 2110 3695 in
2139 3652 2175 3696 se

162 3716 275 3782 dedicta
296 3736 333 3781 ac
354 3718 513 3794 damnata,
535 3738 597 3781 noa
618 3722 688 3781 arete
698 3717 826 3797 plenam
843 3715 989 3780 labemus
1004 3715 1144 3796 timeant·
1195 3723 1342 3796 recepta,
1371 3722 1511 3797 utroque
1538 3735 1599 3778 nos
1626 3715 1789 3780 liberaret.
1834 3718 1985 3783 Primum
2006 3739 2084 3801 ergo
2112 3718 2173 3783 sub

163 3823 222 3883 que
248 3823 317 3867 euna
344 3802 411 3868 Deo
440 3803 692 3880 coniunctionem,
719 3823 815 3884 quom
840 3801 895 3865 ubi
922 3799 1067 3866 Glrristus
1087 3820 1144 3864 nos
1195 3799 1344 3884 praeside
1378 3801 1566 3883 provinciae
1601 3800 1775 3867 damnatus
1802 3811 1867 3883 est;
1904 3803 2022 3869 iudicis
2049 3803 2175 3870 scilieet

163 3889 327 3971 coniunqit.
379 3889 524 3969 Adeoque
552 3890 581 3952 si
603 3888 708 3952 Deam
736 3888 824 3952 nobis
847 3893 996 3969 pacatam
1017 3908 1055 3951 oc
1068 3907 1143 3968 pro-
1196 3887 1358 3951 sententia
1376 3885 1560 3964 damnatus,
1583 3909 1647 3971 qno
1664 3889 1734 3953 eius
1753 3888 1961 3954 damnatione
1979 3890 2066 3972 apud
2083 3912 2174 3955 sum·

155 3975 277 4057 pitium
309 3976 450 4039 nolromus
478 3974 634 4056 polliceri,
663 3975 699 4037 in
727 3973 887 4039 Christum
913 3974 1014 4037 solum
1042 3973 1143 4037 mulas
1195 3974 1241 4035 mi
1269 3972 1386 4038 iudicis
1413 3973 1558 4037 tribunal
1591 3974 1842 4040 absolveremur.
1888 3973 1925 4040 Si
1949 3998 1969 4038 a
1989 3976 2176 4041 latronibus

161 4066 333 4141 nantesque
353 4062 480 4144 deipara
501 4061 654 4138 manserit,-
682 4066 718 4123 nt
737 4082 771 4124 rc
792 4081 865 4124 cera
888 4081 948 4141 per
969 4061 1074 4141 ipsum
1096 4078 1141 4123 so
1167 4048 1170 4121 l
1194 4058 1362 4141 iugulatus
1389 4059 1518 4138 fuisset,
1547 4059 1575 4124 si
1603 4060 1815 4126 tumultuarie
1842 4063 2047 4144 privatorum
2068 4063 2174 4126 mani·

163 4145 230 4210 luni
250 4149 472 4229 consequimur,
494 4167 533 4210 ue
553 4148 743 4227 imputentur
759 4146 847 4210 nobis
857 4150 992 4228 pomata,
1011 4165 1142 4226 quonum
1194 4145 1255 4208 bns
1283 4166 1343 4227 per
1370 4145 1562 4209 seditionem
1591 4145 1789 4226 trucidatus,
1818 4148 1854 4211 in
1881 4148 2041 4212 eiusmodi
2069 4157 2174 4213 irione

161 4233 326 4314 imputatio
347 4235 431 4297 iram
452 4232 517 4296 Dei
536 4253 639 4297 seorim
660 4232 763 4296 trabit.
1194 4229 1287 4294 nulla
1314 4231 1544 4296 subelectionis
1573 4234 1695 4314 species
1724 4234 1912 4299 exstitisset.
1963 4234 2090 4298 Verum
2115 4234 2173 4297 ubi

251 4323 301 4383 21.
346 4320 450 4401 Atque
471 4319 665 4383 laceratione
686 4319 762 4383 dicit
780 4318 905 4383 Paulus
925 4316 1025 4402 (Eph.
1049 4323 1075 4395 1,
1095 4316 1141 4401 4),
1194 4337 1270 4381 reus
1303 4317 1345 4380 ad
1378 4317 1525 4382 tribunal
1551 4319 1694 4396 sistitur,
1731 4319 1928 4385 testimoniis
1961 4321 2111 4404 arguitur
2140 4326 2174 4382 et

161 4424 233 4468 eanr
257 4405 459 4483 diletionem,
483 4425 547 4485 qua
567 4425 624 4468 nos
641 4410 710 4468 aute
730 4405 842 4469 munuli
864 4404 1044 4468 creationem
1065 4423 1142 4468 com
1168 4454 1170 4485 ,
1194 4404 1369 4484 premitur,
1397 4404 1499 4485 ipsius
1532 4404 1648 4470 iudicis
1671 4424 1727 4469 ore
1754 4407 1852 4469 morti
1882 4405 2102 4483 adiudicatnr,
2130 4405 2173 4468 iis

154 4491 274 4573 merus
299 4497 343 4555 est
360 4492 463 4570 Deus,
487 4493 522 4554 in
546 4489 667 4555 Clrristo
694 4492 863 4554 coristitisse
891 4509 928 4554 ae
951 4490 1052 4571 scrisse
1071 4491 1144 4571 turr-
1168 4500 1171 4639 ,
1196 4489 1400 4553 documentis
1441 4490 1656 4573 intelligimus
1694 4492 1803 4573 ipsum
1841 4492 1954 4557 miseri
1994 4491 2173 4573 peccatoris

160 4576 279 4641 datam
313 4577 400 4642 Haec
411 4578 583 4659 perspicuo
603 4581 677 4640 sunt
697 4581 724 4641 et
745 4577 918 4657 scripturae
934 4596 1142 4655 miseraute,
1195 4595 1370 4657 personam
1395 4576 1565 4640 sustinere.
1611 4578 1662 4641 Ae
1689 4577 1753 4641 duo
1774 4577 1906 4659 quidem
1935 4577 1989 4642 hio
2018 4585 2095 4640 sunt
2116 4576 2172 4639 ob-

159 4661 301 4743 latasque
335 4664 403 4728 illos
436 4664 548 4745 optime
575 4664 654 4727 inter
679 4681 712 4726 se
739 4662 915 4740 conciliant,
947 4661 1002 4725 ubi
1028 4662 1145 4726 dicitur
1168 4642 1171 4669 ¹
1196 4658 1372 4740 servanda,
1400 4681 1484 4742 quae
1506 4669 1540 4726 et
1559 4663 1795 4746 prophetarum
1820 4664 1982 4729 vabciniis
2007 4661 2174 4744 praedicta

177 4747 271 4813 Iean.
292 4753 320 4825 3,
344 4752 408 4833 lt),
436 4750 541 4813 lteram
563 4768 656 4813 suam
677 4769 750 4833 erqo
771 4769 828 4813 uos
849 4748 1036 4813 dilectionem
1056 4749 1090 4811 in
1111 4769 1143 4812 eo
1168 4684 1172 4821 l
1196 4757 1306 4826 erant,
1336 4754 1369 4809 et
1390 4748 1545 4819 exinniam
1567 4748 1645 4813 fidei
1667 4750 1922 4814 consolationem
1945 4756 1978 4811 et
2000 4750 2173 4813 confirma-

249 4855 338 4900 rasse
359 4836 439 4916 quael
460 4836 656 4917 nnipeuitum
679 4836 782 4916 filium
812 4835 844 4897 iu
864 4839 991 4898 ermetem
1012 4834 1143 4898 dederit:
1169 4828 1172 4881 l
1196 4828 1319 4897 tionem
1347 4832 1481 4898 addunt.
1528 4832 1641 4915 Quum
1665 4837 1754 4899 enim
1776 4833 1946 4900 Christum
1969 4833 2129 4913 audimus,
2152 4853 2174 4898 a

161 4925 193 4985 et
208 4920 1145 5008 minero(Rom.5,10)fuisseinimicum,autequammorte
1196 4917 1312 4982 indicis
1340 4919 1421 4982 solio
1450 4917 1492 4983 ad
1519 4928 1658 4984 mortem
1687 4920 1872 4999 dimissum,
1908 4921 1997 4984 inter
2029 4920 2174 4984 latrones

163 5002 285 5071 Gbristi
305 5007 340 5071 in
356 5008 495 5091 qratiam
512 5008 654 5072 redamus
672 5012 754 5071 esset.
795 5006 910 5070 Verum
926 5026 986 5087 qno
1000 5006 1145 5087 densiora
1196 5026 1267 5069 esse
1287 5026 1498 5087 suspensum,
1527 5005 1686 5070 habemus
1708 5006 1983 5087 complementum
2006 5007 2076 5071 eius
2098 5026 2173 5088 pro-

159 5092 228 5156 sint
244 5095 331 5175 aprcd
348 5115 397 5158 eos
415 5095 470 5176 qui
487 5095 596 5157 veteris
613 5093 752 5157 amasiae
766 5093 972 5156 testimenium
987 5112 1106 5173 seraper
1119 5095 1144 5177 ¹)
1196 5091 1342 5175 photiae,
1372 5111 1455 5173 quae
1476 5091 1517 5155 ab
1539 5090 1743 5174 evangelista
1769 5093 1903 5156 citatur:
1933 5093 2020 5156 inter
2045 5093 2173 5175 iniquos

236 5367 265 5434 1)
284 5385 392 5437 semper
411 5370 492 5421 omitt.
512 5366 581 5421 1560
598 5382 667 5438 seqq.
1267 5366 1297 5433 1)
1315 5366 1403 5419 Triict.
1423 5367 1451 5419 in
1469 5366 1598 5435 Evangel.
1616 5367 1708 5420 lesan.
1728 5365 1786 5429 110.
1805 5365 1829 5419 6.
