4770 6030
127 292 142 390 ἶ
161 340 221 402 εει
402 333 501 399 osu.
524 331 620 397 xiv.
644 330 779 437 (vm.)⁸
815 334 878 398 nn
900 331 1373 401 remensumsmonn
1395 332 1455 421 nr
1477 330 1802 398 raovmnnrm
1823 333 1915 399 uni.
2100 338 2163 401 aar
2202 277 2208 288 ⁹

161 449 275 517 Anae,
296 448 409 515 cesa,
427 433 543 521 caca]

162 534 212 591 est
232 524 324 588 nobis
342 529 445 598 meta,
468 528 666 603 quantopere
692 522 889 601 insanimus,
913 530 1008 588 extra
1028 525 1135 606 ipsum
1188 521 1314 588 Christi
1333 543 1464 586 rursum
1480 521 1632 585 deficiant
1653 521 1693 585 ab
1711 542 1748 584 eo
1772 527 1806 584 et
1823 529 1985 587 corruant.
2036 524 2107 587 Imo
2126 545 2165 589 eo

161 609 346 694 quaerendo
374 607 460 690 quod
491 607 585 670 etin
612 608 681 689 ipso
709 609 775 671 iarn
797 611 985 690 consequuti
1013 631 1134 687 sumus,
1187 609 1258 691 ipso
1288 608 1373 685 loco,
1405 608 1461 672 ubi
1489 606 1604 672 asserit
1629 607 1794 670 neminem
1821 609 1956 688 periisse
1982 632 2024 672 ex
2049 610 2089 674 iis
2110 611 2165 692 qui

161 704 195 762 et
226 697 261 759 in
294 696 361 760 solo
388 696 457 776 ipso
486 693 627 757 inveniri
654 692 779 774 potest?
832 695 1009 759 Praeterea
1035 717 1136 778 quum
1188 695 1249 758 sibi
1270 716 1290 757 a
1311 701 1405 775 patre
1428 692 1496 757 dati
1517 694 1663 769 fucrant,
1688 693 1809 774 excipit
1830 700 1940 757 tamen
1962 695 2067 758 filium
2090 718 2165 778 per·

161 785 204 847 sit
236 790 370 845 aeterna
405 780 508 861 patris
547 779 719 859 sapientia,
758 780 969 845 immutabilis
1004 782 1134 859 veritas,
1188 779 1327 843 ditionis.
1379 779 1507 843 Verum
1534 788 1583 843 est
1610 777 1643 841 id
1673 778 1820 859 quidem;
1854 778 1911 843 sed
1939 802 2039 862 aeque
2065 782 2165 845 etiam

161 871 266 934 fixum
294 865 478 942 consilium,
511 885 578 926 non
606 872 655 928 est
682 863 877 944 timendum,
907 888 948 930 ne
970 866 1056 948 quod
1078 887 1136 930 suo
1188 873 1329 943 certum,
1364 886 1533 946 nunquam
1566 886 1605 928 ea
1638 863 1744 929 cordis
1770 863 1890 929 fiducia
1922 866 2004 931 talos
2031 866 2165 932 Christo

161 975 310 1020 sermone
330 952 423 1015 nobis
444 958 585 1026 enarrat,
609 950 649 1014 ab
672 949 729 1013 illa
751 971 849 1031 quam
871 953 1058 1033 quaerimus
1078 973 1136 1034 pa
1189 951 1391 1028 adhaesisse,
1427 972 1492 1033 qua
1525 950 1621 1013 nobis
1647 950 1812 1014 electionis
1842 950 2071 1016 'certitudinem
2098 961 2165 1018 sta-

161 1042 220 1104 tris
242 1039 410 1103 voluntate
433 1035 485 1098 vel
507 1036 679 1098 minimum
700 1037 814 1114 variet,
838 1038 917 1118 quin
938 1038 1045 1118 potius
1064 1059 1136 1100 eam
1188 1037 1275 1102 biliri
1298 1036 1376 1100 dico.
1416 1032 1580 1100 Exierrmt
1602 1036 1739 1113 euobis,
1762 1037 1870 1118 inquit
1889 1036 2030 1103 Ioannes
2049 1037 2081 1121 (l
2102 1040 2164 1121 Ep.

160 1125 300 1191 fideliter
318 1123 411 1187 nobis
434 1123 547 1202 aperit,
569 1121 675 1201 qualis
697 1120 738 1185 ab
759 1123 851 1185 initio
873 1123 935 1186 fuit
953 1145 990 1187 ac
1009 1144 1137 1205 semper
1189 1121 1311 1207 2,19),
1342 1121 1398 1186 sed
1427 1144 1445 1185 e
1472 1122 1565 1186 nobis
1593 1144 1660 1185 non
1687 1129 1794 1199 erant;
1826 1123 1853 1185 si
1878 1123 2016 1187 fuissent
2037 1125 2166 1189 enimc

159 1213 271 1276 futura
293 1218 349 1274 est.
1188 1209 1291 1286 nobis,
1314 1209 1570 1290 permansissent
1591 1209 1701 1289 utique
1723 1207 1899 1272 nobiscum.
1939 1209 2008 1274 Nec
2029 1211 2164 1289 inficior,

248 1300 298 1358 27.
354 1292 489 1357 Accedit
528 1290 569 1355 ad
602 1291 830 1356 stabiliendam
868 1291 1021 1357 fiduciam
1053 1314 1136 1376 quae
1188 1295 1268 1376 quin
1295 1294 1439 1358 habeant
1465 1294 1643 1359 vocationis
1672 1293 1791 1357 similia
1817 1316 1892 1358 cum
1917 1294 2027 1359 electis
2057 1297 2164 1379 signa;

161 1405 236 1448 oum
264 1379 431 1446 vocatione
459 1384 570 1441 nostra
597 1378 807 1461 coniungitur
834 1378 999 1444 electionis
1032 1380 1135 1443 firmi-
1188 1379 1246 1444 sed
1273 1379 1356 1443 illud
1383 1391 1509 1445 certum
1530 1379 1696 1443 electionis
1719 1378 1991 1455 stabilimentum,
2019 1381 2104 1462 quod
2126 1383 2165 1446 fi-

161 1468 247 1532 tudo.
293 1464 384 1546 Quos
406 1465 494 1528 enim
518 1463 658 1527 nominis
683 1465 734 1527 sui
762 1485 798 1528 co
823 1463 945 1528 uitione
970 1465 1135 1529 illumina·
1188 1464 1277 1529 deles
1305 1486 1325 1529 a
1352 1466 1451 1530 verbo
1479 1465 1641 1547 evangelii
1668 1474 1778 1546 petere
1806 1465 1914 1543 iubeo,
1943 1465 2009 1530 illis
2031 1468 2166 1532 minime

160 1562 210 1617 tos
236 1555 272 1616 in
299 1551 452 1615 ecclesiae
475 1570 553 1613 suae
574 1550 773 1612 consortium
795 1485 950 1614 doristus
977 1550 1135 1626 adsciscit,
1188 1549 1336 1616 concedo.
1369 1549 1591 1630 Quamobrem
1612 1549 1768 1614 eiusmodi
1789 1551 1940 1633 exempla
1961 1573 2165 1634 nequaquam

161 1662 215 1704 eos
249 1637 366 1702 dieitur
405 1637 441 1699 in
478 1633 578 1698 fidem
616 1633 815 1717 tutelamque
849 1656 942 1699 suem
982 1637 1133 1718 recipere.
1188 1658 1247 1700 nos
1274 1643 1501 1718 permoveant,
1530 1637 1703 1719 quominus
1728 1637 1765 1699 in
1791 1636 1927 1700 Domini
1952 1639 2165 1719 promissione

162 1724 380 1804 Quoscunque
402 1728 511 1786 autem
533 1721 661 1802 recipit,
690 1721 719 1783 ei
742 1742 762 1784 a
788 1727 880 1802 patre
901 1723 1065 1786 commissi
1087 1721 1135 1785 di·
1188 1721 1357 1805 tranquilli
1379 1723 1615 1798 recumbamus,
1638 1722 1694 1786 ubi
1715 1723 1906 1804 pronuntiat
1924 1730 2053 1805 epatre
2072 1725 2164 1790 datos

161 1816 281 1875 cuntur
310 1830 347 1872 ac
372 1805 562 1883 concrediti,
594 1815 632 1869 ut
659 1807 691 1869 in
715 1807 817 1870 vitam
840 1814 1007 1871 aeternam
1028 1814 1135 1872 custo-
1188 1829 1259 1872 esse
1282 1808 1343 1872 sibi
1364 1829 1491 1885 omnes,
1522 1809 1679 1889 aquibus
1699 1829 1779 1872 vera
1800 1807 1864 1872 fide
1886 1810 2055 1890 recipitur,
2085 1832 2164 1892 quo-

161 1896 301 1959 diantur.
357 1891 445 1973 Quid
476 1891 570 1955 nobis
597 1892 769 1956 volumus?
808 1892 929 1971 clamat
960 1893 1027 1957 alta
1057 1914 1135 1959 voce
1187 1915 1263 1957 rum
1283 1915 1388 1973 nemo,
1412 1915 1446 1958 se
1468 1894 1600 1959 custode
1622 1915 1659 1958 ac
1680 1902 1819 1975 pastore,
1842 1895 2006 1975 periturus
2028 1896 2080 1959 sit.
2111 1896 2163 1961 De

161 1980 313 2045 Christus
332 1979 435 2061 (Ioan.
456 1980 484 2053 6,
504 1980 553 2039 37.
574 1980 613 2039 39
626 1985 659 2042 et
673 1981 720 2056 17,
742 1981 769 2040 6.
792 1977 855 2062 12),
877 1983 1032 2060 quotquot
1042 1987 1136 2060 pater
1187 1978 1272 2044 Iuda
1292 2000 1370 2043 mox
1392 1978 1526 2044 dicetur.
1570 1978 1696 2043 Paulus
1717 2001 1784 2043 non
1805 1979 1985 2061 simplicem
2007 1982 2164 2046 securite-

162 2066 268 2131 salvos
291 2087 361 2129 esse
383 2063 472 2140 velit,
496 2084 550 2127 eos
573 2063 633 2127 sibi
651 2063 686 2126 in
703 2064 936 2145 protectionem
953 2063 1134 2129 tradidisse.
1187 2073 1255 2129 tem
1276 2063 1474 2129 Christianis
1496 2063 1676 2142 dissuadet3
1705 2064 1761 2129 sed
1790 2066 1941 2147 supinam
1964 2087 2001 2131 ao
2024 2067 2164 2131 solutam

160 2153 251 2235 Ergo
273 2152 301 2214 si
324 2149 441 2215 rescire
463 2148 550 2225 libet,
574 2169 616 2211 an
634 2149 705 2213 Deo
727 2170 824 2213 curae
844 2151 886 2215 sit
902 2158 1015 2214 nostra
1036 2150 1134 2227 salus,
1188 2151 1295 2215 carnis
1317 2151 1539 2233 securitatem,
1562 2171 1644 2232 quae
1666 2150 1803 2228 fastum,
1825 2153 2061 2234 arrogantiam,
2085 2153 2164 2217 alio-

160 2258 355 2321 quaeramus
383 2256 425 2298 an
453 2233 585 2298 Christo
614 2234 902 2299 commendaverit:
932 2257 1029 2318 quem
1058 2257 1136 2301 con·
1187 2258 1264 2301 rum
1285 2242 1505 2321 contemptum
1528 2256 1638 2301 secum
1661 2235 1780 2313 trahat,
1802 2235 2021 2301 humilitatem
2040 2239 2175 2303 eustin-v

161 2324 267 2388 stituit
288 2323 422 2386 unicum
444 2341 577 2384 suorum
598 2321 744 2383 omnium
766 2320 970 2386 salvatorem.
1015 2322 1136 2386 Iamsi
1188 2329 1283 2405 guat,
1311 2343 1349 2387 ao
1376 2322 1594 2387 reverentiam
1622 2321 1759 2384 Domini
1791 2329 2005 2404 acceptaeque
2039 2325 2164 2406 gratiae

161 2408 356 2485 dubitamus,
380 2428 422 2470 an
444 2406 545 2470 simus
567 2427 587 2469 a
609 2404 742 2470 Christo
763 2407 798 2469 in
819 2406 919 2471 fidem
940 2406 1135 2472 custodiam·
1188 2408 1384 2473 oblivionem
1406 2407 1549 2473 inducat.
1594 2405 1744 2472 Gentiles
1767 2407 1854 2469 enim
1877 2407 2060 2488 alloquitur,
2084 2431 2164 2493 quos

161 2517 223 2577 que
246 2493 375 2576 recepti,
398 2492 453 2556 illc
475 2490 670 2556 dubitationi
692 2493 846 2568 occurrit,
871 2491 950 2556 dum
971 2514 1005 2556 se
1027 2503 1135 2575 pasto-
1188 2493 1297 2572 docet,
1321 2515 1387 2558 non
1406 2515 1476 2558 esse
1498 2491 1629 2558 Iudaeis
1651 2491 1788 2574 superbe
1810 2499 1843 2556 et
1866 2492 2091 2559 inhumaniter
2113 2496 2164 2559 111-

160 2603 232 2646 rem
254 2582 368 2662 sponte
390 2578 494 2655 offert,
519 2599 556 2642 ao
578 2578 612 2640 in
634 2578 745 2641 ovium
768 2599 901 2641 suarum
919 2599 1054 2642 numero
1076 2597 1135 2642 nos
1188 2578 1392 2658 saltandum,
1421 2578 1494 2643 ideo
1520 2579 1596 2661 quia
1624 2579 1703 2660 ipsis
1734 2577 1891 2643 abdicatis
1918 2579 2088 2643 incorum
2117 2581 2164 2645 lo-

104 2730 111 2740 ,
160 2667 228 2731 fore
257 2665 462 2748 pronuntiat,
492 2664 519 2727 si
548 2684 661 2727 vocem
688 2684 781 2728 suam
811 2662 990 2728 audiamus.
1038 2663 1135 2728 chri-
1188 2686 1263 2729 cum
1295 2665 1462 2730 substituti
1495 2671 1611 2730 essent
1662 2664 1826 2727 Timorem
1859 2684 1985 2753 quoque
2017 2667 2162 2747 requirit,

161 2763 249 2817 stum
270 2772 347 2834 ergo
369 2751 509 2832 benigne
532 2749 625 2812 nobis
643 2749 835 2829 expositum,
859 2756 893 2812 et
914 2751 1044 2815 obviam
1060 2769 1135 2831 pro·
1187 2772 1255 2814 non
1277 2772 1340 2832 quo
1360 2751 1558 2816 consternati
1580 2749 1742 2828 vacillent,
1764 2749 1821 2814 sed
1843 2751 1897 2830 qui
1921 2749 1963 2814 ad
1985 2751 2163 2831 suspicien-

162 2838 315 2903 deuutem
348 2835 590 2918 amplectemur.
646 2833 708 2898 Ille
741 2844 850 2898 autem
882 2856 942 2900 nos
974 2836 1008 2898 in
1036 2856 1136 2918 grego
1188 2835 1264 2900 dam
1286 2836 1454 2901 humiliter
1475 2837 1538 2901 Dei
1560 2837 1700 2920 gratiam
1722 2856 1781 2899 nos
1802 2835 1993 2912 instituens,
2016 2836 2099 2899 nihil
2122 2859 2163 2901 ex
2229 2897 2231 2901 ,

161 2946 219 2988 suo
240 2922 434 2998 recensebit,
458 2927 491 2984 ct
511 2922 597 2984 inter
618 2942 678 2984 sua
699 2927 791 3002 septa
812 2920 979 2986 conclusos
1001 2921 1134 2985 tenebit
1188 2922 1387 2987 eiusfiducia
1400 2923 1574 2986 dIminuat:
1592 2920 1865 3002 quemadmodum
1880 2920 1956 2984 alibi
1967 2921 2090 2986 dictum
2103 2928 2179 2987 est(

161 3011 208 3073 At
240 3009 327 3072 subit
358 3008 460 3071 futuri
493 3014 597 3070 status
631 3006 787 3070 anxietas.
832 3007 919 3070 Nam
946 3014 985 3070 ut
1010 3006 1136 3071 Paulus
1275 3011 1324 3071 29.
1369 3007 1457 3071 lllud
1483 3008 1621 3071 Domini
1647 3008 1798 3084 verbum,
1829 3006 1869 3071 de
1895 3007 2008 3071 multis
2030 3009 2162 3087 vocatis,

162 3095 271 3170 (Rom.
297 3101 325 3171 8,
352 3092 407 3176 30)
435 3093 544 3156 vocari
571 3091 665 3156 docet
692 3093 748 3174 qui
780 3084 874 3156 elbcti
902 3102 978 3157 ante
1004 3093 1134 3170 fuerint,
1187 3094 1300 3175 paucis
1322 3101 1432 3169 autem
1454 3093 1579 3170 electis,
1607 3093 1747 3173 pessime
1769 3093 1804 3154 in
1826 3114 1902 3156 eum
1923 3092 2057 3157 modum
2079 3095 2163 3159 acci-

161 3181 208 3243 ita
233 3178 384 3243 Christus
415 3179 550 3259 (Matth.
576 3181 632 3255 22,
661 3176 713 3261 14)
746 3177 889 3242 ostendit
918 3178 1037 3243 multos
1065 3198 1136 3243 esse
1187 3180 1283 3262 pitur.
1324 3179 1372 3245 Ut
1392 3200 1585 3263 germanum
1607 3199 1741 3243 sensum
1762 3177 1949 3257 habeamus,
1972 3179 2162 3262 notandum,

161 3272 301 3343 vocatos,
328 3286 448 3346 paucos
471 3285 547 3328 vero
569 3263 696 3328 electos.
742 3261 832 3342 Quin
851 3265 949 3327 etiam
966 3265 1036 3346 ipse
1057 3286 1136 3346 quo·
1188 3262 1352 3347 duplicem
1372 3286 1442 3330 esse
1463 3265 1641 3330 vocationis
1663 3264 1811 3346 speciem.
1844 3265 1907 3327 Est
1924 3265 2012 3328 enim
2030 3266 2164 3329 univcr-

51 3405 59 3423 ,
162 3372 224 3432 que
246 3350 370 3414 Paulus
393 3349 470 3412 alibi
493 3349 525 3429 (l
547 3348 621 3413 Gor.
644 3354 691 3426 10,
713 3348 768 3431 12)
791 3351 1001 3414 asecuritate
1019 3349 1136 3414 dehor·
1188 3351 1265 3416 salis
1292 3352 1433 3428 vocatio,
1456 3372 1535 3432 qua,
1563 3371 1623 3432 per
1644 3357 1815 3413 externam
1839 3350 1929 3414 verbi
1950 3349 2163 3431 praedicatio-

162 3445 265 3500 tatur:
291 3437 345 3516 qui
366 3436 448 3498 beno
469 3442 547 3512 stat,
570 3436 690 3517 inquit,
715 3434 886 3499 videatne
908 3435 1011 3500 eadat
1051 3435 1137 3499 Item
1188 3458 1264 3501 nem
1291 3457 1404 3502 omnes
1431 3437 1554 3518 pariter
1581 3435 1623 3500 ad
1645 3457 1680 3500 sc
1700 3436 1821 3499 invitat
1841 3436 1948 3513 Deus,
1972 3436 2070 3499 etiam
2093 3437 2164 3517 qui-

164 3520 434 3607 (1101111120)
464 3521 605 3585 insertus
638 3542 673 3583 os
700 3521 736 3582 in
764 3520 921 3602 populum
949 3520 1035 3586 Dei?
1069 3520 1136 3584 noli
1188 3523 1249 3587 bus
1271 3545 1344 3586 earn
1364 3522 1400 3585 in
1426 3522 1540 3586 mortis
1563 3521 1695 3586 odorem
1722 3528 1755 3584 et
1780 3521 1940 3604 gravioris
1967 3519 2164 3585 condemna·

121 3648 124 3653 ·
163 3608 344 3689 superbire,
376 3605 433 3670 scd
461 3607 554 3684 time3
583 3614 689 3687 potest
716 3607 804 3669 enim
825 3607 917 3671 Deus
945 3615 977 3670 ῖθ
1004 3628 1136 3670 rursum
1188 3609 1286 3673 tionis
1306 3609 1478 3672 materiam
1498 3609 1657 3689 proponit.
1701 3607 1765 3670 Est
1785 3606 1889 3669 altera
1910 3605 2072 3687 specialis,
2100 3628 2166 3689 qua

159 3693 339 3770 succidere,
365 3700 402 3756 ut
421 3692 500 3754 alios
523 3692 655 3755 inserat.
701 3693 851 3774 Denique
871 3693 942 3774 ipsa
964 3693 1136 3775 experien·
1189 3693 1431 3776 utplurimum
1458 3693 1541 3758 solos
1570 3693 1682 3757 fideles
1707 3691 1875 3775 dignatur:
1912 3691 1991 3755 dum
2018 3693 2165 3756 interiori

159 3781 205 3843 tia
235 3781 313 3844 satis
336 3779 505 3855 docemur,
534 3778 628 3859 parvi
651 3799 721 3840 esse
743 3779 945 3842 vocationem
968 3800 1005 3843 ao
1027 3778 1135 3857 lidom,
1190 3781 1240 3845 sui
1267 3780 1399 3861 spiritus
1428 3779 1664 3843 illuminatione
1689 3778 1801 3856 efficit,
1840 3790 1879 3839 ut
1905 3778 2042 3842 verbum
2070 3799 2166 3860 prue-

159 3868 223 3930 nisi
250 3864 382 3930 accedat
406 3864 662 3945 perseverantia,
692 3884 774 3944 quae
796 3885 862 3927 non
884 3865 1035 3928 omnibus
1060 3885 1137 3929 con·
1191 3864 1334 3930 dicatum
1356 3885 1470 3929 eorum
1491 3863 1641 3930 cordibus
1669 3862 1816 3927 insideat
1861 3862 2033 3926 Interdum
2055 3870 2166 3929 tamen

159 3953 266 4034 tingit.
316 3949 385 4015 Sed
418 3951 507 4012 euim
544 3950 607 4012 iste
640 3947 856 4014 sollicitudine
894 3950 1046 4014 liberavit
1078 3970 1137 4014 nos
1189 3952 1230 4015 iis
1251 3971 1378 4034 quoque
1399 3951 1599 4031 impertitur,
1623 3948 1768 4031 quos,ad
1790 3955 1918 4030 tempus
1940 3949 2108 4014 duntaxat
2127 3950 2168 4014 il·

114 4078 118 4086 ·
160 4036 328 4114 Christum
355 4057 433 4100 nam
466 4037 501 4097 in
539 4042 704 4116 posterum
737 4045 823 4098 certe
850 4037 1027 4118 respiciunt
1054 4037 1138 4101 istae
1189 4036 1343 4114 luminat;
1379 4034 1495 4100 deinde
1523 4057 1601 4100 suae
1630 4033 1876 4118 ingratitudinis
1903 4035 2020 4099 merito
2048 4034 2169 4099 deserit

159 4124 389 4204 promissiones
422 4120 527 4203 (Ioan.
554 4124 582 4197 6,
608 4124 646 4182 37
671 4127 704 4184 θῖ
726 4125 796 4205 40);
832 4143 927 4185 omne
960 4121 1045 4203 quod
1082 4119 1139 4184 dat
1190 4129 1224 4186 et
1244 4123 1359 4186 maiori
1380 4122 1522 4205 percutit
1543 4122 1705 4187 caecitate.
1736 4119 1808 4184 Iam
1831 4140 1931 4201 quum
1954 4120 2082 4185 videret
2100 4120 2167 4183 Do·

161 4207 243 4270 mihi
271 4215 378 4289 pater,
408 4206 448 4270 ad
477 4227 529 4270 me
556 4206 680 4284 veniet3
709 4214 742 4269 et
769 4228 843 4270 eum
872 4208 927 4290 qui
948 4208 1076 4272 venerit
1096 4206 1138 4271 ad
1189 4208 1299 4272 miuus
1320 4207 1528 4291 evangelium
1548 4206 1614 4272 lato
1633 4206 1792 4290 longeque
1815 4206 1989 4288 publicari,
2013 4228 2033 4269 a
2055 4204 2168 4270 multis

107 4323 112 4341 ·
160 4315 228 4370 me,
264 4314 330 4356 non
359 4293 483 4356 eiiciam
511 4292 606 4355 foras.
657 4292 757 4354 Item:
792 4292 872 4357 haec
905 4302 955 4357 est
986 4292 1137 4358 voluntas
1188 4315 1267 4359 vero
1288 4294 1405 4376 respui,
1419 4293 1444 4378 ¹)
1473 4292 1665 4375 aplurimis
1692 4292 1893 4374 contemptui
1921 4291 2051 4367 haberi,
2080 4290 2168 4373 apud

161 4381 231 4443 eius
253 4380 308 4461 qui
329 4379 419 4442 misit
440 4399 492 4441 me
514 4378 625 4458 patris,
650 4399 692 4440 ne
714 4375 791 4458 quid
813 4378 948 4459 perdam
970 4400 1012 4442 ex
1033 4379 1137 4442 omni·
1189 4400 1309 4462 paucos
1329 4380 1415 4443 iusto
1437 4380 1472 4443 in
1493 4379 1597 4460 pretio
1617 4398 1697 4462 esse,
1715 4378 1824 4442 Deum
1843 4378 1902 4442 sub
1920 4378 2007 4460 regis
2025 4397 2166 4457 persona

161 4465 222 4530 bus
248 4486 330 4545 quae
358 4463 448 4527 dedit
476 4463 573 4539 mihi,
602 4462 660 4526 sed
688 4464 878 4528 resuscitem
900 4485 939 4528 ea
965 4465 1000 4527 in
1027 4464 1137 4529 novis·
1188 4466 1281 4530 nobis
1310 4463 1464 4530 describit
1493 4463 1627 4549 (Matth.
1648 4467 1697 4542 22,
1720 4469 1734 4526 1
1756 4463 1873 4547 seqq),
1902 4463 1957 4545 qui
1978 4462 2165 4526 convivium

162 4543 258 4614 simo‘·
274 4551 334 4614 die.
384 4551 469 4613 Item
499 4547 765 4632 (Ioan.10,27):
801 4570 877 4614 oves
905 4571 996 4614 meae
1024 4570 1136 4614 vocem
1188 4550 1320 4616 solenne
1341 4551 1516 4615 instituens
1537 4557 1704 4616 vocatores
1726 4571 1801 4614 suos
1821 4550 2070 4630 circumquaque
2087 4548 2164 4610 mit-

162 4659 270 4701 meam
293 4635 430 4700 audiunt
457 4642 489 4698 et
511 4642 693 4715 sequuntur
711 4655 779 4713 me;
808 4655 867 4718 ego
891 4656 1049 4718 cognosco
1071 4657 1135 4712 eas,
1189 4644 1253 4714 tat,
1276 4635 1317 4701 ad
1338 4657 1493 4719 magnam
1515 4637 1646 4701 turbam
1666 4635 1885 4711 invitandam,
1920 4633 2165 4714 apaucissimis

162 4731 195 4787 et
227 4724 331 4786 vitam
358 4728 525 4785 aeternam
553 4719 593 4783 do
622 4721 683 4798 eis,
711 4741 771 4785 nec
796 4722 950 4803 peribunt
975 4722 1009 4785 in
1032 4728 1136 4784 aeter-
1189 4727 1299 4787 tamen
1325 4723 1502 4804 impetrare
1525 4730 1637 4804 queat,
1666 4722 1743 4803 quia
1765 4741 1825 4802 pro
1846 4742 1880 4784 se
1902 4721 2039 4801 quisque
2061 4719 2166 4800 impe·

162 4830 257 4888 num,
290 4829 396 4889 neque
428 4807 532 4888 rapiet-
564 4826 618 4870 eas
645 4806 815 4887 quisquam
849 4807 889 4870 de
921 4828 1022 4871 manu
1053 4827 1134 4870 mea.
1190 4806 1335 4872 dimenta
1360 4813 1526 4886 causeam
1555 4817 1593 4872 ut
1614 4806 1747 4871 tandem
1768 4805 1996 4893 recusantibus
2023 4803 2088 4869 illis
2111 4825 2164 4868 oo-

161 4894 262 4958 Pater
282 4895 337 4977 qui
359 4892 448 4957 dedit
470 4891 566 4969 mihi,
594 4891 697 4955 maior
724 4892 873 4957 omnibus
896 4900 959 4972 ost;
987 4900 1020 4956 et
1041 4912 1136 4956 nemo
1190 4901 1287 4976 gatur
1314 4915 1332 4957 e
1358 4894 1464 4959 triviis
1491 4894 1623 4959 obvium
1652 4891 1828 4974 quemlibet
1856 4911 2030 4956 accersere.
2075 4889 2165 4955 Hac·

162 4986 268 5058 potest
293 5001 407 5061 rapere
430 4977 469 5042 de
491 4998 592 5043 manu
617 4977 721 5059 patris
749 4978 822 5041 moi.
868 4977 957 5059 Quid
979 4979 1056 5043 hinc
1078 4998 1137 5042 nos
1190 4986 1286 5043 tenus
1306 4977 1347 5043 de
1366 4985 1503 5045 externa
1522 4978 1690 5056 vocatione
1712 4975 1959 5060 intelligendam
1975 4975 2167 5060 parabolam

163 5058 286 5128 discere
307 5065 410 5128 voluit
432 5063 593 5139 Christus,
616 5062 680 5126 nisi
703 5070 740 5127 ut
761 5063 962 5129 confidamus
982 5070 1136 5146 perpetuo
1827 5104 1829 5109 -

164 5168 223 5210 nos
244 5149 312 5211 fore
334 5150 449 5227 salvos,
473 5151 549 5233 quia
570 5148 657 5212 illius
680 5149 781 5213 semel
803 5149 880 5215 facti
901 5149 1037 5214 sumus?

251 5235 300 5294 28.
345 5236 391 5297 At
412 5235 553 5316 quotidie
575 5233 701 5314 accidit,
723 5236 833 5318 utqui
849 5235 1047 5303 Videbantur
1066 5256 1137 5302 esse
1260 5253 1289 5320 l)
1307 5269 1324 5304 a
1339 5253 1432 5306 multis
1451 5269 1516 5305 vero
1534 5251 1626 5321 respui
1643 5251 1726 5305 omitt
1745 5248 1812 5305 1543
1830 5265 1899 5319 seqq.

235 5333 344 5385 Coloini
359 5351 449 5401 opero.
490 5339 545 5392 Vol.
567 5337 591 5391 Ι.
1921 5334 1956 5389 116
