<?xml version="1.0" encoding="UTF-8"?>
<!DOCTYPE html PUBLIC "-//W3C//DTD XHTML 1.0 Transitional//EN"
    "http://www.w3.org/TR/xhtml1/DTD/xhtml1-transitional.dtd">
<html xmlns="http://www.w3.org/1999/xhtml" xml:lang="en" lang="en">
 <head>
  <title>
</title>
<meta http-equiv="Content-Type" content="text/html;charset=utf-8" />
  <meta name='ocr-system' content='tesseract 3.04.00' />
  <meta name='ocr-capabilities' content='ocr_page ocr_carea ocr_par ocr_line ocrx_word'/>
</head>
<body>
  <div class='ocr_page' id='page_1' title='image "./ioanniscalvinio05calvgoog_0291.png"; bbox 0 0 4770 6030; ppageno 0'>
   <div class='ocr_carea' id='block_1_1' title="bbox 204 332 2211 404">
    <p class='ocr_par' dir='ltr' id='par_1_1' title="bbox 204 332 2211 404">
     <span class='ocr_line' id='line_1_1' title="bbox 204 332 2211 404; baseline -0.001 -1"><span class='ocrx_word' id='word_1_1' title='bbox 204 342 266 404; x_wconf 80' lang='lat'><strong><em>447</em></strong></span> <span class='ocrx_word' id='word_1_2' title='bbox 594 336 597 344; x_wconf 86' lang='lat'>&#39;</span> <span class='ocrx_word' id='word_1_3' title='bbox 779 332 1046 402; x_wconf 69' lang='lat' dir='ltr'>INSTITUTIO</span> <span class='ocrx_word' id='word_1_4' title='bbox 1067 336 1173 401; x_wconf 76' lang='lat' dir='ltr'><strong><em>REL.</em></strong></span> <span class='ocrx_word' id='word_1_5' title='bbox 1196 333 1378 401; x_wconf 70' lang='lat' dir='ltr'><strong><em>CHRIST.</em></strong></span> <span class='ocrx_word' id='word_1_6' title='bbox 1406 337 1637 398; x_wconf 77' lang='lat'>1536-1554.</span> <span class='ocrx_word' id='word_1_7' title='bbox 2147 341 2211 402; x_wconf 87' lang='grc'><strong><em>448</em></strong></span> 
     </span>
    </p>
   </div>
   <div class='ocr_carea' id='block_1_2' title="bbox 200 436 2242 4986">
    <p class='ocr_par' dir='ltr' id='par_1_2' title="bbox 202 436 2242 2070">
     <span class='ocr_line' id='line_1_2' title="bbox 1979 448 2212 519; baseline 0.009 -17"><span class='ocrx_word' id='word_1_8' title='bbox 1979 448 2212 519; x_wconf 74' lang='lat'>310130101.</span> 
     </span>
     <span class='ocr_line' id='line_1_3' title="bbox 204 436 2213 610; baseline -0.001 -19"><span class='ocrx_word' id='word_1_9' title='bbox 204 527 397 610; x_wconf 84' lang='lat' dir='ltr'><strong><em>impudicum</em></strong></span> <span class='ocrx_word' id='word_1_10' title='bbox 423 523 564 590; x_wconf 91' lang='lat' dir='ltr'><strong><em>omnibus</em></strong></span> <span class='ocrx_word' id='word_1_11' title='bbox 590 522 733 588; x_wconf 87' lang='lat' dir='ltr'><strong><em>libidinis</em></strong></span> <span class='ocrx_word' id='word_1_12' title='bbox 762 523 974 586; x_wconf 84' lang='lat' dir='ltr'><strong><em>instrumentis</em></strong></span> <span class='ocrx_word' id='word_1_13' title='bbox 1000 522 1116 586; x_wconf 88' lang='lat' dir='ltr'><strong><em>iuberet</em></strong></span> <span class='ocrx_word' id='word_1_14' title='bbox 1136 543 1183 586; x_wconf 92' lang='lat' dir='ltr'><strong><em>re-</em></strong></span> <span class='ocrx_word' id='word_1_15' title='bbox 1232 524 1335 587; x_wconf 87' lang='lat' dir='ltr'><strong><em>nocari</em></strong></span> <span class='ocrx_word' id='word_1_16' title='bbox 1363 522 1525 600; x_wconf 75' lang='lat' dir='ltr'><strong><em>audimus,</em></strong></span> <span class='ocrx_word' id='word_1_17' title='bbox 1554 523 1648 586; x_wconf 89' lang='lat' dir='ltr'><strong><em>etita</em></strong></span> <span class='ocrx_word' id='word_1_18' title='bbox 1669 523 1789 602; x_wconf 83' lang='lat' dir='ltr'><strong><em>vocari,</em></strong></span> <span class='ocrx_word' id='word_1_19' title='bbox 1811 527 1845 585; x_wconf 89' lang='lat' dir='ltr'><strong><em>ut</em></strong></span> <span class='ocrx_word' id='word_1_20' title='bbox 1867 525 1944 605; x_wconf 91' lang='lat' dir='ltr'><strong><em>ipsi,</em></strong></span> <span class='ocrx_word' id='word_1_21' title='bbox 1964 436 2049 588; x_wconf 75' lang='lat' dir='ltr'><strong><em>[dum</em></strong></span> <span class='ocrx_word' id='word_1_22' title='bbox 2070 526 2213 606; x_wconf 80' lang='lat' dir='ltr'><strong><em>affectant</em></strong></span> 
     </span>
     <span class='ocr_line' id='line_1_4' title="bbox 204 606 2211 692; baseline -0.001 -14"><span class='ocrx_word' id='word_1_23' title='bbox 204 614 356 678; x_wconf 84' lang='lat' dir='ltr'><strong><em>nuntiare.</em></strong></span> <span class='ocrx_word' id='word_1_24' title='bbox 405 610 459 674; x_wconf 85' lang='lat' dir='ltr'><strong><em>Sic</em></strong></span> <span class='ocrx_word' id='word_1_25' title='bbox 488 609 530 674; x_wconf 94' lang='lat' dir='ltr'><strong><em>ad</em></strong></span> <span class='ocrx_word' id='word_1_26' title='bbox 553 608 779 690; x_wconf 84' lang='lat' dir='ltr'><strong><em>particularem</em></strong></span> <span class='ocrx_word' id='word_1_27' title='bbox 807 607 885 672; x_wconf 89' lang='lat' dir='ltr'><strong><em>mali</em></strong></span> <span class='ocrx_word' id='word_1_28' title='bbox 913 608 965 671; x_wconf 89' lang='lat' dir='ltr'><strong><em>sui</em></strong></span> <span class='ocrx_word' id='word_1_29' title='bbox 992 627 1117 672; x_wconf 88' lang='lat' dir='ltr'><strong><em>sensum</em></strong></span> <span class='ocrx_word' id='word_1_30' title='bbox 1137 609 1183 672; x_wconf 82' lang='lat' dir='ltr'><strong><em>ro·</em></strong></span> <span class='ocrx_word' id='word_1_31' title='bbox 1234 630 1255 673; x_wconf 92' lang='lat' dir='ltr'><strong><em>a</em></strong></span> <span class='ocrx_word' id='word_1_32' title='bbox 1281 608 1370 690; x_wconf 86' lang='lat' dir='ltr'><strong><em>onlpo</em></strong></span> <span class='ocrx_word' id='word_1_33' title='bbox 1399 606 1646 672; x_wconf 75' lang='lat' dir='ltr'><strong><em>Christianarum</em></strong></span> <span class='ocrx_word' id='word_1_34' title='bbox 1667 608 1827 691; x_wconf 67' lang='lat' dir='ltr'><strong><em>distinqui,</em></strong></span> <span class='ocrx_word' id='word_1_35' title='bbox 1854 610 1909 674; x_wconf 89' lang='lat' dir='ltr'><strong><em>hos</em></strong></span> <span class='ocrx_word' id='word_1_36' title='bbox 1931 611 2035 674; x_wconf 86' lang='lat' dir='ltr'><strong><em>titulos</em></strong></span> <span class='ocrx_word' id='word_1_37' title='bbox 2055 631 2117 692; x_wconf 90' lang='lat' dir='ltr'><strong><em>pro</em></strong></span> <span class='ocrx_word' id='word_1_38' title='bbox 2137 611 2211 676; x_wconf 87' lang='lat' dir='ltr'><strong><em>rdi-</em></strong></span> 
     </span>
     <span class='ocr_line' id='line_1_5' title="bbox 205 693 1935 777; baseline -0.003 -13"><span class='ocrx_word' id='word_1_39' title='bbox 205 698 358 764; x_wconf 82' lang='lat' dir='ltr'><strong><em>vocandae</em></strong></span> <span class='ocrx_word' id='word_1_40' title='bbox 381 700 454 759; x_wconf 89' lang='lat' dir='ltr'><strong><em>sant</em></strong></span> <span class='ocrx_word' id='word_1_41' title='bbox 477 695 684 772; x_wconf 83' lang='lat' dir='ltr'><strong><em>mnscientiae,</em></strong></span> <span class='ocrx_word' id='word_1_42' title='bbox 707 714 786 775; x_wconf 80' lang='lat' dir='ltr'><strong><em>puae</em></strong></span> <span class='ocrx_word' id='word_1_43' title='bbox 807 693 892 757; x_wconf 85' lang='grc'><em>66666</em></span> <span class='ocrx_word' id='word_1_44' title='bbox 906 693 1061 777; x_wconf 83' lang='lat' dir='ltr'><strong><em>peneralis</em></strong></span> <span class='ocrx_word' id='word_1_45' title='bbox 1079 694 1183 759; x_wconf 86' lang='lat' dir='ltr'><strong><em>admo</em></strong></span> <span class='ocrx_word' id='word_1_46' title='bbox 1231 695 1335 777; x_wconf 84' lang='lat' dir='ltr'><strong><em>pionis</em></strong></span> <span class='ocrx_word' id='word_1_47' title='bbox 1350 693 1543 774; x_wconf 67' lang='lat' dir='ltr'><em>professione</em></span> <span class='ocrx_word' id='word_1_48' title='bbox 1562 694 1699 775; x_wconf 86' lang='lat' dir='ltr'><strong><em>fastuose</em></strong></span> <span class='ocrx_word' id='word_1_49' title='bbox 1719 693 1781 757; x_wconf 90' lang='lat' dir='ltr'><strong><em>sibi</em></strong></span> <span class='ocrx_word' id='word_1_50' title='bbox 1802 700 1935 759; x_wconf 82' lang='lat' dir='ltr'><strong><em>saniant.</em></strong></span> 
     </span>
     <span class='ocr_line' id='line_1_6' title="bbox 204 777 2212 863; baseline -0 -15"><span class='ocrx_word' id='word_1_51' title='bbox 204 784 333 848; x_wconf 88' lang='lat' dir='ltr'><strong><em>nitionis</em></strong></span> <span class='ocrx_word' id='word_1_52' title='bbox 363 801 457 846; x_wconf 89' lang='grc'><em>36636</em></span> <span class='ocrx_word' id='word_1_53' title='bbox 485 785 660 863; x_wconf 70' lang='lat' dir='ltr'><strong><em>tanqu-ntur.</em></strong></span> <span class='ocrx_word' id='word_1_54' title='bbox 710 777 850 843; x_wconf 83' lang='lat' dir='ltr'><strong><em>Frustra</em></strong></span> <span class='ocrx_word' id='word_1_55' title='bbox 880 780 978 863; x_wconf 83' lang='lat' dir='ltr'><strong><em>ipitur</em></strong></span> <span class='ocrx_word' id='word_1_56' title='bbox 1004 778 1182 861; x_wconf 75' lang='lat' dir='ltr'><strong><em>hypothesin</em></strong></span> <span class='ocrx_word' id='word_1_57' title='bbox 1323 785 1371 843; x_wconf 87' lang='grc'><strong><em>16.</em></strong></span> <span class='ocrx_word' id='word_1_58' title='bbox 1417 779 1518 858; x_wconf 88' lang='lat' dir='ltr'><strong><em>Haec,</em></strong></span> <span class='ocrx_word' id='word_1_59' title='bbox 1540 800 1619 860; x_wconf 81' lang='lat' dir='ltr'><strong><em>quae</em></strong></span> <span class='ocrx_word' id='word_1_60' title='bbox 1639 779 1784 844; x_wconf 82' lang='grc'><em>66666663</em></span> <span class='ocrx_word' id='word_1_61' title='bbox 1809 781 1889 846; x_wconf 89' lang='lat' dir='ltr'><strong><em>inter</em></strong></span> <span class='ocrx_word' id='word_1_62' title='bbox 1909 786 2021 846; x_wconf 77' lang='grc'><em>6666663</em></span> <span class='ocrx_word' id='word_1_63' title='bbox 2042 787 2069 846; x_wconf 91' lang='lat' dir='ltr'><strong><em>et</em></strong></span> <span class='ocrx_word' id='word_1_64' title='bbox 2090 787 2212 847; x_wconf 89' lang='lat' dir='ltr'><strong><em>nostrae</em></strong></span> 
     </span>
     <span class='ocr_line' id='line_1_7' title="bbox 203 863 2242 952; baseline 0 -18"><span class='ocrx_word' id='word_1_65' title='bbox 203 871 299 935; x_wconf 86' lang='lat' dir='ltr'><strong><em>istam</em></strong></span> <span class='ocrx_word' id='word_1_66' title='bbox 328 869 370 932; x_wconf 90' lang='lat' dir='ltr'><strong><em>ad</em></strong></span> <span class='ocrx_word' id='word_1_67' title='bbox 403 867 575 952; x_wconf 83' lang='lat' dir='ltr'><strong><em>peneralem</em></strong></span> <span class='ocrx_word' id='word_1_68' title='bbox 609 867 885 947; x_wconf 66' lang='lat' dir='ltr'><strong><em>interpretationem</em></strong></span> <span class='ocrx_word' id='word_1_69' title='bbox 917 864 1058 930; x_wconf 88' lang='lat' dir='ltr'><strong><em>trahunt:</em></strong></span> <span class='ocrx_word' id='word_1_70' title='bbox 1089 885 1126 930; x_wconf 87' lang='lat' dir='ltr'><strong><em>ac</em></strong></span> <span class='ocrx_word' id='word_1_71' title='bbox 1152 865 1183 929; x_wconf 89' lang='lat' dir='ltr'><strong><em>si</em></strong></span> <span class='ocrx_word' id='word_1_72' title='bbox 1234 866 1344 929; x_wconf 85' lang='grc'><em>6666663</em></span> <span class='ocrx_word' id='word_1_73' title='bbox 1365 865 1527 929; x_wconf 80' lang='lat' dir='ltr'><strong><em>inonachos</em></strong></span> <span class='ocrx_word' id='word_1_74' title='bbox 1554 865 1739 930; x_wconf 75' lang='lat' dir='ltr'><strong><em>discrimina</em></strong></span> <span class='ocrx_word' id='word_1_75' title='bbox 1760 868 1914 947; x_wconf 79' lang='grc'><em>66666366,</em></span> <span class='ocrx_word' id='word_1_76' title='bbox 1936 888 1997 931; x_wconf 92' lang='lat' dir='ltr'><strong><em>non</em></strong></span> <span class='ocrx_word' id='word_1_77' title='bbox 2018 869 2053 932; x_wconf 92' lang='lat' dir='ltr'><strong><em>in</em></strong></span> <span class='ocrx_word' id='word_1_78' title='bbox 2074 863 2242 934; x_wconf 72' lang='grc'><strong><em>666666631</em></strong></span> 
     </span>
     <span class='ocr_line' id='line_1_8' title="bbox 206 950 2212 1034; baseline 0 -15"><span class='ocrx_word' id='word_1_79' title='bbox 206 952 349 1020; x_wconf 76' lang='lat' dir='ltr'><strong><em>onmes</em></strong></span> <span class='ocrx_word' id='word_1_80' title='bbox 377 952 513 1017; x_wconf 82' lang='lat' dir='ltr'><strong><em>honiinis</em></strong></span> <span class='ocrx_word' id='word_1_81' title='bbox 534 952 752 1034; x_wconf 87' lang='lat' dir='ltr'><strong><em>perfectionem</em></strong></span> <span class='ocrx_word' id='word_1_82' title='bbox 780 952 815 1015; x_wconf 91' lang='lat' dir='ltr'><strong><em>in</em></strong></span> <span class='ocrx_word' id='word_1_83' title='bbox 846 952 1069 1015; x_wconf 70' lang='lat' dir='ltr'><strong><em>renuntiatione</em></strong></span> <span class='ocrx_word' id='word_1_84' title='bbox 1095 950 1183 1014; x_wconf 81' lang='lat' dir='ltr'><strong><em>bono</em></strong></span> <span class='ocrx_word' id='word_1_85' title='bbox 1233 955 1322 1030; x_wconf 90' lang='lat' dir='ltr'><strong><em>sunt,</em></strong></span> <span class='ocrx_word' id='word_1_86' title='bbox 1350 951 1405 1016; x_wconf 89' lang='lat' dir='ltr'><strong><em>sod</em></strong></span> <span class='ocrx_word' id='word_1_87' title='bbox 1432 953 1467 1015; x_wconf 90' lang='lat' dir='ltr'><strong><em>in</em></strong></span> <span class='ocrx_word' id='word_1_88' title='bbox 1495 953 1567 1031; x_wconf 89' lang='lat' dir='ltr'><strong><em>ipsa</em></strong></span> <span class='ocrx_word' id='word_1_89' title='bbox 1588 951 1787 1032; x_wconf 71' lang='lat' dir='ltr'><strong><em>professione.</em></strong></span> <span class='ocrx_word' id='word_1_90' title='bbox 1840 952 1991 1033; x_wconf 79' lang='lat' dir='ltr'><strong><em>Proinde,</em></strong></span> <span class='ocrx_word' id='word_1_91' title='bbox 2017 956 2212 1019; x_wconf 90' lang='lat' dir='ltr'><strong><em>meminerint</em></strong></span> 
     </span>
     <span class='ocr_line' id='line_1_9' title="bbox 203 1036 2212 1120; baseline 0 -14"><span class='ocrx_word' id='word_1_92' title='bbox 203 1061 275 1106; x_wconf 81' lang='lat' dir='ltr'><strong><em>mm</em></strong></span> <span class='ocrx_word' id='word_1_93' title='bbox 301 1044 459 1118; x_wconf 89' lang='lat' dir='ltr'><strong><em>statueret;</em></strong></span> <span class='ocrx_word' id='word_1_94' title='bbox 491 1058 587 1119; x_wconf 84' lang='lat' dir='ltr'><strong><em>qaum</em></strong></span> <span class='ocrx_word' id='word_1_95' title='bbox 613 1037 694 1101; x_wconf 86' lang='lat' dir='ltr'><strong><em>nihil</em></strong></span> <span class='ocrx_word' id='word_1_96' title='bbox 730 1037 820 1101; x_wconf 92' lang='lat' dir='ltr'><strong><em>aliud</em></strong></span> <span class='ocrx_word' id='word_1_97' title='bbox 851 1036 981 1101; x_wconf 79' lang='lat' dir='ltr'><strong><em>nolumit</em></strong></span> <span class='ocrx_word' id='word_1_98' title='bbox 1011 1036 1066 1102; x_wconf 92' lang='lat' dir='ltr'><strong><em>hoc</em></strong></span> <span class='ocrx_word' id='word_1_99' title='bbox 1084 1037 1181 1115; x_wconf 88' lang='lat' dir='ltr'><strong><em>dicto,</em></strong></span> <span class='ocrx_word' id='word_1_100' title='bbox 1233 1037 1362 1116; x_wconf 87' lang='lat' dir='ltr'><strong><em>lectores,</em></strong></span> <span class='ocrx_word' id='word_1_101' title='bbox 1383 1037 1549 1118; x_wconf 83' lang='lat' dir='ltr'><strong><em>fuissene</em></strong></span> <span class='ocrx_word' id='word_1_102' title='bbox 1569 1037 1607 1102; x_wconf 90' lang='lat' dir='ltr'><strong><em>de</em></strong></span> <span class='ocrx_word' id='word_1_103' title='bbox 1628 1037 1835 1102; x_wconf 72' lang='lat' dir='ltr'><strong><em>monachismo</em></strong></span> <span class='ocrx_word' id='word_1_104' title='bbox 1845 1041 1960 1119; x_wconf 90' lang='lat' dir='ltr'><strong><em>potius,</em></strong></span> <span class='ocrx_word' id='word_1_105' title='bbox 1984 1060 2079 1120; x_wconf 81' lang='lat' dir='ltr'><strong><em>qnam</em></strong></span> <span class='ocrx_word' id='word_1_106' title='bbox 2095 1040 2133 1104; x_wconf 85' lang='lat' dir='ltr'><strong><em>dc</em></strong></span> <span class='ocrx_word' id='word_1_107' title='bbox 2149 1062 2212 1109; x_wconf 91' lang='lat' dir='ltr'><strong><em>mo-</em></strong></span> 
     </span>
     <span class='ocr_line' id='line_1_10' title="bbox 203 1122 2212 1208; baseline 0 -18"><span class='ocrx_word' id='word_1_108' title='bbox 203 1147 299 1208; x_wconf 81' lang='lat' dir='ltr'><strong><em>puam</em></strong></span> <span class='ocrx_word' id='word_1_109' title='bbox 319 1127 472 1204; x_wconf 82' lang='lat' dir='ltr'><strong><em>invenero,</em></strong></span> <span class='ocrx_word' id='word_1_110' title='bbox 500 1124 562 1188; x_wconf 89' lang='lat' dir='ltr'><strong><em>sibi</em></strong></span> <span class='ocrx_word' id='word_1_111' title='bbox 583 1123 667 1188; x_wconf 90' lang='lat' dir='ltr'><strong><em>ultra</em></strong></span> <span class='ocrx_word' id='word_1_112' title='bbox 692 1123 817 1188; x_wconf 86' lang='lat' dir='ltr'><strong><em>nndum</em></strong></span> <span class='ocrx_word' id='word_1_113' title='bbox 838 1122 1023 1204; x_wconf 85' lang='lat' dir='ltr'><strong><em>placentem,</em></strong></span> <span class='ocrx_word' id='word_1_114' title='bbox 1051 1124 1095 1187; x_wconf 93' lang='lat' dir='ltr'><strong><em>ad</em></strong></span> <span class='ocrx_word' id='word_1_115' title='bbox 1115 1143 1182 1186; x_wconf 81' lang='lat' dir='ltr'><strong><em>sen</em></strong></span> <span class='ocrx_word' id='word_1_116' title='bbox 1232 1122 1342 1187; x_wconf 81' lang='lat' dir='ltr'><strong><em>nachis</em></strong></span> <span class='ocrx_word' id='word_1_117' title='bbox 1363 1122 1530 1204; x_wconf 75' lang='lat' dir='ltr'><strong><em>loquuturi,</em></strong></span> <span class='ocrx_word' id='word_1_118' title='bbox 1553 1127 1580 1186; x_wconf 89' lang='lat' dir='ltr'><strong><em>et</em></strong></span> <span class='ocrx_word' id='word_1_119' title='bbox 1597 1144 1634 1187; x_wconf 89' lang='lat' dir='ltr'><strong><em>ea</em></strong></span> <span class='ocrx_word' id='word_1_120' title='bbox 1655 1123 1734 1187; x_wconf 87' lang='lat' dir='ltr'><strong><em>nitio</em></strong></span> <span class='ocrx_word' id='word_1_121' title='bbox 1754 1128 1883 1204; x_wconf 90' lang='grc'><em>6666336,</em></span> <span class='ocrx_word' id='word_1_122' title='bbox 1906 1145 1968 1188; x_wconf 90' lang='lat' dir='ltr'><strong><em>non</em></strong></span> <span class='ocrx_word' id='word_1_123' title='bbox 1987 1147 2066 1206; x_wconf 80' lang='lat' dir='ltr'><strong><em>puae</em></strong></span> <span class='ocrx_word' id='word_1_124' title='bbox 2083 1128 2117 1190; x_wconf 90' lang='lat' dir='ltr'><strong><em>in</em></strong></span> <span class='ocrx_word' id='word_1_125' title='bbox 2128 1149 2212 1208; x_wconf 78' lang='lat' dir='ltr'><strong><em>pan-</em></strong></span> 
     </span>
     <span class='ocr_line' id='line_1_11' title="bbox 203 1207 2211 1292; baseline 0 -16"><span class='ocrx_word' id='word_1_126' title='bbox 203 1212 342 1277; x_wconf 86' lang='lat' dir='ltr'><strong><em>tiendnm</em></strong></span> <span class='ocrx_word' id='word_1_127' title='bbox 368 1212 456 1275; x_wconf 83' lang='grc'><em>66663</em></span> <span class='ocrx_word' id='word_1_128' title='bbox 483 1231 576 1274; x_wconf 86' lang='lat' dir='ltr'><strong><em>suum</em></strong></span> <span class='ocrx_word' id='word_1_129' title='bbox 604 1209 744 1292; x_wconf 82' lang='lat' dir='ltr'><strong><em>adipere;</em></strong></span> <span class='ocrx_word' id='word_1_130' title='bbox 770 1213 805 1272; x_wconf 92' lang='lat' dir='ltr'><strong><em>ut</em></strong></span> <span class='ocrx_word' id='word_1_131' title='bbox 831 1208 1009 1291; x_wconf 81' lang='lat' dir='ltr'><strong><em>iutelliperet</em></strong></span> <span class='ocrx_word' id='word_1_132' title='bbox 1035 1228 1068 1272; x_wconf 99' lang='grc'><strong><em>36</em></strong></span> <span class='ocrx_word' id='word_1_133' title='bbox 1095 1208 1181 1292; x_wconf 79' lang='lat' dir='ltr'><strong><em>brnpo</em></strong></span> <span class='ocrx_word' id='word_1_134' title='bbox 1233 1228 1338 1273; x_wconf 90' lang='lat' dir='ltr'><strong><em>corum</em></strong></span> <span class='ocrx_word' id='word_1_135' title='bbox 1358 1209 1423 1272; x_wconf 88' lang='lat' dir='ltr'><strong><em>nita</em></strong></span> <span class='ocrx_word' id='word_1_136' title='bbox 1444 1207 1583 1287; x_wconf 85' lang='lat' dir='ltr'><strong><em>haererrt,</em></strong></span> <span class='ocrx_word' id='word_1_137' title='bbox 1605 1209 1660 1273; x_wconf 87' lang='lat' dir='ltr'><strong><em>sed</em></strong></span> <span class='ocrx_word' id='word_1_138' title='bbox 1680 1230 1759 1290; x_wconf 78' lang='grc'><em>6666</em></span> <span class='ocrx_word' id='word_1_139' title='bbox 1781 1209 1907 1292; x_wconf 85' lang='lat' dir='ltr'><strong><em>abipso</em></strong></span> <span class='ocrx_word' id='word_1_140' title='bbox 1929 1211 2051 1276; x_wconf 82' lang='grc'><em>6666666</em></span> <span class='ocrx_word' id='word_1_141' title='bbox 2073 1213 2211 1282; x_wconf 90' lang='lat' dir='ltr'><strong><em>instituto</em></strong></span> 
     </span>
     <span class='ocr_line' id='line_1_12' title="bbox 203 1293 2212 1378; baseline -0 -14"><span class='ocrx_word' id='word_1_142' title='bbox 203 1297 306 1364; x_wconf 89' lang='lat' dir='ltr'><strong><em>adhuc</em></strong></span> <span class='ocrx_word' id='word_1_143' title='bbox 326 1296 486 1362; x_wconf 84' lang='lat' dir='ltr'><strong><em>internallo</em></strong></span> <span class='ocrx_word' id='word_1_144' title='bbox 503 1295 606 1361; x_wconf 88' lang='lat' dir='ltr'><strong><em>abesse</em></strong></span> <span class='ocrx_word' id='word_1_145' title='bbox 623 1316 644 1359; x_wconf 91' lang='lat' dir='ltr'><strong><em>a</em></strong></span> <span class='ocrx_word' id='word_1_146' title='bbox 655 1295 792 1377; x_wconf 87' lang='lat' dir='ltr'><strong><em>perfecta</em></strong></span> <span class='ocrx_word' id='word_1_147' title='bbox 809 1295 884 1377; x_wconf 82' lang='lat' dir='ltr'><strong><em>lepis</em></strong></span> <span class='ocrx_word' id='word_1_148' title='bbox 901 1294 1070 1358; x_wconf 72' lang='lat' dir='ltr'><strong><em>obediontia</em></strong></span> <span class='ocrx_word' id='word_1_149' title='bbox 1087 1315 1182 1375; x_wconf 78' lang='lat' dir='ltr'><strong><em>qnam</em></strong></span> <span class='ocrx_word' id='word_1_150' title='bbox 1232 1294 1377 1376; x_wconf 89' lang='lat' dir='ltr'><strong><em>separari</em></strong></span> <span class='ocrx_word' id='word_1_151' title='bbox 1397 1298 1556 1375; x_wconf 81' lang='grc'><em>66666666.</em></span> <span class='ocrx_word' id='word_1_152' title='bbox 1600 1293 1644 1358; x_wconf 91' lang='lat' dir='ltr'><strong><em>In</em></strong></span> <span class='ocrx_word' id='word_1_153' title='bbox 1664 1294 1801 1359; x_wconf 89' lang='lat' dir='ltr'><strong><em>moribus</em></strong></span> <span class='ocrx_word' id='word_1_154' title='bbox 1822 1301 1925 1360; x_wconf 89' lang='lat' dir='ltr'><strong><em>autem</em></strong></span> <span class='ocrx_word' id='word_1_155' title='bbox 1946 1302 2064 1378; x_wconf 83' lang='lat' dir='ltr'><strong><em>quanta</em></strong></span> <span class='ocrx_word' id='word_1_156' title='bbox 2084 1300 2127 1362; x_wconf 88' lang='lat' dir='ltr'><strong><em>sit</em></strong></span> <span class='ocrx_word' id='word_1_157' title='bbox 2148 1298 2212 1362; x_wconf 89' lang='lat' dir='ltr'><strong><em>dis-</em></strong></span> 
     </span>
     <span class='ocr_line' id='line_1_13' title="bbox 203 1379 2212 1465; baseline -0 -16"><span class='ocrx_word' id='word_1_158' title='bbox 203 1384 265 1450; x_wconf 92' lang='lat' dir='ltr'><strong><em>sibi</em></strong></span> <span class='ocrx_word' id='word_1_159' title='bbox 286 1384 370 1448; x_wconf 89' lang='lat' dir='ltr'><strong><em>alias</em></strong></span> <span class='ocrx_word' id='word_1_160' title='bbox 390 1382 471 1465; x_wconf 88' lang='lat' dir='ltr'><strong><em>falso</em></strong></span> <span class='ocrx_word' id='word_1_161' title='bbox 492 1379 664 1464; x_wconf 85' lang='lat' dir='ltr'><strong><em>arropabat.</em></strong></span> <span class='ocrx_word' id='word_1_162' title='bbox 715 1379 830 1445; x_wconf 84' lang='lat' dir='ltr'><strong><em>Fateor</em></strong></span> <span class='ocrx_word' id='word_1_163' title='bbox 855 1379 936 1444; x_wconf 86' lang='lat' dir='ltr'><strong><em>hum</em></strong></span> <span class='ocrx_word' id='word_1_164' title='bbox 964 1379 1063 1444; x_wconf 83' lang='grc'><em>666666</em></span> <span class='ocrx_word' id='word_1_165' title='bbox 1081 1380 1183 1461; x_wconf 87' lang='lat' dir='ltr'><strong><em>fuisse</em></strong></span> <span class='ocrx_word' id='word_1_166' title='bbox 1234 1380 1405 1460; x_wconf 74' lang='grc'><em>66666666,</em></span> <span class='ocrx_word' id='word_1_167' title='bbox 1435 1379 1513 1461; x_wconf 83' lang='lat' dir='ltr'><strong><em>qnid</em></strong></span> <span class='ocrx_word' id='word_1_168' title='bbox 1533 1380 1639 1444; x_wconf 87' lang='lat' dir='ltr'><strong><em>attinet</em></strong></span> <span class='ocrx_word' id='word_1_169' title='bbox 1660 1381 1823 1464; x_wconf 84' lang='lat' dir='ltr'><strong><em>sipillatim</em></strong></span> <span class='ocrx_word' id='word_1_170' title='bbox 1842 1383 2013 1463; x_wconf 79' lang='lat' dir='ltr'><strong><em>enpmerc?</em></strong></span> <span class='ocrx_word' id='word_1_171' title='bbox 2056 1383 2125 1448; x_wconf 87' lang='lat' dir='ltr'><strong><em>Hoc</em></strong></span> <span class='ocrx_word' id='word_1_172' title='bbox 2145 1405 2212 1448; x_wconf 89' lang='lat' dir='ltr'><strong><em>con·</em></strong></span> 
     </span>
     <span class='ocr_line' id='line_1_14' title="bbox 205 1464 2212 1552; baseline -0 -17"><span class='ocrx_word' id='word_1_173' title='bbox 205 1492 226 1535; x_wconf 92' lang='lat' dir='ltr'><strong><em>a</em></strong></span> <span class='ocrx_word' id='word_1_174' title='bbox 247 1469 433 1552; x_wconf 80' lang='lat' dir='ltr'><strong><em>quibusdam</em></strong></span> <span class='ocrx_word' id='word_1_175' title='bbox 454 1489 492 1532; x_wconf 84' lang='grc'><strong><em>66</em></strong></span> <span class='ocrx_word' id='word_1_176' title='bbox 513 1467 661 1548; x_wconf 73' lang='lat' dir='ltr'><strong><em>nutribam</em></strong></span> <span class='ocrx_word' id='word_1_177' title='bbox 687 1466 768 1530; x_wconf 88' lang='lat' dir='ltr'><strong><em>male</em></strong></span> <span class='ocrx_word' id='word_1_178' title='bbox 793 1465 973 1530; x_wconf 77' lang='lat' dir='ltr'><strong><em>intellectum</em></strong></span> <span class='ocrx_word' id='word_1_179' title='bbox 1001 1471 1091 1546; x_wconf 80' lang='grc'><em>66666</em></span> <span class='ocrx_word' id='word_1_180' title='bbox 1110 1465 1183 1531; x_wconf 90' lang='lat' dir='ltr'><strong><em>hinc</em></strong></span> <span class='ocrx_word' id='word_1_181' title='bbox 1233 1470 1310 1530; x_wconf 89' lang='lat' dir='ltr'><strong><em>stat:</em></strong></span> <span class='ocrx_word' id='word_1_182' title='bbox 1332 1465 1454 1528; x_wconf 91' lang='lat' dir='ltr'><strong><em>nullum</em></strong></span> <span class='ocrx_word' id='word_1_183' title='bbox 1473 1485 1538 1529; x_wconf 91' lang='grc'><em>6336</em></span> <span class='ocrx_word' id='word_1_184' title='bbox 1558 1464 1717 1530; x_wconf 88' lang='lat' dir='ltr'><strong><em>hominum</em></strong></span> <span class='ocrx_word' id='word_1_185' title='bbox 1738 1467 1875 1532; x_wconf 87' lang='lat' dir='ltr'><strong><em>ordinem</em></strong></span> <span class='ocrx_word' id='word_1_186' title='bbox 1896 1470 1998 1552; x_wconf 80' lang='lat' dir='ltr'><strong><em>napis</em></strong></span> <span class='ocrx_word' id='word_1_187' title='bbox 2019 1471 2103 1534; x_wconf 90' lang='lat' dir='ltr'><strong><em>omni</em></strong></span> <span class='ocrx_word' id='word_1_188' title='bbox 2124 1471 2212 1535; x_wconf 88' lang='grc'><em>66666-</em></span> 
     </span>
     <span class='ocr_line' id='line_1_15' title="bbox 204 1551 2213 1639; baseline 0 -18"><span class='ocrx_word' id='word_1_189' title='bbox 204 1561 312 1621; x_wconf 91' lang='lat' dir='ltr'><strong><em>natam</em></strong></span> <span class='ocrx_word' id='word_1_190' title='bbox 332 1575 396 1619; x_wconf 91' lang='lat' dir='ltr'><strong><em>esse</em></strong></span> <span class='ocrx_word' id='word_1_191' title='bbox 425 1554 618 1618; x_wconf 84' lang='lat' dir='ltr'><strong><em>voluntariae</em></strong></span> <span class='ocrx_word' id='word_1_192' title='bbox 640 1553 838 1634; x_wconf 74' lang='lat' dir='ltr'><strong><em>paupertatis</em></strong></span> <span class='ocrx_word' id='word_1_193' title='bbox 859 1553 1091 1633; x_wconf 79' lang='lat' dir='ltr'><strong><em>affedatmnem,</em></strong></span> <span class='ocrx_word' id='word_1_194' title='bbox 1119 1572 1182 1632; x_wconf 78' lang='lat' dir='ltr'><strong><em>qna</em></strong></span> <span class='ocrx_word' id='word_1_195' title='bbox 1233 1572 1306 1614; x_wconf 88' lang='lat' dir='ltr'><strong><em>rum</em></strong></span> <span class='ocrx_word' id='word_1_196' title='bbox 1327 1551 1519 1632; x_wconf 80' lang='lat' dir='ltr'><strong><em>turpitudine</em></strong></span> <span class='ocrx_word' id='word_1_197' title='bbox 1540 1552 1746 1632; x_wconf 71' lang='lat' dir='ltr'><strong><em>inquinatum.</em></strong></span> <span class='ocrx_word' id='word_1_198' title='bbox 1783 1552 1951 1634; x_wconf 76' lang='lat' dir='ltr'><strong><em>Nusquam</em></strong></span> <span class='ocrx_word' id='word_1_199' title='bbox 1972 1557 2074 1639; x_wconf 82' lang='lat' dir='ltr'><strong><em>mapis</em></strong></span> <span class='ocrx_word' id='word_1_200' title='bbox 2094 1556 2213 1637; x_wconf 80' lang='lat' dir='ltr'><strong><em>fervent</em></strong></span> 
     </span>
     <span class='ocr_line' id='line_1_16' title="bbox 204 1636 2212 1725; baseline 0 -19"><span class='ocrx_word' id='word_1_201' title='bbox 204 1642 254 1706; x_wconf 85' lang='lat' dir='ltr'><strong><em>illi</em></strong></span> <span class='ocrx_word' id='word_1_202' title='bbox 282 1642 405 1705; x_wconf 87' lang='lat' dir='ltr'><strong><em>demum</em></strong></span> <span class='ocrx_word' id='word_1_203' title='bbox 436 1640 516 1705; x_wconf 90' lang='lat' dir='ltr'><strong><em>beati</em></strong></span> <span class='ocrx_word' id='word_1_204' title='bbox 537 1638 745 1721; x_wconf 82' lang='lat' dir='ltr'><strong><em>putabarntnr,</em></strong></span> <span class='ocrx_word' id='word_1_205' title='bbox 778 1639 834 1719; x_wconf 79' lang='lat' dir='ltr'><strong><em>pai</em></strong></span> <span class='ocrx_word' id='word_1_206' title='bbox 862 1637 1013 1702; x_wconf 89' lang='lat' dir='ltr'><strong><em>abdicatis</em></strong></span> <span class='ocrx_word' id='word_1_207' title='bbox 1042 1636 1182 1725; x_wconf 85' lang='lat' dir='ltr'><strong><em>omnibns</em></strong></span> <span class='ocrx_word' id='word_1_208' title='bbox 1232 1637 1392 1719; x_wconf 84' lang='lat' dir='ltr'><strong><em>factiones,</em></strong></span> <span class='ocrx_word' id='word_1_209' title='bbox 1420 1637 1509 1715; x_wconf 90' lang='lat' dir='ltr'><strong><em>odia,</em></strong></span> <span class='ocrx_word' id='word_1_210' title='bbox 1542 1638 1648 1701; x_wconf 89' lang='lat' dir='ltr'><strong><em>studia</em></strong></span> <span class='ocrx_word' id='word_1_211' title='bbox 1663 1640 1821 1719; x_wconf 89' lang='lat' dir='ltr'><strong><em>partium,</em></strong></span> <span class='ocrx_word' id='word_1_212' title='bbox 1851 1639 1993 1704; x_wconf 78' lang='grc'><em>66666663.</em></span> <span class='ocrx_word' id='word_1_213' title='bbox 2038 1641 2081 1706; x_wconf 92' lang='lat' dir='ltr'><strong><em>In</em></strong></span> <span class='ocrx_word' id='word_1_214' title='bbox 2096 1643 2212 1723; x_wconf 88' lang='lat' dir='ltr'><strong><em>paucis</em></strong></span> 
     </span>
     <span class='ocr_line' id='line_1_17' title="bbox 203 1721 2213 1806; baseline -0 -13"><span class='ocrx_word' id='word_1_215' title='bbox 203 1727 465 1805; x_wconf 70' lang='grc'><em>6666166666,</em></span> <span class='ocrx_word' id='word_1_216' title='bbox 493 1725 572 1789; x_wconf 80' lang='lat' dir='ltr'><strong><em>randi</em></strong></span> <span class='ocrx_word' id='word_1_217' title='bbox 597 1746 630 1789; x_wconf 90' lang='lat' dir='ltr'><strong><em>se</em></strong></span> <span class='ocrx_word' id='word_1_218' title='bbox 659 1723 780 1790; x_wconf 84' lang='lat' dir='ltr'><strong><em>Christo</em></strong></span> <span class='ocrx_word' id='word_1_219' title='bbox 806 1724 988 1788; x_wconf 81' lang='grc'><em>6666666666.</em></span> <span class='ocrx_word' id='word_1_220' title='bbox 1035 1721 1097 1787; x_wconf 83' lang='lat' dir='ltr'><strong><em>Sed</em></strong></span> <span class='ocrx_word' id='word_1_221' title='bbox 1117 1744 1184 1788; x_wconf 87' lang='lat' dir='ltr'><strong><em>con·</em></strong></span> <span class='ocrx_word' id='word_1_222' title='bbox 1234 1723 1358 1804; x_wconf 78' lang='lat' dir='ltr'><strong><em>quidem</em></strong></span> <span class='ocrx_word' id='word_1_223' title='bbox 1387 1722 1536 1787; x_wconf 85' lang='lat' dir='ltr'><strong><em>menobiis</em></strong></span> <span class='ocrx_word' id='word_1_224' title='bbox 1554 1723 1670 1804; x_wconf 73' lang='grc'><em>666666</em></span> <span class='ocrx_word' id='word_1_225' title='bbox 1692 1725 1824 1803; x_wconf 80' lang='lat' dir='ltr'><strong><em>vivitur,-</em></strong></span> <span class='ocrx_word' id='word_1_226' title='bbox 1851 1726 1892 1796; x_wconf 76' lang='lat' dir='ltr'><strong><em>si,</em></strong></span> <span class='ocrx_word' id='word_1_227' title='bbox 1896 1726 2055 1806; x_wconf 89' lang='lat' dir='ltr'><strong><em>pudicitia</em></strong></span> <span class='ocrx_word' id='word_1_228' title='bbox 2074 1728 2213 1792; x_wconf 81' lang='grc'><em>6666666</em></span> 
     </span>
     <span class='ocr_line' id='line_1_18' title="bbox 202 1808 2212 1896; baseline 0 -19"><span class='ocrx_word' id='word_1_229' title='bbox 202 1813 265 1896; x_wconf 72' lang='lat' dir='ltr'><strong><em>fido</em></strong></span> <span class='ocrx_word' id='word_1_230' title='bbox 287 1812 373 1877; x_wconf 90' lang='lat' dir='ltr'><strong><em>bonis</em></strong></span> <span class='ocrx_word' id='word_1_231' title='bbox 393 1811 535 1877; x_wconf 77' lang='lat' dir='ltr'><strong><em>ominibus</em></strong></span> <span class='ocrx_word' id='word_1_232' title='bbox 563 1816 591 1875; x_wconf 90' lang='grc'><strong><em>66</em></strong></span> <span class='ocrx_word' id='word_1_233' title='bbox 616 1831 678 1876; x_wconf 91' lang='lat' dir='ltr'><strong><em>non</em></strong></span> <span class='ocrx_word' id='word_1_234' title='bbox 701 1811 892 1874; x_wconf 76' lang='lat' dir='ltr'><strong><em>contentiosis</em></strong></span> <span class='ocrx_word' id='word_1_235' title='bbox 921 1809 1117 1889; x_wconf 80' lang='lat' dir='ltr'><strong><em>satisfactum</em></strong></span> <span class='ocrx_word' id='word_1_236' title='bbox 1138 1809 1183 1872; x_wconf 87' lang='lat' dir='ltr'><strong><em>iri</em></strong></span> <span class='ocrx_word' id='word_1_237' title='bbox 1235 1813 1293 1887; x_wconf 87' lang='lat' dir='ltr'><strong><em>est,</em></strong></span> <span class='ocrx_word' id='word_1_238' title='bbox 1315 1808 1370 1871; x_wconf 93' lang='lat' dir='ltr'><strong><em>ubi</em></strong></span> <span class='ocrx_word' id='word_1_239' title='bbox 1390 1814 1514 1874; x_wconf 89' lang='grc'><em>6666663</em></span> <span class='ocrx_word' id='word_1_240' title='bbox 1535 1811 1717 1889; x_wconf 79' lang='lat' dir='ltr'><strong><em>reprimitur</em></strong></span> <span class='ocrx_word' id='word_1_241' title='bbox 1737 1810 1846 1890; x_wconf 82' lang='lat' dir='ltr'><strong><em>libr&#39;clo,</em></strong></span> <span class='ocrx_word' id='word_1_242' title='bbox 1874 1832 1912 1876; x_wconf 93' lang='lat' dir='ltr'><strong><em>ne</em></strong></span> <span class='ocrx_word' id='word_1_243' title='bbox 1932 1812 2044 1893; x_wconf 88' lang='lat' dir='ltr'><strong><em>palam</em></strong></span> <span class='ocrx_word' id='word_1_244' title='bbox 2065 1814 2107 1877; x_wconf 89' lang='lat' dir='ltr'><strong><em>sit</em></strong></span> <span class='ocrx_word' id='word_1_245' title='bbox 2128 1814 2212 1895; x_wconf 83' lang='lat' dir='ltr'><strong><em>infa</em></strong></span> 
     </span>
     <span class='ocr_line' id='line_1_19' title="bbox 205 1893 2212 1980; baseline -0.001 -15"><span class='ocrx_word' id='word_1_246' title='bbox 205 1899 262 1965; x_wconf 84' lang='lat' dir='ltr'><strong><em>hac</em></strong></span> <span class='ocrx_word' id='word_1_247' title='bbox 288 1919 357 1964; x_wconf 84' lang='lat' dir='ltr'><strong><em>oica</em></strong></span> <span class='ocrx_word' id='word_1_248' title='bbox 383 1898 582 1980; x_wconf 74' lang='lat' dir='ltr'><strong><em>explicatione</em></strong></span> <span class='ocrx_word' id='word_1_249' title='bbox 608 1902 642 1960; x_wconf 89' lang='grc'><strong><em>66</em></strong></span> <span class='ocrx_word' id='word_1_250' title='bbox 669 1897 707 1961; x_wconf 88' lang='lat' dir='ltr'><strong><em>de</em></strong></span> <span class='ocrx_word' id='word_1_251' title='bbox 733 1901 829 1960; x_wconf 87' lang='lat' dir='ltr'><strong><em>mente</em></strong></span> <span class='ocrx_word' id='word_1_252' title='bbox 860 1893 978 1969; x_wconf 80' lang='lat' dir='ltr'><strong><em>Christi</em></strong></span> <span class='ocrx_word' id='word_1_253' title='bbox 1007 1895 1088 1959; x_wconf 87' lang='lat' dir='ltr'><strong><em>nihil</em></strong></span> <span class='ocrx_word' id='word_1_254' title='bbox 1118 1915 1183 1959; x_wconf 86' lang='lat' dir='ltr'><strong><em>am</em></strong></span> <span class='ocrx_word' id='word_1_255' title='bbox 1234 1896 1304 1958; x_wconf 89' lang='lat' dir='ltr'><strong><em>mis.</em></strong></span> <span class='ocrx_word' id='word_1_256' title='bbox 1339 1893 1504 1958; x_wconf 87' lang='lat' dir='ltr'><strong><em>Decimum</em></strong></span> <span class='ocrx_word' id='word_1_257' title='bbox 1524 1898 1626 1958; x_wconf 89' lang='lat' dir='ltr'><strong><em>tamen</em></strong></span> <span class='ocrx_word' id='word_1_258' title='bbox 1647 1897 1785 1977; x_wconf 78' lang='grc'><em>6666666</em></span> <span class='ocrx_word' id='word_1_259' title='bbox 1805 1897 1859 1960; x_wconf 84' lang='grc'><strong><em>666</em></strong></span> <span class='ocrx_word' id='word_1_260' title='bbox 1880 1899 2027 1979; x_wconf 83' lang='lat' dir='ltr'><strong><em>reperias,</em></strong></span> <span class='ocrx_word' id='word_1_261' title='bbox 2050 1899 2131 1980; x_wconf 81' lang='lat' dir='ltr'><strong><em>qrnod</em></strong></span> <span class='ocrx_word' id='word_1_262' title='bbox 2150 1921 2212 1963; x_wconf 91' lang='lat' dir='ltr'><strong><em>non</em></strong></span> 
     </span>
     <span class='ocr_line' id='line_1_20' title="bbox 205 1980 2212 2070; baseline 0 -22"><span class='ocrx_word' id='word_1_263' title='bbox 205 1984 317 2070; x_wconf 81' lang='lat' dir='ltr'><strong><em>bipart.</em></strong></span> <span class='ocrx_word' id='word_1_264' title='bbox 1235 1980 1371 2061; x_wconf 82' lang='lat' dir='ltr'><strong><em>lupanar</em></strong></span> <span class='ocrx_word' id='word_1_265' title='bbox 1391 1981 1433 2043; x_wconf 88' lang='lat' dir='ltr'><strong><em>sit</em></strong></span> <span class='ocrx_word' id='word_1_266' title='bbox 1454 1980 1561 2060; x_wconf 90' lang='lat' dir='ltr'><strong><em>potins</em></strong></span> <span class='ocrx_word' id='word_1_267' title='bbox 1589 2002 1682 2060; x_wconf 78' lang='lat' dir='ltr'><strong><em>quam</em></strong></span> <span class='ocrx_word' id='word_1_268' title='bbox 1708 1983 1859 2047; x_wconf 85' lang='lat' dir='ltr'><strong><em>castitatis</em></strong></span> <span class='ocrx_word' id='word_1_269' title='bbox 1880 1986 2066 2049; x_wconf 88' lang='lat' dir='ltr'><strong><em>sacrarium.</em></strong></span> <span class='ocrx_word' id='word_1_270' title='bbox 2110 1984 2155 2050; x_wconf 84' lang='lat' dir='ltr'><strong><em>At</em></strong></span> <span class='ocrx_word' id='word_1_271' title='bbox 2177 1987 2212 2049; x_wconf 91' lang='grc'><strong><em>66</em></strong></span> 
     </span>
    </p>

    <p class='ocr_par' dir='ltr' id='par_1_3' title="bbox 200 2064 2217 4900">
     <span class='ocr_line' id='line_1_21' title="bbox 295 2064 2215 2151; baseline 0.001 -18"><span class='ocrx_word' id='word_1_272' title='bbox 295 2074 344 2134; x_wconf 85' lang='grc'><strong><em>15.</em></strong></span> <span class='ocrx_word' id='word_1_273' title='bbox 396 2069 581 2150; x_wconf 74' lang='lat' dir='ltr'><strong><em>Quanquam</em></strong></span> <span class='ocrx_word' id='word_1_274' title='bbox 617 2067 698 2131; x_wconf 90' lang='lat' dir='ltr'><strong><em>nihil</em></strong></span> <span class='ocrx_word' id='word_1_275' title='bbox 737 2068 843 2131; x_wconf 88' lang='lat' dir='ltr'><strong><em>minus</em></strong></span> <span class='ocrx_word' id='word_1_276' title='bbox 877 2068 1048 2150; x_wconf 79' lang='lat' dir='ltr'><strong><em>copitarnnt</em></strong></span> <span class='ocrx_word' id='word_1_277' title='bbox 1073 2071 1183 2147; x_wconf 88' lang='lat' dir='ltr'><strong><em>patres</em></strong></span> <span class='ocrx_word' id='word_1_278' title='bbox 1235 2067 1316 2130; x_wconf 87' lang='lat' dir='ltr'><strong><em>nictu</em></strong></span> <span class='ocrx_word' id='word_1_279' title='bbox 1349 2065 1453 2146; x_wconf 74' lang='lat' dir='ltr'><strong><em>qualis</em></strong></span> <span class='ocrx_word' id='word_1_280' title='bbox 1478 2064 1672 2149; x_wconf 79' lang='lat' dir='ltr'><strong><em>frupalitas?</em></strong></span> <span class='ocrx_word' id='word_1_281' title='bbox 1724 2068 1796 2132; x_wconf 89' lang='lat' dir='ltr'><strong><em>Non</em></strong></span> <span class='ocrx_word' id='word_1_282' title='bbox 1829 2068 1920 2133; x_wconf 84' lang='lat' dir='ltr'><strong><em>older</em></strong></span> <span class='ocrx_word' id='word_1_283' title='bbox 1941 2072 2032 2151; x_wconf 91' lang='lat' dir='ltr'><strong><em>porci</em></strong></span> <span class='ocrx_word' id='word_1_284' title='bbox 2061 2071 2095 2134; x_wconf 85' lang='lat' dir='ltr'><strong><em>iri</em></strong></span> <span class='ocrx_word' id='word_1_285' title='bbox 2122 2071 2215 2135; x_wconf 88' lang='lat' dir='ltr'><strong><em>haris-</em></strong></span> 
     </span>
     <span class='ocr_line' id='line_1_22' title="bbox 204 2149 2213 2240; baseline 0 -19"><span class='ocrx_word' id='word_1_286' title='bbox 204 2176 300 2240; x_wconf 76' lang='grc'><em>66666</em></span> <span class='ocrx_word' id='word_1_287' title='bbox 326 2154 464 2220; x_wconf 89' lang='lat' dir='ltr'><strong><em>stabilire</em></strong></span> <span class='ocrx_word' id='word_1_288' title='bbox 490 2154 642 2218; x_wconf 83' lang='lat' dir='ltr'><strong><em>einsnoodi</em></strong></span> <span class='ocrx_word' id='word_1_289' title='bbox 670 2153 884 2234; x_wconf 76' lang='lat' dir='ltr'><strong><em>perfectionem</em></strong></span> <span class='ocrx_word' id='word_1_290' title='bbox 916 2174 995 2234; x_wconf 79' lang='lat' dir='ltr'><strong><em>qnae</em></strong></span> <span class='ocrx_word' id='word_1_291' title='bbox 1021 2157 1131 2233; x_wconf 90' lang='lat' dir='ltr'><strong><em>postea</em></strong></span> <span class='ocrx_word' id='word_1_292' title='bbox 1163 2173 1184 2216; x_wconf 92' lang='lat' dir='ltr'><strong><em>a</em></strong></span> <span class='ocrx_word' id='word_1_293' title='bbox 1235 2152 1428 2234; x_wconf 80' lang='lat' dir='ltr'><strong><em>supinantur.</em></strong></span> <span class='ocrx_word' id='word_1_294' title='bbox 1475 2149 1536 2216; x_wconf 81' lang='lat' dir='ltr'><strong><em>Sed</em></strong></span> <span class='ocrx_word' id='word_1_295' title='bbox 1557 2173 1595 2216; x_wconf 89' lang='lat' dir='ltr'><strong><em>ne</em></strong></span> <span class='ocrx_word' id='word_1_296' title='bbox 1616 2159 1785 2234; x_wconf 73' lang='lat' dir='ltr'><strong><em>oneramur</em></strong></span> <span class='ocrx_word' id='word_1_297' title='bbox 1804 2175 1836 2218; x_wconf 93' lang='grc'><strong><em>36</em></strong></span> <span class='ocrx_word' id='word_1_298' title='bbox 1860 2156 1956 2218; x_wconf 80' lang='lat' dir='ltr'><strong><em>nimis</em></strong></span> <span class='ocrx_word' id='word_1_299' title='bbox 1978 2155 2170 2221; x_wconf 72' lang='lat' dir='ltr'><strong><em>inclementer</em></strong></span> <span class='ocrx_word' id='word_1_300' title='bbox 2191 2179 2213 2222; x_wconf 90' lang='lat' dir='ltr'><strong><em>a</em></strong></span> 
     </span>
     <span class='ocr_line' id='line_1_23' title="bbox 205 2237 2213 2324; baseline 0 -17"><span class='ocrx_word' id='word_1_301' title='bbox 205 2242 366 2308; x_wconf 78' lang='lat' dir='ltr'><strong><em>annullatis</em></strong></span> <span class='ocrx_word' id='word_1_302' title='bbox 396 2240 543 2321; x_wconf 87' lang='lat' dir='ltr'><strong><em>sophistis</em></strong></span> <span class='ocrx_word' id='word_1_303' title='bbox 567 2238 738 2321; x_wconf 87' lang='lat' dir='ltr'><strong><em>fabrefacta</em></strong></span> <span class='ocrx_word' id='word_1_304' title='bbox 762 2238 839 2320; x_wconf 92' lang='lat' dir='ltr'><strong><em>fuit,</em></strong></span> <span class='ocrx_word' id='word_1_305' title='bbox 865 2244 900 2302; x_wconf 92' lang='grc'><strong><em>66</em></strong></span> <span class='ocrx_word' id='word_1_306' title='bbox 925 2238 1078 2320; x_wconf 91' lang='lat' dir='ltr'><strong><em>duplicem</em></strong></span> <span class='ocrx_word' id='word_1_307' title='bbox 1105 2237 1185 2301; x_wconf 79' lang='lat' dir='ltr'><strong><em>chri</em></strong></span> <span class='ocrx_word' id='word_1_308' title='bbox 1235 2258 1283 2301; x_wconf 93' lang='lat' dir='ltr'><strong><em>me</em></strong></span> <span class='ocrx_word' id='word_1_309' title='bbox 1309 2238 1454 2317; x_wconf 85' lang='lat' dir='ltr'><strong><em>tractari,</em></strong></span> <span class='ocrx_word' id='word_1_310' title='bbox 1483 2257 1544 2301; x_wconf 90' lang='lat' dir='ltr'><strong><em>non</em></strong></span> <span class='ocrx_word' id='word_1_311' title='bbox 1575 2238 1707 2302; x_wconf 90' lang='lat' dir='ltr'><strong><em>ulterius</em></strong></span> <span class='ocrx_word' id='word_1_312' title='bbox 1731 2260 1836 2324; x_wconf 83' lang='lat' dir='ltr'><strong><em>perpe.</em></strong></span> <span class='ocrx_word' id='word_1_313' title='bbox 1889 2242 2075 2322; x_wconf 59' lang='grc'><em>6366666666</em></span> <span class='ocrx_word' id='word_1_314' title='bbox 2101 2244 2135 2306; x_wconf 90' lang='grc'><strong><em>66</em></strong></span> <span class='ocrx_word' id='word_1_315' title='bbox 2161 2242 2213 2307; x_wconf 88' lang='lat' dir='ltr'><strong><em>his</em></strong></span> 
     </span>
     <span class='ocr_line' id='line_1_24' title="bbox 206 2323 2211 2410; baseline 0 -18"><span class='ocrx_word' id='word_1_316' title='bbox 206 2329 406 2392; x_wconf 87' lang='lat' dir='ltr'><strong><em>stianismum</em></strong></span> <span class='ocrx_word' id='word_1_317' title='bbox 432 2323 478 2389; x_wconf 87' lang='lat' dir='ltr'><strong><em>sic</em></strong></span> <span class='ocrx_word' id='word_1_318' title='bbox 504 2326 661 2408; x_wconf 85' lang='lat' dir='ltr'><strong><em>eriperent.</em></strong></span> <span class='ocrx_word' id='word_1_319' title='bbox 707 2324 855 2388; x_wconf 90' lang='lat' dir='ltr'><strong><em>Nondum</em></strong></span> <span class='ocrx_word' id='word_1_320' title='bbox 883 2325 966 2388; x_wconf 88' lang='lat' dir='ltr'><strong><em>enim</em></strong></span> <span class='ocrx_word' id='word_1_321' title='bbox 988 2329 1097 2388; x_wconf 90' lang='lat' dir='ltr'><strong><em>natum</em></strong></span> <span class='ocrx_word' id='word_1_322' title='bbox 1118 2327 1184 2386; x_wconf 88' lang='lat' dir='ltr'><strong><em>erat</em></strong></span> <span class='ocrx_word' id='word_1_323' title='bbox 1229 2325 1345 2404; x_wconf 89' lang='lat' dir='ltr'><strong><em>paucis</em></strong></span> <span class='ocrx_word' id='word_1_324' title='bbox 1367 2345 1446 2404; x_wconf 80' lang='lat' dir='ltr'><strong><em>quae</em></strong></span> <span class='ocrx_word' id='word_1_325' title='bbox 1467 2324 1572 2407; x_wconf 83' lang='lat' dir='ltr'><strong><em>attipi,</em></strong></span> <span class='ocrx_word' id='word_1_326' title='bbox 1598 2324 1680 2388; x_wconf 91' lang='lat' dir='ltr'><strong><em>nihil</em></strong></span> <span class='ocrx_word' id='word_1_327' title='bbox 1700 2345 1765 2390; x_wconf 90' lang='grc'><em>6336</em></span> <span class='ocrx_word' id='word_1_328' title='bbox 1786 2328 1974 2390; x_wconf 80' lang='lat' dir='ltr'><strong><em>acmrsatorie</em></strong></span> <span class='ocrx_word' id='word_1_329' title='bbox 2000 2328 2116 2392; x_wconf 87' lang='lat' dir='ltr'><strong><em>dictum</em></strong></span> <span class='ocrx_word' id='word_1_330' title='bbox 2135 2329 2211 2410; x_wconf 86' lang='lat' dir='ltr'><strong><em>fato-</em></strong></span> 
     </span>
     <span class='ocr_line' id='line_1_25' title="bbox 206 2409 2213 2496; baseline 0 -18"><span class='ocrx_word' id='word_1_331' title='bbox 206 2413 392 2496; x_wconf 79' lang='lat' dir='ltr'><strong><em>sacrilepum</em></strong></span> <span class='ocrx_word' id='word_1_332' title='bbox 413 2411 493 2475; x_wconf 90' lang='lat' dir='ltr'><strong><em>illud</em></strong></span> <span class='ocrx_word' id='word_1_333' title='bbox 514 2411 640 2494; x_wconf 84' lang='lat' dir='ltr'><strong><em>dopna,</em></strong></span> <span class='ocrx_word' id='word_1_334' title='bbox 663 2410 744 2491; x_wconf 76' lang='lat' dir='ltr'><strong><em>qnod</em></strong></span> <span class='ocrx_word' id='word_1_335' title='bbox 759 2411 983 2492; x_wconf 70' lang='lat' dir='ltr'><strong><em>professionem</em></strong></span> <span class='ocrx_word' id='word_1_336' title='bbox 1003 2410 1184 2473; x_wconf 90' lang='lat' dir='ltr'><strong><em>monastices</em></strong></span> <span class='ocrx_word' id='word_1_337' title='bbox 1236 2409 1327 2488; x_wconf 88' lang='lat' dir='ltr'><strong><em>bitur,</em></strong></span> <span class='ocrx_word' id='word_1_338' title='bbox 1348 2410 1520 2490; x_wconf 76' lang='lat' dir='ltr'><strong><em>quicunqne</em></strong></span> <span class='ocrx_word' id='word_1_339' title='bbox 1540 2431 1605 2473; x_wconf 89' lang='lat' dir='ltr'><strong><em>rem</em></strong></span> <span class='ocrx_word' id='word_1_340' title='bbox 1626 2412 1731 2491; x_wconf 88' lang='lat' dir='ltr'><strong><em>ipsam</em></strong></span> <span class='ocrx_word' id='word_1_341' title='bbox 1746 2413 1836 2476; x_wconf 89' lang='grc'><em>66666.</em></span> <span class='ocrx_word' id='word_1_342' title='bbox 1880 2413 2094 2495; x_wconf 83' lang='lat' dir='ltr'><strong><em>Anpustinns,</em></strong></span> <span class='ocrx_word' id='word_1_343' title='bbox 2117 2435 2213 2495; x_wconf 82' lang='lat' dir='ltr'><strong><em>quum</em></strong></span> 
     </span>
     <span class='ocr_line' id='line_1_26' title="bbox 206 2496 2213 2581; baseline -0 -18"><span class='ocrx_word' id='word_1_344' title='bbox 206 2499 355 2581; x_wconf 89' lang='lat' dir='ltr'><strong><em>baptismo</em></strong></span> <span class='ocrx_word' id='word_1_345' title='bbox 381 2501 552 2578; x_wconf 89' lang='lat' dir='ltr'><strong><em>comparat,</em></strong></span> <span class='ocrx_word' id='word_1_346' title='bbox 581 2498 643 2560; x_wconf 93' lang='lat' dir='ltr'><strong><em>imo</em></strong></span> <span class='ocrx_word' id='word_1_347' title='bbox 665 2496 778 2577; x_wconf 89' lang='lat' dir='ltr'><strong><em>palam</em></strong></span> <span class='ocrx_word' id='word_1_348' title='bbox 805 2497 930 2575; x_wconf 85' lang='lat' dir='ltr'><strong><em>asserit,</em></strong></span> <span class='ocrx_word' id='word_1_349' title='bbox 962 2498 1097 2578; x_wconf 91' lang='lat' dir='ltr'><strong><em>formam</em></strong></span> <span class='ocrx_word' id='word_1_350' title='bbox 1120 2515 1185 2559; x_wconf 90' lang='grc'><em>6336</em></span> <span class='ocrx_word' id='word_1_351' title='bbox 1235 2499 1323 2559; x_wconf 91' lang='lat' dir='ltr'><strong><em>tanta</em></strong></span> <span class='ocrx_word' id='word_1_352' title='bbox 1345 2496 1497 2574; x_wconf 87' lang='lat' dir='ltr'><strong><em>castitate,</em></strong></span> <span class='ocrx_word' id='word_1_353' title='bbox 1519 2496 1687 2560; x_wconf 85' lang='lat' dir='ltr'><strong><em>secundnm</em></strong></span> <span class='ocrx_word' id='word_1_354' title='bbox 1707 2498 1776 2561; x_wconf 89' lang='grc'><em>6663</em></span> <span class='ocrx_word' id='word_1_355' title='bbox 1797 2499 2016 2578; x_wconf 86' lang='lat' dir='ltr'><strong><em>testimonium,</em></strong></span> <span class='ocrx_word' id='word_1_356' title='bbox 2039 2500 2213 2564; x_wconf 84' lang='lat' dir='ltr'><strong><em>cncdlererd</em></strong></span> 
     </span>
     <span class='ocr_line' id='line_1_27' title="bbox 206 2580 2212 2667; baseline -0 -17"><span class='ocrx_word' id='word_1_357' title='bbox 206 2584 332 2650; x_wconf 87' lang='lat' dir='ltr'><strong><em>secundi</em></strong></span> <span class='ocrx_word' id='word_1_358' title='bbox 365 2583 518 2665; x_wconf 82' lang='lat' dir='ltr'><strong><em>baptismi.</em></strong></span> <span class='ocrx_word' id='word_1_359' title='bbox 569 2582 621 2646; x_wconf 85' lang='lat' dir='ltr'><strong><em>Ab</em></strong></span> <span class='ocrx_word' id='word_1_360' title='bbox 653 2582 712 2646; x_wconf 84' lang='lat' dir='ltr'><strong><em>hac</em></strong></span> <span class='ocrx_word' id='word_1_361' title='bbox 744 2581 934 2663; x_wconf 81' lang='lat' dir='ltr'><strong><em>blasphemia</em></strong></span> <span class='ocrx_word' id='word_1_362' title='bbox 967 2583 1039 2662; x_wconf 81' lang='lat' dir='ltr'><strong><em>puis</em></strong></span> <span class='ocrx_word' id='word_1_363' title='bbox 1071 2580 1185 2644; x_wconf 89' lang='lat' dir='ltr'><strong><em>dubitet</em></strong></span> <span class='ocrx_word' id='word_1_364' title='bbox 1235 2580 1392 2660; x_wconf 89' lang='lat' dir='ltr'><strong><em>monachi,</em></strong></span> <span class='ocrx_word' id='word_1_365' title='bbox 1425 2582 1565 2662; x_wconf 81' lang='lat' dir='ltr'><strong><em>queritur</em></strong></span> <span class='ocrx_word' id='word_1_366' title='bbox 1578 2581 1602 2667; x_wconf 90' lang='lat'><strong><em>¹)</em></strong></span> <span class='ocrx_word' id='word_1_367' title='bbox 1629 2587 1730 2648; x_wconf 89' lang='lat' dir='ltr'><strong><em>tamen</em></strong></span> <span class='ocrx_word' id='word_1_368' title='bbox 1757 2583 1867 2648; x_wconf 90' lang='lat' dir='ltr'><strong><em>multos</em></strong></span> <span class='ocrx_word' id='word_1_369' title='bbox 1893 2603 1958 2649; x_wconf 89' lang='lat' dir='ltr'><strong><em>esse</em></strong></span> <span class='ocrx_word' id='word_1_370' title='bbox 1990 2605 2124 2664; x_wconf 78' lang='lat' dir='ltr'><strong><em>emmas,</em></strong></span> <span class='ocrx_word' id='word_1_371' title='bbox 2157 2585 2212 2665; x_wconf 77' lang='lat' dir='ltr'><strong><em>qui</em></strong></span> 
     </span>
     <span class='ocr_line' id='line_1_28' title="bbox 200 2666 2212 2754; baseline -0.001 -19"><span class='ocrx_word' id='word_1_372' title='bbox 200 2675 309 2754; x_wconf 91' lang='lat' dir='ltr'><strong><em>patres</em></strong></span> <span class='ocrx_word' id='word_1_373' title='bbox 330 2674 388 2734; x_wconf 90' lang='grc'><em>6666</em></span> <span class='ocrx_word' id='word_1_374' title='bbox 415 2671 519 2733; x_wconf 75' lang='lat' dir='ltr'><strong><em>aninlo</em></strong></span> <span class='ocrx_word' id='word_1_375' title='bbox 541 2668 763 2732; x_wconf 79' lang='lat' dir='ltr'><strong><em>abhorruisse?</em></strong></span> <span class='ocrx_word' id='word_1_376' title='bbox 805 2667 879 2731; x_wconf 92' lang='lat' dir='ltr'><strong><em>Iam</em></strong></span> <span class='ocrx_word' id='word_1_377' title='bbox 905 2668 986 2732; x_wconf 89' lang='lat' dir='ltr'><strong><em>illud</em></strong></span> <span class='ocrx_word' id='word_1_378' title='bbox 1007 2671 1182 2745; x_wconf 73' lang='lat' dir='ltr'><strong><em>extremum,</em></strong></span> <span class='ocrx_word' id='word_1_379' title='bbox 1235 2667 1329 2732; x_wconf 89' lang='lat' dir='ltr'><strong><em>malis</em></strong></span> <span class='ocrx_word' id='word_1_380' title='bbox 1351 2666 1471 2731; x_wconf 90' lang='lat' dir='ltr'><strong><em>artibus</em></strong></span> <span class='ocrx_word' id='word_1_381' title='bbox 1493 2672 1520 2731; x_wconf 90' lang='lat' dir='ltr'><strong><em>et</em></strong></span> <span class='ocrx_word' id='word_1_382' title='bbox 1540 2669 1721 2749; x_wconf 88' lang='lat' dir='ltr'><strong><em>imposturis</em></strong></span> <span class='ocrx_word' id='word_1_383' title='bbox 1737 2669 1940 2751; x_wconf 85' lang='lat' dir='ltr'><strong><em>simpliciores</em></strong></span> <span class='ocrx_word' id='word_1_384' title='bbox 1955 2672 2092 2752; x_wconf 82' lang='lat' dir='ltr'><strong><em>pecrmia</em></strong></span> <span class='ocrx_word' id='word_1_385' title='bbox 2109 2691 2212 2734; x_wconf 76' lang='grc'><em>66666-</em></span> 
     </span>
     <span class='ocr_line' id='line_1_29' title="bbox 205 2752 2212 2840; baseline 0 -20"><span class='ocrx_word' id='word_1_386' title='bbox 205 2757 287 2840; x_wconf 81' lang='lat' dir='ltr'><strong><em>puod</em></strong></span> <span class='ocrx_word' id='word_1_387' title='bbox 314 2756 401 2838; x_wconf 88' lang='lat' dir='ltr'><strong><em>apud</em></strong></span> <span class='ocrx_word' id='word_1_388' title='bbox 427 2760 540 2819; x_wconf 81' lang='grc'><em>6666663</em></span> <span class='ocrx_word' id='word_1_389' title='bbox 560 2754 722 2818; x_wconf 78' lang='lat' dir='ltr'><strong><em>monachus</em></strong></span> <span class='ocrx_word' id='word_1_390' title='bbox 747 2754 849 2835; x_wconf 88' lang='lat' dir='ltr'><strong><em>fnisse</em></strong></span> <span class='ocrx_word' id='word_1_391' title='bbox 874 2754 948 2818; x_wconf 81' lang='lat' dir='ltr'><strong><em>dicit</em></strong></span> <span class='ocrx_word' id='word_1_392' title='bbox 975 2752 1182 2836; x_wconf 85' lang='lat' dir='ltr'><strong><em>Aupustinns,</em></strong></span> <span class='ocrx_word' id='word_1_393' title='bbox 1233 2756 1324 2835; x_wconf 82' lang='lat' dir='ltr'><strong><em>pant,</em></strong></span> <span class='ocrx_word' id='word_1_394' title='bbox 1358 2753 1413 2833; x_wconf 83' lang='lat' dir='ltr'><strong><em>qni</em></strong></span> <span class='ocrx_word' id='word_1_395' title='bbox 1444 2752 1595 2835; x_wconf 78' lang='lat' dir='ltr'><strong><em>reliquias</em></strong></span> <span class='ocrx_word' id='word_1_396' title='bbox 1633 2759 1807 2836; x_wconf 85' lang='lat' dir='ltr'><strong><em>martprnm</em></strong></span> <span class='ocrx_word' id='word_1_397' title='bbox 1838 2756 2076 2836; x_wconf 88' lang='lat' dir='ltr'><strong><em>circumferendo</em></strong></span> <span class='ocrx_word' id='word_1_398' title='bbox 2107 2761 2212 2836; x_wconf 87' lang='lat' dir='ltr'><strong><em>turpes</em></strong></span> 
     </span>
     <span class='ocr_line' id='line_1_30' title="bbox 205 2837 2212 2924; baseline -0.001 -17"><span class='ocrx_word' id='word_1_399' title='bbox 205 2848 240 2908; x_wconf 90' lang='grc'><strong><em>66</em></strong></span> <span class='ocrx_word' id='word_1_400' title='bbox 261 2841 373 2906; x_wconf 88' lang='lat' dir='ltr'><strong><em>scilicet</em></strong></span> <span class='ocrx_word' id='word_1_401' title='bbox 399 2845 472 2905; x_wconf 92' lang='lat' dir='ltr'><strong><em>totos</em></strong></span> <span class='ocrx_word' id='word_1_402' title='bbox 499 2861 531 2905; x_wconf 91' lang='grc'><strong><em>36</em></strong></span> <span class='ocrx_word' id='word_1_403' title='bbox 552 2841 595 2905; x_wconf 90' lang='lat' dir='ltr'><strong><em>ad</em></strong></span> <span class='ocrx_word' id='word_1_404' title='bbox 618 2841 779 2904; x_wconf 78' lang='grc'><em>6666666666</em></span> <span class='ocrx_word' id='word_1_405' title='bbox 808 2839 1080 2918; x_wconf 84' lang='lat' dir='ltr'><strong><em>accormnodarent,</em></strong></span> <span class='ocrx_word' id='word_1_406' title='bbox 1108 2838 1185 2920; x_wconf 81' lang='lat' dir='ltr'><strong><em>quid</em></strong></span> <span class='ocrx_word' id='word_1_407' title='bbox 1236 2837 1473 2903; x_wconf 79' lang='lat' dir='ltr'><strong><em>nundinationes</em></strong></span> <span class='ocrx_word' id='word_1_408' title='bbox 1500 2844 1668 2919; x_wconf 74' lang='grc'><em>6666666666,</em></span> <span class='ocrx_word' id='word_1_409' title='bbox 1698 2841 1760 2905; x_wconf 91' lang='lat' dir='ltr'><strong><em>imo</em></strong></span> <span class='ocrx_word' id='word_1_410' title='bbox 1781 2861 1843 2922; x_wconf 88' lang='lat' dir='ltr'><strong><em>pro</em></strong></span> <span class='ocrx_word' id='word_1_411' title='bbox 1869 2845 2042 2924; x_wconf 72' lang='lat' dir='ltr'><strong><em>martyrum</em></strong></span> <span class='ocrx_word' id='word_1_412' title='bbox 2069 2842 2212 2923; x_wconf 79' lang='lat' dir='ltr'><strong><em>rdiqniis</em></strong></span> 
     </span>
     <span class='ocr_line' id='line_1_31' title="bbox 205 2924 2213 3011; baseline -0.001 -18"><span class='ocrx_word' id='word_1_413' title='bbox 205 2949 284 3011; x_wconf 87' lang='lat' dir='ltr'><strong><em>opus</em></strong></span> <span class='ocrx_word' id='word_1_414' title='bbox 311 2933 356 2992; x_wconf 90' lang='grc'><strong><em>636</em></strong></span> <span class='ocrx_word' id='word_1_415' title='bbox 376 2927 478 2992; x_wconf 82' lang='lat' dir='ltr'><strong><em>verbis</em></strong></span> <span class='ocrx_word' id='word_1_416' title='bbox 498 2927 721 3004; x_wconf 84' lang='lat' dir='ltr'><strong><em>denmistrare,</em></strong></span> <span class='ocrx_word' id='word_1_417' title='bbox 750 2945 814 2990; x_wconf 89' lang='grc'><em>6336</em></span> <span class='ocrx_word' id='word_1_418' title='bbox 835 2925 874 2989; x_wconf 91' lang='lat' dir='ltr'><strong><em>ab</em></strong></span> <span class='ocrx_word' id='word_1_419' title='bbox 898 2926 956 2990; x_wconf 90' lang='lat' dir='ltr'><strong><em>hac</em></strong></span> <span class='ocrx_word' id='word_1_420' title='bbox 976 2926 1093 2990; x_wconf 81' lang='lat' dir='ltr'><strong><em>novitia</em></strong></span> <span class='ocrx_word' id='word_1_421' title='bbox 1109 2945 1185 3006; x_wconf 91' lang='lat' dir='ltr'><strong><em>pro-</em></strong></span> <span class='ocrx_word' id='word_1_422' title='bbox 1236 2924 1437 3006; x_wconf 82' lang='lat' dir='ltr'><strong><em>quornmlibet</em></strong></span> <span class='ocrx_word' id='word_1_423' title='bbox 1458 2931 1649 2989; x_wconf 86' lang='lat' dir='ltr'><strong><em>mortuoram</em></strong></span> <span class='ocrx_word' id='word_1_424' title='bbox 1676 2945 1748 2990; x_wconf 90' lang='lat' dir='ltr'><strong><em>ossa</em></strong></span> <span class='ocrx_word' id='word_1_425' title='bbox 1767 2926 1934 3006; x_wconf 88' lang='lat' dir='ltr'><strong><em>nenditent;</em></strong></span> <span class='ocrx_word' id='word_1_426' title='bbox 1961 2928 2016 3007; x_wconf 80' lang='lat' dir='ltr'><strong><em>pai</em></strong></span> <span class='ocrx_word' id='word_1_427' title='bbox 2042 2928 2149 2991; x_wconf 89' lang='lat' dir='ltr'><strong><em>multis</em></strong></span> <span class='ocrx_word' id='word_1_428' title='bbox 2170 2929 2213 2992; x_wconf 78' lang='lat' dir='ltr'><strong><em>si</em></strong></span> 
     </span>
     <span class='ocr_line' id='line_1_32' title="bbox 205 3009 2213 3098; baseline 0 -19"><span class='ocrx_word' id='word_1_429' title='bbox 205 3016 339 3098; x_wconf 87' lang='lat' dir='ltr'><strong><em>fossione</em></strong></span> <span class='ocrx_word' id='word_1_430' title='bbox 360 3012 610 3078; x_wconf 79' lang='lat' dir='ltr'><strong><em>alienissimam?</em></strong></span> <span class='ocrx_word' id='word_1_431' title='bbox 654 3011 719 3076; x_wconf 88' lang='lat' dir='ltr'><strong><em>Res</em></strong></span> <span class='ocrx_word' id='word_1_432' title='bbox 741 3013 813 3093; x_wconf 89' lang='lat' dir='ltr'><strong><em>ipsa</em></strong></span> <span class='ocrx_word' id='word_1_433' title='bbox 834 3011 981 3093; x_wconf 80' lang='lat' dir='ltr'><strong><em>loquitur,</em></strong></span> <span class='ocrx_word' id='word_1_434' title='bbox 1011 3031 1061 3075; x_wconf 91' lang='lat' dir='ltr'><strong><em>eas</em></strong></span> <span class='ocrx_word' id='word_1_435' title='bbox 1082 3030 1184 3074; x_wconf 88' lang='lat' dir='ltr'><strong><em>ornnes</em></strong></span> <span class='ocrx_word' id='word_1_436' title='bbox 1236 3009 1363 3074; x_wconf 85' lang='lat' dir='ltr'><strong><em>milibus</em></strong></span> <span class='ocrx_word' id='word_1_437' title='bbox 1386 3009 1520 3094; x_wconf 78' lang='lat' dir='ltr'><strong><em>flapitiis</em></strong></span> <span class='ocrx_word' id='word_1_438' title='bbox 1546 3012 1749 3095; x_wconf 79' lang='lat' dir='ltr'><strong><em>iprrominiam</em></strong></span> <span class='ocrx_word' id='word_1_439' title='bbox 1776 3012 1881 3077; x_wconf 90' lang='lat' dir='ltr'><strong><em>ordini</em></strong></span> <span class='ocrx_word' id='word_1_440' title='bbox 1912 3014 2048 3077; x_wconf 88' lang='lat' dir='ltr'><strong><em>inurant.</em></strong></span> <span class='ocrx_word' id='word_1_441' title='bbox 2109 3013 2149 3079; x_wconf 88' lang='lat' dir='ltr'><strong><em>Ut</em></strong></span> <span class='ocrx_word' id='word_1_442' title='bbox 2180 3034 2213 3079; x_wconf 88' lang='grc'><strong><em>36</em></strong></span> 
     </span>
     <span class='ocr_line' id='line_1_33' title="bbox 206 3096 2214 3182; baseline 0.001 -19"><span class='ocrx_word' id='word_1_443' title='bbox 206 3100 317 3182; x_wconf 77' lang='lat' dir='ltr'><strong><em>quiin</em></strong></span> <span class='ocrx_word' id='word_1_444' title='bbox 339 3098 479 3163; x_wconf 77' lang='lat' dir='ltr'><strong><em>coenubio</em></strong></span> <span class='ocrx_word' id='word_1_445' title='bbox 499 3098 675 3176; x_wconf 85' lang='lat' dir='ltr'><strong><em>cmccdurd,</em></strong></span> <span class='ocrx_word' id='word_1_446' title='bbox 697 3099 911 3163; x_wconf 89' lang='lat' dir='ltr'><strong><em>discessionem</em></strong></span> <span class='ocrx_word' id='word_1_447' title='bbox 933 3096 971 3162; x_wconf 92' lang='lat' dir='ltr'><strong><em>ab</em></strong></span> <span class='ocrx_word' id='word_1_448' title='bbox 992 3097 1117 3161; x_wconf 86' lang='lat' dir='ltr'><strong><em>ecclesia</em></strong></span> <span class='ocrx_word' id='word_1_449' title='bbox 1136 3096 1185 3178; x_wconf 84' lang='lat' dir='ltr'><strong><em>fa</em></strong></span> <span class='ocrx_word' id='word_1_450' title='bbox 1236 3096 1337 3160; x_wconf 90' lang='lat' dir='ltr'><strong><em>nullos</em></strong></span> <span class='ocrx_word' id='word_1_451' title='bbox 1357 3096 1473 3160; x_wconf 85' lang='lat' dir='ltr'><strong><em>uidisse</em></strong></span> <span class='ocrx_word' id='word_1_452' title='bbox 1498 3097 1638 3162; x_wconf 89' lang='lat' dir='ltr'><strong><em>meliores</em></strong></span> <span class='ocrx_word' id='word_1_453' title='bbox 1656 3097 1834 3179; x_wconf 72' lang='grc'><em>6666661666,</em></span> <span class='ocrx_word' id='word_1_454' title='bbox 1861 3119 1956 3179; x_wconf 78' lang='lat' dir='ltr'><strong><em>qnam</em></strong></span> <span class='ocrx_word' id='word_1_455' title='bbox 1977 3100 2032 3180; x_wconf 80' lang='lat' dir='ltr'><strong><em>pai</em></strong></span> <span class='ocrx_word' id='word_1_456' title='bbox 2053 3100 2088 3163; x_wconf 92' lang='lat' dir='ltr'><strong><em>in</em></strong></span> <span class='ocrx_word' id='word_1_457' title='bbox 2109 3121 2214 3165; x_wconf 89' lang='lat' dir='ltr'><strong><em>mona-</em></strong></span> 
     </span>
     <span class='ocr_line' id='line_1_34' title="bbox 208 3182 2214 3267; baseline 0 -16"><span class='ocrx_word' id='word_1_458' title='bbox 208 3206 281 3252; x_wconf 88' lang='lat' dir='ltr'><strong><em>cere.</em></strong></span> <span class='ocrx_word' id='word_1_459' title='bbox 329 3184 412 3265; x_wconf 74' lang='lat' dir='ltr'><strong><em>Quid</em></strong></span> <span class='ocrx_word' id='word_1_460' title='bbox 433 3184 538 3247; x_wconf 78' lang='lat' dir='ltr'><strong><em>enim?</em></strong></span> <span class='ocrx_word' id='word_1_461' title='bbox 581 3182 698 3247; x_wconf 85' lang='lat' dir='ltr'><strong><em>Armon</em></strong></span> <span class='ocrx_word' id='word_1_462' title='bbox 719 3204 752 3247; x_wconf 93' lang='grc'><strong><em>36</em></strong></span> <span class='ocrx_word' id='word_1_463' title='bbox 773 3206 794 3248; x_wconf 90' lang='grc'><em>6</em></span> <span class='ocrx_word' id='word_1_464' title='bbox 821 3183 959 3267; x_wconf 82' lang='lat' dir='ltr'><strong><em>lepitima</em></strong></span> <span class='ocrx_word' id='word_1_465' title='bbox 977 3183 1118 3264; x_wconf 87' lang='lat' dir='ltr'><strong><em>fidelium</em></strong></span> <span class='ocrx_word' id='word_1_466' title='bbox 1138 3201 1185 3246; x_wconf 91' lang='grc'><strong><em>36-</em></strong></span> <span class='ocrx_word' id='word_1_467' title='bbox 1236 3182 1341 3246; x_wconf 84' lang='lat' dir='ltr'><strong><em>steriis</em></strong></span> <span class='ocrx_word' id='word_1_468' title='bbox 1357 3183 1559 3264; x_wconf 87' lang='lat' dir='ltr'><strong><em>profecerint,·</em></strong></span> <span class='ocrx_word' id='word_1_469' title='bbox 1587 3183 1633 3247; x_wconf 86' lang='lat' dir='ltr'><strong><em>ita</em></strong></span> <span class='ocrx_word' id='word_1_470' title='bbox 1652 3183 1791 3265; x_wconf 86' lang='lat' dir='ltr'><strong><em>deplorat</em></strong></span> <span class='ocrx_word' id='word_1_471' title='bbox 1809 3183 1911 3248; x_wconf 84' lang='lat' dir='ltr'><strong><em>nullos</em></strong></span> <span class='ocrx_word' id='word_1_472' title='bbox 1932 3205 1965 3250; x_wconf 92' lang='grc'><strong><em>36</em></strong></span> <span class='ocrx_word' id='word_1_473' title='bbox 1986 3185 2148 3251; x_wconf 79' lang='grc'><em>6666666663</em></span> <span class='ocrx_word' id='word_1_474' title='bbox 2168 3187 2214 3250; x_wconf 89' lang='grc'><strong><em>66-</em></strong></span> 
     </span>
     <span class='ocr_line' id='line_1_35' title="bbox 208 3266 2214 3353; baseline -0 -16"><span class='ocrx_word' id='word_1_475' title='bbox 208 3273 312 3338; x_wconf 86' lang='grc'><em>6666666</em></span> <span class='ocrx_word' id='word_1_476' title='bbox 335 3274 496 3351; x_wconf 88' lang='lat' dir='ltr'><strong><em>separant,</em></strong></span> <span class='ocrx_word' id='word_1_477' title='bbox 518 3270 678 3351; x_wconf 77' lang='lat' dir='ltr'><strong><em>pean-liare</em></strong></span> <span class='ocrx_word' id='word_1_478' title='bbox 703 3269 763 3333; x_wconf 89' lang='lat' dir='ltr'><strong><em>sibi</em></strong></span> <span class='ocrx_word' id='word_1_479' title='bbox 791 3270 1000 3333; x_wconf 87' lang='lat' dir='ltr'><strong><em>ministerium</em></strong></span> <span class='ocrx_word' id='word_1_480' title='bbox 1027 3274 1054 3333; x_wconf 91' lang='grc'><strong><em>66</em></strong></span> <span class='ocrx_word' id='word_1_481' title='bbox 1075 3270 1186 3350; x_wconf 78' lang='lat' dir='ltr'><strong><em>prino</em></strong></span> <span class='ocrx_word' id='word_1_482' title='bbox 1237 3268 1334 3347; x_wconf 90' lang='lat' dir='ltr'><strong><em>disse,</em></strong></span> <span class='ocrx_word' id='word_1_483' title='bbox 1362 3289 1456 3349; x_wconf 80' lang='lat' dir='ltr'><strong><em>quam</em></strong></span> <span class='ocrx_word' id='word_1_484' title='bbox 1477 3268 1532 3350; x_wconf 78' lang='lat' dir='ltr'><strong><em>qui</em></strong></span> <span class='ocrx_word' id='word_1_485' title='bbox 1559 3268 1594 3333; x_wconf 89' lang='lat' dir='ltr'><strong><em>in</em></strong></span> <span class='ocrx_word' id='word_1_486' title='bbox 1619 3271 1818 3336; x_wconf 84' lang='lat' dir='ltr'><strong><em>monasteriis</em></strong></span> <span class='ocrx_word' id='word_1_487' title='bbox 1844 3266 2013 3353; x_wconf 80' lang='lat' dir='ltr'><strong><em>defecerint.</em></strong></span> <span class='ocrx_word' id='word_1_488' title='bbox 2063 3272 2146 3353; x_wconf 76' lang='lat' dir='ltr'><strong><em>Quid</em></strong></span> <span class='ocrx_word' id='word_1_489' title='bbox 2166 3272 2214 3336; x_wconf 86' lang='lat' dir='ltr'><strong><em>di·</em></strong></span> 
     </span>
     <span class='ocr_line' id='line_1_36' title="bbox 207 3353 2214 3438; baseline -0 -15"><span class='ocrx_word' id='word_1_490' title='bbox 207 3363 272 3423; x_wconf 91' lang='lat' dir='ltr'><strong><em>tam</em></strong></span> <span class='ocrx_word' id='word_1_491' title='bbox 288 3360 550 3421; x_wconf 84' lang='lat' dir='ltr'><strong><em>sacrannntornm</em></strong></span> <span class='ocrx_word' id='word_1_492' title='bbox 568 3356 867 3420; x_wconf 78' lang='lat' dir='ltr'><strong><em>administrationem</em></strong></span> <span class='ocrx_word' id='word_1_493' title='bbox 880 3355 1078 3421; x_wconf 78' lang='lat' dir='ltr'><strong><em>asciscendo?</em></strong></span> <span class='ocrx_word' id='word_1_494' title='bbox 1102 3353 1186 3435; x_wconf 75' lang='lat' dir='ltr'><strong><em>Quid</em></strong></span> <span class='ocrx_word' id='word_1_495' title='bbox 1237 3359 1326 3433; x_wconf 82' lang='lat' dir='ltr'><strong><em>caret,</em></strong></span> <span class='ocrx_word' id='word_1_496' title='bbox 1348 3355 1378 3417; x_wconf 91' lang='lat' dir='ltr'><strong><em>si</em></strong></span> <span class='ocrx_word' id='word_1_497' title='bbox 1399 3353 1488 3419; x_wconf 90' lang='lat' dir='ltr'><strong><em>hodie</em></strong></span> <span class='ocrx_word' id='word_1_498' title='bbox 1512 3355 1694 3436; x_wconf 86' lang='lat' dir='ltr'><strong><em>conspiceret</em></strong></span> <span class='ocrx_word' id='word_1_499' title='bbox 1721 3360 1761 3419; x_wconf 90' lang='lat' dir='ltr'><strong><em>tot</em></strong></span> <span class='ocrx_word' id='word_1_500' title='bbox 1785 3376 1823 3420; x_wconf 91' lang='lat' dir='ltr'><strong><em>ac</em></strong></span> <span class='ocrx_word' id='word_1_501' title='bbox 1848 3360 1913 3421; x_wconf 90' lang='lat' dir='ltr'><strong><em>tam</em></strong></span> <span class='ocrx_word' id='word_1_502' title='bbox 1940 3356 2107 3438; x_wconf 90' lang='lat' dir='ltr'><strong><em>deploratis</em></strong></span> <span class='ocrx_word' id='word_1_503' title='bbox 2127 3359 2214 3422; x_wconf 84' lang='lat' dir='ltr'><strong><em>uitiis</em></strong></span> 
     </span>
     <span class='ocr_line' id='line_1_37' title="bbox 207 3439 2214 3525; baseline -0 -16"><span class='ocrx_word' id='word_1_504' title='bbox 207 3449 252 3509; x_wconf 90' lang='lat' dir='ltr'><strong><em>est</em></strong></span> <span class='ocrx_word' id='word_1_505' title='bbox 272 3442 413 3508; x_wconf 84' lang='lat' dir='ltr'><strong><em>cadesim</em></strong></span> <span class='ocrx_word' id='word_1_506' title='bbox 440 3442 679 3505; x_wconf 88' lang='lat' dir='ltr'><strong><em>communionem</em></strong></span> <span class='ocrx_word' id='word_1_507' title='bbox 705 3441 877 3522; x_wconf 89' lang='lat' dir='ltr'><strong><em>dissipare,</em></strong></span> <span class='ocrx_word' id='word_1_508' title='bbox 906 3443 936 3506; x_wconf 88' lang='lat' dir='ltr'><strong><em>si</em></strong></span> <span class='ocrx_word' id='word_1_509' title='bbox 962 3441 1016 3505; x_wconf 91' lang='lat' dir='ltr'><strong><em>hoc</em></strong></span> <span class='ocrx_word' id='word_1_510' title='bbox 1036 3440 1097 3504; x_wconf 85' lang='grc'><strong><em>666</em></strong></span> <span class='ocrx_word' id='word_1_511' title='bbox 1118 3439 1186 3504; x_wconf 79' lang='lat' dir='ltr'><strong><em>est?</em></strong></span> <span class='ocrx_word' id='word_1_512' title='bbox 1237 3441 1403 3519; x_wconf 77' lang='lat' dir='ltr'><strong><em>exundare,</em></strong></span> <span class='ocrx_word' id='word_1_513' title='bbox 1425 3441 1690 3522; x_wconf 82' lang='lat' dir='ltr'><strong><em>ctpuodarnmodo</em></strong></span> <span class='ocrx_word' id='word_1_514' title='bbox 1707 3462 1831 3523; x_wconf 84' lang='lat' dir='ltr'><strong><em>cropore</em></strong></span> <span class='ocrx_word' id='word_1_515' title='bbox 1847 3443 2033 3525; x_wconf 88' lang='lat' dir='ltr'><strong><em>omniafere</em></strong></span> <span class='ocrx_word' id='word_1_516' title='bbox 2050 3443 2214 3508; x_wconf 74' lang='lat' dir='ltr'><strong><em>menotio?</em></strong></span> 
     </span>
     <span class='ocr_line' id='line_1_38' title="bbox 207 3525 2213 3611; baseline -0.001 -15"><span class='ocrx_word' id='word_1_517' title='bbox 207 3529 311 3611; x_wconf 77' lang='lat' dir='ltr'><strong><em>Atque</em></strong></span> <span class='ocrx_word' id='word_1_518' title='bbox 337 3534 373 3592; x_wconf 91' lang='grc'><strong><em>66</em></strong></span> <span class='ocrx_word' id='word_1_519' title='bbox 400 3549 469 3592; x_wconf 91' lang='lat' dir='ltr'><strong><em>eam</em></strong></span> <span class='ocrx_word' id='word_1_520' title='bbox 490 3549 586 3610; x_wconf 80' lang='lat' dir='ltr'><strong><em>qnam</em></strong></span> <span class='ocrx_word' id='word_1_521' title='bbox 607 3527 689 3608; x_wconf 91' lang='lat' dir='ltr'><strong><em>coepi</em></strong></span> <span class='ocrx_word' id='word_1_522' title='bbox 713 3527 814 3609; x_wconf 86' lang='lat' dir='ltr'><strong><em>facere</em></strong></span> <span class='ocrx_word' id='word_1_523' title='bbox 843 3529 1098 3609; x_wconf 86' lang='lat' dir='ltr'><strong><em>comparationem</em></strong></span> <span class='ocrx_word' id='word_1_524' title='bbox 1112 3546 1185 3607; x_wconf 88' lang='lat' dir='ltr'><strong><em>per-</em></strong></span> <span class='ocrx_word' id='word_1_525' title='bbox 1237 3525 1306 3608; x_wconf 86' lang='lat' dir='ltr'><strong><em>Epo</em></strong></span> <span class='ocrx_word' id='word_1_526' title='bbox 1332 3525 1426 3606; x_wconf 88' lang='lat' dir='ltr'><strong><em>nihil,</em></strong></span> <span class='ocrx_word' id='word_1_527' title='bbox 1459 3527 1525 3591; x_wconf 90' lang='lat' dir='ltr'><strong><em>nisi</em></strong></span> <span class='ocrx_word' id='word_1_528' title='bbox 1551 3526 1632 3610; x_wconf 74' lang='lat' dir='ltr'><strong><em>quod</em></strong></span> <span class='ocrx_word' id='word_1_529' title='bbox 1657 3527 1798 3593; x_wconf 87' lang='lat' dir='ltr'><strong><em>manibus</em></strong></span> <span class='ocrx_word' id='word_1_530' title='bbox 1825 3533 1869 3592; x_wconf 91' lang='lat' dir='ltr'><strong><em>est</em></strong></span> <span class='ocrx_word' id='word_1_531' title='bbox 1897 3530 2108 3607; x_wconf 90' lang='lat' dir='ltr'><strong><em>notissimum,</em></strong></span> <span class='ocrx_word' id='word_1_532' title='bbox 2137 3531 2213 3594; x_wconf 86' lang='lat' dir='ltr'><strong><em>dico.</em></strong></span> 
     </span>
     <span class='ocr_line' id='line_1_39' title="bbox 208 3612 2212 3702; baseline -0.001 -22"><span class='ocrx_word' id='word_1_533' title='bbox 208 3637 321 3696; x_wconf 76' lang='lat' dir='ltr'><strong><em>sequar</em></strong></span> <span class='ocrx_word' id='word_1_534' title='bbox 348 3618 375 3678; x_wconf 91' lang='lat' dir='ltr'><strong><em>et</em></strong></span> <span class='ocrx_word' id='word_1_535' title='bbox 402 3613 493 3678; x_wconf 86' lang='lat' dir='ltr'><strong><em>send</em></strong></span> <span class='ocrx_word' id='word_1_536' title='bbox 519 3613 678 3678; x_wconf 86' lang='lat' dir='ltr'><strong><em>dandam:</em></strong></span> <span class='ocrx_word' id='word_1_537' title='bbox 712 3613 789 3694; x_wconf 79' lang='lat' dir='ltr'><strong><em>quid</em></strong></span> <span class='ocrx_word' id='word_1_538' title='bbox 815 3613 918 3677; x_wconf 90' lang='lat' dir='ltr'><strong><em>simile</em></strong></span> <span class='ocrx_word' id='word_1_539' title='bbox 949 3613 1008 3678; x_wconf 91' lang='lat' dir='ltr'><strong><em>hac</em></strong></span> <span class='ocrx_word' id='word_1_540' title='bbox 1034 3614 1070 3676; x_wconf 93' lang='lat' dir='ltr'><strong><em>in</em></strong></span> <span class='ocrx_word' id='word_1_541' title='bbox 1092 3617 1184 3694; x_wconf 89' lang='lat' dir='ltr'><strong><em>parte</em></strong></span> <span class='ocrx_word' id='word_1_542' title='bbox 1238 3612 1346 3692; x_wconf 78' lang='lat' dir='ltr'><strong><em>Neque</em></strong></span> <span class='ocrx_word' id='word_1_543' title='bbox 1373 3616 1475 3677; x_wconf 81' lang='lat' dir='ltr'><strong><em>tamenn</em></strong></span> <span class='ocrx_word' id='word_1_544' title='bbox 1502 3613 1545 3678; x_wconf 89' lang='lat' dir='ltr'><strong><em>ad</em></strong></span> <span class='ocrx_word' id='word_1_545' title='bbox 1571 3632 1673 3678; x_wconf 84' lang='grc'><em>66663</em></span> <span class='ocrx_word' id='word_1_546' title='bbox 1700 3614 1768 3678; x_wconf 91' lang='lat' dir='ltr'><strong><em>sine</em></strong></span> <span class='ocrx_word' id='word_1_547' title='bbox 1788 3613 1856 3679; x_wconf 89' lang='lat' dir='ltr'><strong><em>alla</em></strong></span> <span class='ocrx_word' id='word_1_548' title='bbox 1877 3634 2013 3696; x_wconf 89' lang='lat' dir='ltr'><strong><em>prorsus</em></strong></span> <span class='ocrx_word' id='word_1_549' title='bbox 2035 3616 2212 3702; x_wconf 71' lang='grc'><em>6666616666,</em></span> 
     </span>
     <span class='ocr_line' id='line_1_40' title="bbox 207 3698 2214 3781; baseline -0.001 -16"><span class='ocrx_word' id='word_1_550' title='bbox 207 3700 316 3765; x_wconf 88' lang='lat' dir='ltr'><strong><em>habent</em></strong></span> <span class='ocrx_word' id='word_1_551' title='bbox 337 3720 407 3764; x_wconf 84' lang='lat' dir='ltr'><strong><em>cunr</em></strong></span> <span class='ocrx_word' id='word_1_552' title='bbox 433 3699 582 3763; x_wconf 81' lang='grc'><em>66666663</em></span> <span class='ocrx_word' id='word_1_553' title='bbox 603 3699 784 3764; x_wconf 79' lang='lat' dir='ltr'><strong><em>monachis?</em></strong></span> <span class='ocrx_word' id='word_1_554' title='bbox 817 3698 886 3778; x_wconf 90' lang='lat' dir='ltr'><strong><em>Illi,</em></strong></span> <span class='ocrx_word' id='word_1_555' title='bbox 914 3700 1035 3764; x_wconf 90' lang='lat' dir='ltr'><strong><em>tametsi</em></strong></span> <span class='ocrx_word' id='word_1_556' title='bbox 1058 3719 1185 3780; x_wconf 84' lang='lat' dir='ltr'><strong><em>separa</em></strong></span> <span class='ocrx_word' id='word_1_557' title='bbox 1230 3699 1364 3779; x_wconf 88' lang='lat' dir='ltr'><strong><em>pertinet</em></strong></span> <span class='ocrx_word' id='word_1_558' title='bbox 1391 3698 1465 3763; x_wconf 86' lang='lat' dir='ltr'><strong><em>haee</em></strong></span> <span class='ocrx_word' id='word_1_559' title='bbox 1490 3700 1681 3781; x_wconf 85' lang='lat' dir='ltr'><strong><em>uituperatio.</em></strong></span> <span class='ocrx_word' id='word_1_560' title='bbox 1736 3699 1998 3781; x_wconf 73' lang='lat' dir='ltr'><strong><em>Quemadmodum</em></strong></span> <span class='ocrx_word' id='word_1_561' title='bbox 2024 3701 2106 3764; x_wconf 90' lang='lat' dir='ltr'><strong><em>enim</em></strong></span> <span class='ocrx_word' id='word_1_562' title='bbox 2134 3721 2214 3763; x_wconf 77' lang='lat' dir='ltr'><strong><em>rrum</em></strong></span> 
     </span>
     <span class='ocr_line' id='line_1_41' title="bbox 208 3784 2215 3866; baseline 0 -16"><span class='ocrx_word' id='word_1_563' title='bbox 208 3787 265 3851; x_wconf 89' lang='lat' dir='ltr'><strong><em>tim</em></strong></span> <span class='ocrx_word' id='word_1_564' title='bbox 286 3785 325 3850; x_wconf 91' lang='lat' dir='ltr'><strong><em>ab</em></strong></span> <span class='ocrx_word' id='word_1_565' title='bbox 353 3785 428 3849; x_wconf 89' lang='lat' dir='ltr'><strong><em>aliis</em></strong></span> <span class='ocrx_word' id='word_1_566' title='bbox 449 3784 639 3864; x_wconf 74' lang='lat' dir='ltr'><strong><em>babitabant,</em></strong></span> <span class='ocrx_word' id='word_1_567' title='bbox 666 3806 728 3848; x_wconf 92' lang='grc'><strong><em>666</em></strong></span> <span class='ocrx_word' id='word_1_568' title='bbox 756 3790 858 3850; x_wconf 88' lang='lat' dir='ltr'><strong><em>tamen</em></strong></span> <span class='ocrx_word' id='word_1_569' title='bbox 884 3785 1032 3850; x_wconf 88' lang='lat' dir='ltr'><strong><em>habebant</em></strong></span> <span class='ocrx_word' id='word_1_570' title='bbox 1058 3805 1184 3866; x_wconf 89' lang='lat' dir='ltr'><strong><em>separa·</em></strong></span> <span class='ocrx_word' id='word_1_571' title='bbox 1235 3805 1330 3865; x_wconf 75' lang='lat' dir='ltr'><strong><em>onam</em></strong></span> <span class='ocrx_word' id='word_1_572' title='bbox 1352 3785 1427 3849; x_wconf 82' lang='lat' dir='ltr'><strong><em>adeo</em></strong></span> <span class='ocrx_word' id='word_1_573' title='bbox 1455 3785 1525 3850; x_wconf 87' lang='lat' dir='ltr'><strong><em>bene</em></strong></span> <span class='ocrx_word' id='word_1_574' title='bbox 1546 3786 1708 3850; x_wconf 87' lang='lat' dir='ltr'><strong><em>constituta</em></strong></span> <span class='ocrx_word' id='word_1_575' title='bbox 1732 3785 1796 3866; x_wconf 89' lang='lat' dir='ltr'><strong><em>fuit</em></strong></span> <span class='ocrx_word' id='word_1_576' title='bbox 1827 3786 1863 3850; x_wconf 91' lang='lat' dir='ltr'><strong><em>in</em></strong></span> <span class='ocrx_word' id='word_1_577' title='bbox 1894 3787 2089 3850; x_wconf 77' lang='lat' dir='ltr'><strong><em>naonosteriis</em></strong></span> <span class='ocrx_word' id='word_1_578' title='bbox 2110 3791 2215 3851; x_wconf 87' lang='lat' dir='ltr'><strong><em>sanate</em></strong></span> 
     </span>
     <span class='ocr_line' id='line_1_42' title="bbox 208 3869 2214 3955; baseline 0.001 -20"><span class='ocrx_word' id='word_1_579' title='bbox 208 3877 272 3936; x_wconf 91' lang='lat' dir='ltr'><strong><em>tam</em></strong></span> <span class='ocrx_word' id='word_1_580' title='bbox 294 3870 459 3950; x_wconf 86' lang='lat' dir='ltr'><strong><em>eodesiam,</em></strong></span> <span class='ocrx_word' id='word_1_581' title='bbox 481 3876 676 3935; x_wconf 85' lang='lat' dir='ltr'><strong><em>sacramenta</em></strong></span> <span class='ocrx_word' id='word_1_582' title='bbox 691 3871 924 3954; x_wconf 75' lang='lat' dir='ltr'><strong><em>participabant</em></strong></span> <span class='ocrx_word' id='word_1_583' title='bbox 945 3892 1015 3936; x_wconf 87' lang='lat' dir='ltr'><strong><em>curn</em></strong></span> <span class='ocrx_word' id='word_1_584' title='bbox 1036 3870 1119 3950; x_wconf 90' lang='lat' dir='ltr'><strong><em>aliis,</em></strong></span> <span class='ocrx_word' id='word_1_585' title='bbox 1142 3869 1185 3935; x_wconf 91' lang='lat' dir='ltr'><strong><em>ad</em></strong></span> <span class='ocrx_word' id='word_1_586' title='bbox 1235 3869 1358 3934; x_wconf 88' lang='lat' dir='ltr'><strong><em>oioendi</em></strong></span> <span class='ocrx_word' id='word_1_587' title='bbox 1380 3871 1535 3954; x_wconf 80' lang='lat' dir='ltr'><strong><em>reputant</em></strong></span> <span class='ocrx_word' id='word_1_588' title='bbox 1557 3871 1732 3953; x_wconf 83' lang='lat' dir='ltr'><strong><em>disciplina,</em></strong></span> <span class='ocrx_word' id='word_1_589' title='bbox 1756 3873 1833 3952; x_wconf 82' lang='lat' dir='ltr'><strong><em>quin</em></strong></span> <span class='ocrx_word' id='word_1_590' title='bbox 1854 3876 2007 3936; x_wconf 79' lang='lat' dir='ltr'><strong><em>castorem</em></strong></span> <span class='ocrx_word' id='word_1_591' title='bbox 2025 3872 2126 3953; x_wconf 75' lang='lat' dir='ltr'><strong><em>aliani</em></strong></span> <span class='ocrx_word' id='word_1_592' title='bbox 2146 3873 2214 3955; x_wconf 88' lang='lat' dir='ltr'><strong><em>fuci</em></strong></span> 
     </span>
     <span class='ocr_line' id='line_1_43' title="bbox 208 3955 2215 4040; baseline -0 -16"><span class='ocrx_word' id='word_1_593' title='bbox 208 3957 344 4024; x_wconf 89' lang='lat' dir='ltr'><strong><em>solennes</em></strong></span> <span class='ocrx_word' id='word_1_594' title='bbox 364 3961 525 4021; x_wconf 76' lang='lat' dir='ltr'><strong><em>convontus</em></strong></span> <span class='ocrx_word' id='word_1_595' title='bbox 544 3977 577 4020; x_wconf 90' lang='grc'><strong><em>36</em></strong></span> <span class='ocrx_word' id='word_1_596' title='bbox 603 3957 761 4036; x_wconf 89' lang='lat' dir='ltr'><strong><em>sistebant,</em></strong></span> <span class='ocrx_word' id='word_1_597' title='bbox 786 3957 852 4022; x_wconf 89' lang='lat' dir='ltr'><strong><em>illic</em></strong></span> <span class='ocrx_word' id='word_1_598' title='bbox 867 3978 950 4040; x_wconf 90' lang='lat' dir='ltr'><strong><em>pars</em></strong></span> <span class='ocrx_word' id='word_1_599' title='bbox 964 3957 1067 4038; x_wconf 84' lang='lat' dir='ltr'><strong><em>plebis</em></strong></span> <span class='ocrx_word' id='word_1_600' title='bbox 1087 3961 1183 4022; x_wconf 78' lang='lat' dir='ltr'><strong><em>mant.</em></strong></span> <span class='ocrx_word' id='word_1_601' title='bbox 1235 3956 1320 4039; x_wconf 80' lang='lat' dir='ltr'><strong><em>lorrpe</em></strong></span> <span class='ocrx_word' id='word_1_602' title='bbox 1342 3955 1417 4020; x_wconf 87' lang='lat' dir='ltr'><strong><em>aliis</em></strong></span> <span class='ocrx_word' id='word_1_603' title='bbox 1439 3956 1623 4036; x_wconf 90' lang='lat' dir='ltr'><strong><em>dissimiles,</em></strong></span> <span class='ocrx_word' id='word_1_604' title='bbox 1651 3957 1698 4020; x_wconf 91' lang='lat' dir='ltr'><strong><em>ita</em></strong></span> <span class='ocrx_word' id='word_1_605' title='bbox 1727 3977 1788 4020; x_wconf 91' lang='lat' dir='ltr'><strong><em>non</em></strong></span> <span class='ocrx_word' id='word_1_606' title='bbox 1808 3958 1855 4021; x_wconf 88' lang='lat' dir='ltr'><strong><em>sic</em></strong></span> <span class='ocrx_word' id='word_1_607' title='bbox 1875 3956 1964 4021; x_wconf 86' lang='lat' dir='ltr'><strong><em>hodie</em></strong></span> <span class='ocrx_word' id='word_1_608' title='bbox 1984 3979 2005 4022; x_wconf 91' lang='grc'><strong><em>6</em></strong></span> <span class='ocrx_word' id='word_1_609' title='bbox 2026 3963 2134 4023; x_wconf 89' lang='lat' dir='ltr'><strong><em>sancta</em></strong></span> <span class='ocrx_word' id='word_1_610' title='bbox 2156 3958 2215 4023; x_wconf 90' lang='lat' dir='ltr'><strong><em>illa</em></strong></span> 
     </span>
     <span class='ocr_line' id='line_1_44' title="bbox 209 4041 2213 4126; baseline 0 -18"><span class='ocrx_word' id='word_1_611' title='bbox 209 4044 280 4123; x_wconf 86' lang='lat' dir='ltr'><strong><em>Isti,</em></strong></span> <span class='ocrx_word' id='word_1_612' title='bbox 303 4043 466 4124; x_wconf 81' lang='lat' dir='ltr'><strong><em>privatum</em></strong></span> <span class='ocrx_word' id='word_1_613' title='bbox 486 4041 548 4106; x_wconf 88' lang='lat' dir='ltr'><strong><em>sibi</em></strong></span> <span class='ocrx_word' id='word_1_614' title='bbox 569 4041 667 4107; x_wconf 87' lang='lat' dir='ltr'><strong><em>altare</em></strong></span> <span class='ocrx_word' id='word_1_615' title='bbox 694 4043 848 4126; x_wconf 84' lang='lat' dir='ltr'><strong><em>eripendo,</em></strong></span> <span class='ocrx_word' id='word_1_616' title='bbox 875 4043 952 4124; x_wconf 81' lang='lat' dir='ltr'><strong><em>puid</em></strong></span> <span class='ocrx_word' id='word_1_617' title='bbox 973 4043 1063 4108; x_wconf 90' lang='lat' dir='ltr'><strong><em>alind</em></strong></span> <span class='ocrx_word' id='word_1_618' title='bbox 1089 4063 1184 4124; x_wconf 75' lang='lat' dir='ltr'><strong><em>auam</em></strong></span> <span class='ocrx_word' id='word_1_619' title='bbox 1236 4043 1418 4122; x_wconf 83' lang='lat' dir='ltr'><strong><em>antiquitate</em></strong></span> <span class='ocrx_word' id='word_1_620' title='bbox 1438 4041 1600 4106; x_wconf 90' lang='lat' dir='ltr'><strong><em>monachos</em></strong></span> <span class='ocrx_word' id='word_1_621' title='bbox 1620 4041 1817 4125; x_wconf 80' lang='lat' dir='ltr'><strong><em>depenerosse</em></strong></span> <span class='ocrx_word' id='word_1_622' title='bbox 1837 4043 1912 4121; x_wconf 89' lang='lat' dir='ltr'><strong><em>dica,</em></strong></span> <span class='ocrx_word' id='word_1_623' title='bbox 1936 4044 2013 4124; x_wconf 79' lang='lat' dir='ltr'><strong><em>quin</em></strong></span> <span class='ocrx_word' id='word_1_624' title='bbox 2035 4044 2156 4126; x_wconf 80' lang='lat' dir='ltr'><strong><em>aliquos</em></strong></span> <span class='ocrx_word' id='word_1_625' title='bbox 2177 4045 2213 4108; x_wconf 91' lang='lat' dir='ltr'><strong><em>in</em></strong></span> 
     </span>
     <span class='ocr_line' id='line_1_45' title="bbox 206 4127 2215 4211; baseline 0 -17"><span class='ocrx_word' id='word_1_626' title='bbox 206 4129 365 4194; x_wconf 82' lang='lat' dir='ltr'><strong><em>vinculum</em></strong></span> <span class='ocrx_word' id='word_1_627' title='bbox 385 4128 516 4192; x_wconf 88' lang='lat' dir='ltr'><strong><em>unitatis</em></strong></span> <span class='ocrx_word' id='word_1_628' title='bbox 538 4127 750 4209; x_wconf 77' lang='lat' dir='ltr'><strong><em>abruperam?</em></strong></span> <span class='ocrx_word' id='word_1_629' title='bbox 784 4129 871 4193; x_wconf 89' lang='lat' dir='ltr'><strong><em>Nam</em></strong></span> <span class='ocrx_word' id='word_1_630' title='bbox 890 4133 967 4193; x_wconf 86' lang='lat' dir='ltr'><strong><em>etse</em></strong></span> <span class='ocrx_word' id='word_1_631' title='bbox 984 4130 1023 4194; x_wconf 92' lang='lat' dir='ltr'><strong><em>ab</em></strong></span> <span class='ocrx_word' id='word_1_632' title='bbox 1040 4130 1183 4193; x_wconf 84' lang='lat' dir='ltr'><strong><em>aniverso</em></strong></span> <span class='ocrx_word' id='word_1_633' title='bbox 1235 4147 1291 4191; x_wconf 91' lang='grc'><strong><em>366</em></strong></span> <span class='ocrx_word' id='word_1_634' title='bbox 1310 4147 1400 4210; x_wconf 83' lang='lat' dir='ltr'><strong><em>prepc</em></strong></span> <span class='ocrx_word' id='word_1_635' title='bbox 1426 4127 1516 4192; x_wconf 90' lang='lat' dir='ltr'><strong><em>bonos</em></strong></span> <span class='ocrx_word' id='word_1_636' title='bbox 1538 4127 1639 4192; x_wconf 86' lang='lat' dir='ltr'><strong><em>adhuc</em></strong></span> <span class='ocrx_word' id='word_1_637' title='bbox 1659 4127 1796 4193; x_wconf 87' lang='lat' dir='ltr'><strong><em>habeant.</em></strong></span> <span class='ocrx_word' id='word_1_638' title='bbox 1843 4127 1905 4193; x_wconf 82' lang='lat' dir='ltr'><strong><em>Sed</em></strong></span> <span class='ocrx_word' id='word_1_639' title='bbox 1916 4128 1959 4193; x_wconf 83' lang='lat' dir='ltr'><strong><em>&#39;hi</em></strong></span> <span class='ocrx_word' id='word_1_640' title='bbox 1981 4131 2080 4211; x_wconf 83' lang='lat' dir='ltr'><strong><em>pauci</em></strong></span> <span class='ocrx_word' id='word_1_641' title='bbox 2102 4135 2129 4196; x_wconf 90' lang='lat' dir='ltr'><strong><em>et</em></strong></span> <span class='ocrx_word' id='word_1_642' title='bbox 2150 4130 2215 4194; x_wconf 90' lang='lat' dir='ltr'><strong><em>dis·</em></strong></span> 
     </span>
     <span class='ocr_line' id='line_1_46' title="bbox 208 4213 2215 4297; baseline 0 -16"><span class='ocrx_word' id='word_1_643' title='bbox 208 4215 349 4281; x_wconf 74' lang='lat' dir='ltr'><strong><em>ecclesiia</em></strong></span> <span class='ocrx_word' id='word_1_644' title='bbox 370 4233 492 4294; x_wconf 90' lang='lat' dir='ltr'><strong><em>oorpore</em></strong></span> <span class='ocrx_word' id='word_1_645' title='bbox 513 4216 827 4294; x_wconf 79' lang='lat' dir='ltr'><strong><em>eacmnmnnicarnnt,</em></strong></span> <span class='ocrx_word' id='word_1_646' title='bbox 851 4220 878 4280; x_wconf 88' lang='lat' dir='ltr'><strong><em>ot</em></strong></span> <span class='ocrx_word' id='word_1_647' title='bbox 899 4216 1097 4281; x_wconf 90' lang='lat' dir='ltr'><strong><em>ordinarium</em></strong></span> <span class='ocrx_word' id='word_1_648' title='bbox 1118 4235 1184 4279; x_wconf 82' lang='grc'><strong><em>666</em></strong></span> <span class='ocrx_word' id='word_1_649' title='bbox 1229 4215 1319 4295; x_wconf 88' lang='lat' dir='ltr'><strong><em>persi</em></strong></span> <span class='ocrx_word' id='word_1_650' title='bbox 1340 4214 1375 4277; x_wconf 92' lang='lat' dir='ltr'><strong><em>in</em></strong></span> <span class='ocrx_word' id='word_1_651' title='bbox 1397 4213 1455 4278; x_wconf 92' lang='lat' dir='ltr'><strong><em>illa</em></strong></span> <span class='ocrx_word' id='word_1_652' title='bbox 1476 4215 1592 4297; x_wconf 78' lang='lat' dir='ltr'><strong><em>inperiti</em></strong></span> <span class='ocrx_word' id='word_1_653' title='bbox 1618 4213 1771 4278; x_wconf 85' lang='lat' dir='ltr'><strong><em>malorum</em></strong></span> <span class='ocrx_word' id='word_1_654' title='bbox 1792 4219 1821 4279; x_wconf 91' lang='lat' dir='ltr'><strong><em>ct</em></strong></span> <span class='ocrx_word' id='word_1_655' title='bbox 1847 4214 2057 4296; x_wconf 80' lang='lat' dir='ltr'><strong><em>improborum</em></strong></span> <span class='ocrx_word' id='word_1_656' title='bbox 2078 4216 2215 4281; x_wconf 78' lang='lat' dir='ltr'><strong><em>multitu</em></strong></span> 
     </span>
     <span class='ocr_line' id='line_1_47' title="bbox 208 4299 2216 4384; baseline 0 -18"><span class='ocrx_word' id='word_1_657' title='bbox 208 4304 392 4384; x_wconf 87' lang='lat' dir='ltr'><strong><em>tempsernnt</em></strong></span> <span class='ocrx_word' id='word_1_658' title='bbox 419 4299 644 4379; x_wconf 86' lang='lat' dir='ltr'><strong><em>ministerium,</em></strong></span> <span class='ocrx_word' id='word_1_659' title='bbox 673 4321 732 4382; x_wconf 78' lang='lat' dir='ltr'><strong><em>qno</em></strong></span> <span class='ocrx_word' id='word_1_660' title='bbox 753 4321 866 4384; x_wconf 89' lang='lat' dir='ltr'><strong><em>pacem</em></strong></span> <span class='ocrx_word' id='word_1_661' title='bbox 893 4321 929 4367; x_wconf 92' lang='lat' dir='ltr'><strong><em>ao</em></strong></span> <span class='ocrx_word' id='word_1_662' title='bbox 956 4303 1115 4366; x_wconf 89' lang='lat' dir='ltr'><strong><em>caritatem</em></strong></span> <span class='ocrx_word' id='word_1_663' title='bbox 1135 4320 1185 4364; x_wconf 90' lang='grc'><strong><em>66-</em></strong></span> <span class='ocrx_word' id='word_1_664' title='bbox 1235 4299 1308 4364; x_wconf 91' lang='lat' dir='ltr'><strong><em>dine</em></strong></span> <span class='ocrx_word' id='word_1_665' title='bbox 1329 4299 1521 4379; x_wconf 87' lang='lat' dir='ltr'><strong><em>delitescunt;</em></strong></span> <span class='ocrx_word' id='word_1_666' title='bbox 1541 4319 1595 4364; x_wconf 87' lang='grc'><strong><em>666</em></strong></span> <span class='ocrx_word' id='word_1_667' title='bbox 1615 4304 1844 4365; x_wconf 86' lang='lat' dir='ltr'><strong><em>conterrmnntur</em></strong></span> <span class='ocrx_word' id='word_1_668' title='bbox 1864 4301 1961 4381; x_wconf 85' lang='lat' dir='ltr'><strong><em>undo,</em></strong></span> <span class='ocrx_word' id='word_1_669' title='bbox 1984 4303 2039 4367; x_wconf 86' lang='lat' dir='ltr'><strong><em>sad</em></strong></span> <span class='ocrx_word' id='word_1_670' title='bbox 2056 4303 2149 4367; x_wconf 88' lang='lat' dir='ltr'><strong><em>diam</em></strong></span> <span class='ocrx_word' id='word_1_671' title='bbox 2159 4323 2216 4384; x_wconf 88' lang='lat' dir='ltr'><strong><em>pa·</em></strong></span> 
     </span>
     <span class='ocr_line' id='line_1_48' title="bbox 208 4385 2217 4468; baseline 0 -16"><span class='ocrx_word' id='word_1_672' title='bbox 208 4386 266 4452; x_wconf 87' lang='lat' dir='ltr'><strong><em>luit</em></strong></span> <span class='ocrx_word' id='word_1_673' title='bbox 287 4385 445 4450; x_wconf 86' lang='lat' dir='ltr'><strong><em>Dmninns</em></strong></span> <span class='ocrx_word' id='word_1_674' title='bbox 467 4385 546 4449; x_wconf 89' lang='lat' dir='ltr'><strong><em>inter</em></strong></span> <span class='ocrx_word' id='word_1_675' title='bbox 566 4405 640 4449; x_wconf 90' lang='grc'><em>3663</em></span> <span class='ocrx_word' id='word_1_676' title='bbox 661 4388 843 4451; x_wconf 78' lang='lat' dir='ltr'><strong><em>consonari.</em></strong></span> <span class='ocrx_word' id='word_1_677' title='bbox 888 4386 1000 4468; x_wconf 80' lang='lat' dir='ltr'><strong><em>Itaque</em></strong></span> <span class='ocrx_word' id='word_1_678' title='bbox 1021 4391 1092 4468; x_wconf 80' lang='lat' dir='ltr'><strong><em>quot</em></strong></span> <span class='ocrx_word' id='word_1_679' title='bbox 1112 4389 1185 4448; x_wconf 91' lang='grc'><em>3666</em></span> <span class='ocrx_word' id='word_1_680' title='bbox 1236 4385 1369 4450; x_wconf 87' lang='lat' dir='ltr'><strong><em>talanter</em></strong></span> <span class='ocrx_word' id='word_1_681' title='bbox 1389 4386 1593 4465; x_wconf 89' lang='lat' dir='ltr'><strong><em>incessuntur,</em></strong></span> <span class='ocrx_word' id='word_1_682' title='bbox 1614 4387 1769 4451; x_wconf 88' lang='lat' dir='ltr'><strong><em>interdum</em></strong></span> <span class='ocrx_word' id='word_1_683' title='bbox 1789 4387 1884 4451; x_wconf 90' lang='lat' dir='ltr'><strong><em>etiam</em></strong></span> <span class='ocrx_word' id='word_1_684' title='bbox 1904 4388 2068 4455; x_wconf 80' lang='lat' dir='ltr'><strong><em>audebiter</em></strong></span> <span class='ocrx_word' id='word_1_685' title='bbox 2084 4392 2217 4453; x_wconf 89' lang='lat' dir='ltr'><strong><em>tractan-</em></strong></span> 
     </span>
     <span class='ocr_line' id='line_1_49' title="bbox 208 4470 2216 4559; baseline 0.001 -21"><span class='ocrx_word' id='word_1_686' title='bbox 208 4472 297 4538; x_wconf 84' lang='lat' dir='ltr'><strong><em>hodie</em></strong></span> <span class='ocrx_word' id='word_1_687' title='bbox 315 4471 511 4549; x_wconf 85' lang='lat' dir='ltr'><strong><em>monasteria,</em></strong></span> <span class='ocrx_word' id='word_1_688' title='bbox 538 4476 580 4536; x_wconf 91' lang='lat' dir='ltr'><strong><em>tot</em></strong></span> <span class='ocrx_word' id='word_1_689' title='bbox 600 4491 665 4536; x_wconf 90' lang='lat' dir='ltr'><strong><em>csse</em></strong></span> <span class='ocrx_word' id='word_1_690' title='bbox 686 4472 753 4537; x_wconf 86' lang='lat' dir='ltr'><strong><em>dico</em></strong></span> <span class='ocrx_word' id='word_1_691' title='bbox 774 4473 1042 4538; x_wconf 87' lang='lat' dir='ltr'><strong><em>schismaticorum</em></strong></span> <span class='ocrx_word' id='word_1_692' title='bbox 1062 4491 1184 4536; x_wconf 78' lang='grc'><em>666666-</em></span> <span class='ocrx_word' id='word_1_693' title='bbox 1236 4477 1288 4536; x_wconf 86' lang='lat' dir='ltr'><strong><em>tur</em></strong></span> <span class='ocrx_word' id='word_1_694' title='bbox 1309 4470 1348 4536; x_wconf 91' lang='lat' dir='ltr'><strong><em>ab</em></strong></span> <span class='ocrx_word' id='word_1_695' title='bbox 1369 4470 1460 4552; x_wconf 89' lang='lat' dir='ltr'><strong><em>aliis,</em></strong></span> <span class='ocrx_word' id='word_1_696' title='bbox 1482 4473 1537 4553; x_wconf 79' lang='lat' dir='ltr'><strong><em>qui</em></strong></span> <span class='ocrx_word' id='word_1_697' title='bbox 1559 4470 1608 4555; x_wconf 89' lang='lat' dir='ltr'><strong><em>(ut</em></strong></span> <span class='ocrx_word' id='word_1_698' title='bbox 1629 4476 1673 4536; x_wconf 91' lang='grc'><strong><em>636</em></strong></span> <span class='ocrx_word' id='word_1_699' title='bbox 1692 4474 1729 4537; x_wconf 89' lang='grc'><strong><em>66</em></strong></span> <span class='ocrx_word' id='word_1_700' title='bbox 1750 4471 1950 4540; x_wconf 88' lang='lat' dir='ltr'><strong><em>Milesiorum</em></strong></span> <span class='ocrx_word' id='word_1_701' title='bbox 1964 4472 2142 4559; x_wconf 77' lang='lat' dir='ltr'><strong><em>pronmbio)</em></strong></span> <span class='ocrx_word' id='word_1_702' title='bbox 2165 4496 2216 4540; x_wconf 90' lang='lat' dir='ltr'><strong><em>ne-</em></strong></span> 
     </span>
     <span class='ocr_line' id='line_1_50' title="bbox 207 4555 2059 4639; baseline 0.001 -15"><span class='ocrx_word' id='word_1_703' title='bbox 207 4557 319 4636; x_wconf 86' lang='lat' dir='ltr'><strong><em>tieula,</em></strong></span> <span class='ocrx_word' id='word_1_704' title='bbox 342 4557 397 4638; x_wconf 75' lang='lat' dir='ltr'><strong><em>oui</em></strong></span> <span class='ocrx_word' id='word_1_705' title='bbox 418 4555 536 4621; x_wconf 80' lang='grc'><em>6666666</em></span> <span class='ocrx_word' id='word_1_706' title='bbox 558 4557 757 4623; x_wconf 86' lang='lat' dir='ltr'><strong><em>ecdesiastico</em></strong></span> <span class='ocrx_word' id='word_1_707' title='bbox 782 4559 889 4624; x_wconf 86' lang='lat' dir='ltr'><strong><em>ordine</em></strong></span> <span class='ocrx_word' id='word_1_708' title='bbox 912 4580 932 4623; x_wconf 91' lang='lat' dir='ltr'><strong><em>a</em></strong></span> <span class='ocrx_word' id='word_1_709' title='bbox 952 4559 1092 4624; x_wconf 86' lang='lat' dir='ltr'><strong><em>societate</em></strong></span> <span class='ocrx_word' id='word_1_710' title='bbox 1109 4556 1184 4639; x_wconf 82' lang='lat' dir='ltr'><strong><em>fide·</em></strong></span> <span class='ocrx_word' id='word_1_711' title='bbox 1236 4558 1317 4623; x_wconf 84' lang='lat' dir='ltr'><strong><em>mmi</em></strong></span> <span class='ocrx_word' id='word_1_712' title='bbox 1338 4557 1425 4639; x_wconf 89' lang='lat' dir='ltr'><strong><em>apud</em></strong></span> <span class='ocrx_word' id='word_1_713' title='bbox 1444 4577 1477 4623; x_wconf 88' lang='lat' dir='ltr'><strong><em>se</em></strong></span> <span class='ocrx_word' id='word_1_714' title='bbox 1498 4557 1572 4623; x_wconf 88' lang='lat' dir='ltr'><strong><em>bono</em></strong></span> <span class='ocrx_word' id='word_1_715' title='bbox 1594 4557 1692 4623; x_wconf 75' lang='grc'><em>666666</em></span> <span class='ocrx_word' id='word_1_716' title='bbox 1713 4579 1778 4624; x_wconf 90' lang='grc'><em>6336</em></span> <span class='ocrx_word' id='word_1_717' title='bbox 1799 4559 1905 4624; x_wconf 89' lang='lat' dir='ltr'><strong><em>debere</em></strong></span> <span class='ocrx_word' id='word_1_718' title='bbox 1925 4560 2059 4625; x_wconf 80' lang='grc'><em>666666.</em></span> 
     </span>
     <span class='ocr_line' id='line_1_51' title="bbox 208 4643 2215 4727; baseline -0 -19"><span class='ocrx_word' id='word_1_719' title='bbox 208 4643 287 4708; x_wconf 89' lang='lat' dir='ltr'><strong><em>limn</em></strong></span> <span class='ocrx_word' id='word_1_720' title='bbox 313 4643 449 4727; x_wconf 80' lang='lat' dir='ltr'><strong><em>lepitinra</em></strong></span> <span class='ocrx_word' id='word_1_721' title='bbox 475 4647 549 4706; x_wconf 86' lang='lat' dir='ltr'><strong><em>sunt</em></strong></span> <span class='ocrx_word' id='word_1_722' title='bbox 576 4645 694 4709; x_wconf 83' lang='grc'><em>6636666.</em></span> <span class='ocrx_word' id='word_1_723' title='bbox 745 4643 790 4708; x_wconf 85' lang='grc' dir='ltr'><strong><em>Ε6</em></strong></span> <span class='ocrx_word' id='word_1_724' title='bbox 810 4665 849 4708; x_wconf 93' lang='grc'><strong><em>66</em></strong></span> <span class='ocrx_word' id='word_1_725' title='bbox 876 4644 1005 4708; x_wconf 79' lang='lat' dir='ltr'><strong><em>absarro</em></strong></span> <span class='ocrx_word' id='word_1_726' title='bbox 1025 4647 1102 4707; x_wconf 88' lang='lat' dir='ltr'><strong><em>esset</em></strong></span> <span class='ocrx_word' id='word_1_727' title='bbox 1121 4644 1185 4708; x_wconf 87' lang='lat' dir='ltr'><strong><em>ista</em></strong></span> <span class='ocrx_word' id='word_1_728' title='bbox 1325 4647 1373 4707; x_wconf 85' lang='grc'><strong><em>17.</em></strong></span> <span class='ocrx_word' id='word_1_729' title='bbox 1418 4643 1491 4710; x_wconf 86' lang='lat' dir='ltr'><strong><em>Hac</em></strong></span> <span class='ocrx_word' id='word_1_730' title='bbox 1515 4645 1625 4710; x_wconf 82' lang='lat' dir='ltr'><strong><em>peteris</em></strong></span> <span class='ocrx_word' id='word_1_731' title='bbox 1649 4649 1678 4709; x_wconf 91' lang='lat' dir='ltr'><strong><em>et</em></strong></span> <span class='ocrx_word' id='word_1_732' title='bbox 1703 4644 1845 4711; x_wconf 78' lang='lat' dir='ltr'><strong><em>hodierni</em></strong></span> <span class='ocrx_word' id='word_1_733' title='bbox 1871 4644 2075 4711; x_wconf 81' lang='grc'><em>6666666366</em></span> <span class='ocrx_word' id='word_1_734' title='bbox 2095 4664 2215 4724; x_wconf 89' lang='lat' dir='ltr'><strong><em>compa·</em></strong></span> 
     </span>
     <span class='ocr_line' id='line_1_52' title="bbox 208 4729 2214 4813; baseline -0.001 -19"><span class='ocrx_word' id='word_1_735' title='bbox 208 4729 362 4808; x_wconf 86' lang='lat' dir='ltr'><strong><em>discessio,</em></strong></span> <span class='ocrx_word' id='word_1_736' title='bbox 383 4729 476 4793; x_wconf 88' lang='lat' dir='ltr'><strong><em>naria</em></strong></span> <span class='ocrx_word' id='word_1_737' title='bbox 491 4729 661 4810; x_wconf 88' lang='lat' dir='ltr'><strong><em>faotionmn</em></strong></span> <span class='ocrx_word' id='word_1_738' title='bbox 677 4731 804 4795; x_wconf 89' lang='lat' dir='ltr'><strong><em>nomina</em></strong></span> <span class='ocrx_word' id='word_1_739' title='bbox 820 4729 882 4795; x_wconf 75' lang='lat' dir='ltr'><strong><em>stoi</em></strong></span> <span class='ocrx_word' id='word_1_740' title='bbox 898 4729 1085 4794; x_wconf 83' lang='lat' dir='ltr'><strong><em>indideram.</em></strong></span> <span class='ocrx_word' id='word_1_741' title='bbox 1119 4729 1185 4794; x_wconf 88' lang='lat' dir='ltr'><strong><em>Nec</em></strong></span> <span class='ocrx_word' id='word_1_742' title='bbox 1235 4731 1354 4794; x_wconf 87' lang='lat' dir='ltr'><strong><em>ratione</em></strong></span> <span class='ocrx_word' id='word_1_743' title='bbox 1374 4730 1507 4813; x_wconf 84' lang='lat' dir='ltr'><strong><em>effecisse</em></strong></span> <span class='ocrx_word' id='word_1_744' title='bbox 1527 4751 1576 4795; x_wconf 90' lang='lat' dir='ltr'><strong><em>me</em></strong></span> <span class='ocrx_word' id='word_1_745' title='bbox 1596 4731 1678 4813; x_wconf 79' lang='lat' dir='ltr'><strong><em>quod</em></strong></span> <span class='ocrx_word' id='word_1_746' title='bbox 1698 4731 1798 4810; x_wconf 87' lang='lat' dir='ltr'><strong><em>nolui,</em></strong></span> <span class='ocrx_word' id='word_1_747' title='bbox 1829 4732 1962 4813; x_wconf 76' lang='lat' dir='ltr'><strong><em>confido:</em></strong></span> <span class='ocrx_word' id='word_1_748' title='bbox 1991 4735 2027 4794; x_wconf 87' lang='lat' dir='ltr'><strong><em>nt</em></strong></span> <span class='ocrx_word' id='word_1_749' title='bbox 2055 4733 2214 4812; x_wconf 90' lang='lat' dir='ltr'><strong><em>appareat,</em></strong></span> 
     </span>
     <span class='ocr_line' id='line_1_53' title="bbox 208 4814 2213 4900; baseline -0.001 -19"><span class='ocrx_word' id='word_1_750' title='bbox 208 4816 294 4898; x_wconf 86' lang='lat' dir='ltr'><strong><em>ipsos</em></strong></span> <span class='ocrx_word' id='word_1_751' title='bbox 308 4814 425 4896; x_wconf 87' lang='lat' dir='ltr'><strong><em>puduit</em></strong></span> <span class='ocrx_word' id='word_1_752' title='bbox 446 4815 481 4878; x_wconf 92' lang='lat' dir='ltr'><strong><em>in</em></strong></span> <span class='ocrx_word' id='word_1_753' title='bbox 502 4835 534 4879; x_wconf 90' lang='grc'><strong><em>66</em></strong></span> <span class='ocrx_word' id='word_1_754' title='bbox 544 4815 678 4900; x_wconf 80' lang='lat' dir='ltr'><strong><em>plorimi</em></strong></span> <span class='ocrx_word' id='word_1_755' title='bbox 698 4815 780 4897; x_wconf 81' lang='lat' dir='ltr'><strong><em>qnod</em></strong></span> <span class='ocrx_word' id='word_1_756' title='bbox 800 4816 847 4880; x_wconf 88' lang='lat' dir='ltr'><strong><em>sic</em></strong></span> <span class='ocrx_word' id='word_1_757' title='bbox 863 4821 1038 4881; x_wconf 84' lang='lat' dir='ltr'><strong><em>ensecratm</em></strong></span> <span class='ocrx_word' id='word_1_758' title='bbox 1062 4814 1185 4880; x_wconf 81' lang='lat' dir='ltr'><strong><em>Paulm</em></strong></span> <span class='ocrx_word' id='word_1_759' title='bbox 1236 4815 1401 4881; x_wconf 83' lang='lat' dir='ltr'><strong><em>mandatos</em></strong></span> <span class='ocrx_word' id='word_1_760' title='bbox 1426 4821 1558 4896; x_wconf 90' lang='lat' dir='ltr'><strong><em>nostros,</em></strong></span> <span class='ocrx_word' id='word_1_761' title='bbox 1595 4817 1639 4883; x_wconf 92' lang='lat' dir='ltr'><strong><em>ad</em></strong></span> <span class='ocrx_word' id='word_1_762' title='bbox 1660 4816 1868 4899; x_wconf 87' lang='lat' dir='ltr'><strong><em>professionis</em></strong></span> <span class='ocrx_word' id='word_1_763' title='bbox 1894 4835 1971 4880; x_wconf 88' lang='grc'><em>3666</em></span> <span class='ocrx_word' id='word_1_764' title='bbox 1998 4815 2213 4897; x_wconf 83' lang='lat' dir='ltr'><strong><em>defensionen,</em></strong></span> 
     </span>
    </p>

    <p class='ocr_par' dir='ltr' id='par_1_4' title="bbox 228 4898 2215 4986">
     <span class='ocr_line' id='line_1_54' title="bbox 228 4898 2215 4986; baseline -0.001 -21"><span class='ocrx_word' id='word_1_765' title='bbox 228 4898 478 4986; x_wconf 82' lang='lat' dir='ltr'><strong><em>100r.1,12)‚</em></strong></span> <span class='ocrx_word' id='word_1_766' title='bbox 506 4903 641 4966; x_wconf 82' lang='lat' dir='ltr'><strong><em>alsatis</em></strong></span> <span class='ocrx_word' id='word_1_767' title='bbox 663 4921 847 4985; x_wconf 79' lang='lat' dir='ltr'><strong><em>enoppnrarc</em></strong></span> <span class='ocrx_word' id='word_1_768' title='bbox 869 4921 930 4966; x_wconf 90' lang='lat' dir='ltr'><strong><em>non</em></strong></span> <span class='ocrx_word' id='word_1_769' title='bbox 950 4902 1060 4984; x_wconf 85' lang='lat' dir='ltr'><strong><em>possit.</em></strong></span> <span class='ocrx_word' id='word_1_770' title='bbox 1107 4900 1185 4966; x_wconf 88' lang='lat' dir='ltr'><strong><em>Nisi</em></strong></span> <span class='ocrx_word' id='word_1_771' title='bbox 1230 4902 1357 4982; x_wconf 83' lang='lat' dir='ltr'><strong><em>primae</em></strong></span> <span class='ocrx_word' id='word_1_772' title='bbox 1384 4901 1525 4968; x_wconf 68' lang='lat' dir='ltr'><strong><em>emhsiae</em></strong></span> <span class='ocrx_word' id='word_1_773' title='bbox 1552 4901 1724 4984; x_wconf 78' lang='lat' dir='ltr'><strong><em>enmphcm</em></strong></span> <span class='ocrx_word' id='word_1_774' title='bbox 1749 4901 1832 4984; x_wconf 82' lang='lat' dir='ltr'><strong><em>falso</em></strong></span> <span class='ocrx_word' id='word_1_775' title='bbox 1854 4905 2050 4983; x_wconf 57' lang='lat' dir='ltr'><strong><em>praetenera</em></strong></span> <span class='ocrx_word' id='word_1_776' title='bbox 2078 4900 2215 4982; x_wconf 78' lang='lat' dir='ltr'><strong><em>quando</em></strong></span> 
     </span>
    </p>
   </div>
   <div class='ocr_carea' id='block_1_3' title="bbox 58 4982 2217 5070">
    <p class='ocr_par' dir='ltr' id='par_1_5' title="bbox 58 4982 2217 5070">
     <span class='ocr_line' id='line_1_55' title="bbox 58 4982 2217 5070; baseline 0 -17"><span class='ocrx_word' id='word_1_777' title='bbox 58 4990 61 4998; x_wconf 72' lang='lat'><em>‘</em></span> <span class='ocrx_word' id='word_1_778' title='bbox 194 5041 198 5049; x_wconf 91' lang='lat'><strong><em>.</em></strong></span> <span class='ocrx_word' id='word_1_779' title='bbox 223 4992 284 5053; x_wconf 90' lang='lat' dir='ltr'><strong><em>orte</em></strong></span> <span class='ocrx_word' id='word_1_780' title='bbox 299 5041 302 5046; x_wconf 49' lang='lat'><strong><em>.</em></strong></span> <span class='ocrx_word' id='word_1_781' title='bbox 318 4984 478 5052; x_wconf 78' lang='lat' dir='ltr'><strong><em>Chrishrm</em></strong></span> <span class='ocrx_word' id='word_1_782' title='bbox 506 4985 607 5066; x_wconf 87' lang='lat' dir='ltr'><strong><em>fuisse</em></strong></span> <span class='ocrx_word' id='word_1_783' title='bbox 640 5008 662 5050; x_wconf 91' lang='grc'><strong><em>6</em></strong></span> <span class='ocrx_word' id='word_1_784' title='bbox 689 4985 858 5052; x_wconf 79' lang='lat' dir='ltr'><strong><em>Corinthiis</em></strong></span> <span class='ocrx_word' id='word_1_785' title='bbox 883 4987 1022 5052; x_wconf 85' lang='lat' dir='ltr'><strong><em>dinismn</em></strong></span> <span class='ocrx_word' id='word_1_786' title='bbox 1053 4985 1185 5054; x_wconf 87' lang='lat' dir='ltr'><strong><em>arbitra-</em></strong></span> <span class='ocrx_word' id='word_1_787' title='bbox 1236 4982 1361 5067; x_wconf 78' lang='lat' dir='ltr'><strong><em>qnidnn</em></strong></span> <span class='ocrx_word' id='word_1_788' title='bbox 1380 4986 1419 5052; x_wconf 90' lang='lat' dir='ltr'><strong><em>ab</em></strong></span> <span class='ocrx_word' id='word_1_789' title='bbox 1439 4987 1506 5054; x_wconf 88' lang='lat' dir='ltr'><strong><em>illis</em></strong></span> <span class='ocrx_word' id='word_1_790' title='bbox 1526 5007 1588 5056; x_wconf 89' lang='lat' dir='ltr'><strong><em>non</em></strong></span> <span class='ocrx_word' id='word_1_791' title='bbox 1604 4989 1715 5053; x_wconf 81' lang='lat' dir='ltr'><strong><em>minas</em></strong></span> <span class='ocrx_word' id='word_1_792' title='bbox 1733 4987 1896 5070; x_wconf 79' lang='lat' dir='ltr'><strong><em>differunt,</em></strong></span> <span class='ocrx_word' id='word_1_793' title='bbox 1926 5005 2021 5069; x_wconf 77' lang='lat' dir='ltr'><strong><em>qnam</em></strong></span> <span class='ocrx_word' id='word_1_794' title='bbox 2041 4986 2154 5052; x_wconf 85' lang='grc'><em>366666</em></span> <span class='ocrx_word' id='word_1_795' title='bbox 2175 4985 2217 5053; x_wconf 87' lang='lat' dir='ltr'><strong><em>ab</em></strong></span> 
     </span>
    </p>
   </div>
   <div class='ocr_carea' id='block_1_4' title="bbox 208 5070 1758 5330">
    <p class='ocr_par' dir='ltr' id='par_1_6' title="bbox 208 5070 1758 5330">
     <span class='ocr_line' id='line_1_56' title="bbox 208 5070 1184 5155; baseline -0.001 -18"><span class='ocrx_word' id='word_1_796' title='bbox 208 5094 295 5152; x_wconf 89' lang='lat' dir='ltr'><strong><em>mur,</em></strong></span> <span class='ocrx_word' id='word_1_797' title='bbox 324 5091 393 5136; x_wconf 87' lang='lat' dir='ltr'><strong><em>cnm</em></strong></span> <span class='ocrx_word' id='word_1_798' title='bbox 421 5070 505 5135; x_wconf 79' lang='lat' dir='ltr'><strong><em>uns</em></strong></span> <span class='ocrx_word' id='word_1_799' title='bbox 533 5070 596 5136; x_wconf 87' lang='lat' dir='ltr'><strong><em>alio</em></strong></span> <span class='ocrx_word' id='word_1_800' title='bbox 620 5072 736 5150; x_wconf 87' lang='lat' dir='ltr'><strong><em>doctore</em></strong></span> <span class='ocrx_word' id='word_1_801' title='bbox 756 5071 942 5155; x_wconf 74' lang='lat' dir='ltr'><strong><em>superbiret,</em></strong></span> <span class='ocrx_word' id='word_1_802' title='bbox 967 5079 996 5138; x_wconf 90' lang='grc'><strong><em>66</em></strong></span> <span class='ocrx_word' id='word_1_803' title='bbox 1014 5092 1097 5138; x_wconf 86' lang='lat' dir='ltr'><strong><em>nnnc</em></strong></span> <span class='ocrx_word' id='word_1_804' title='bbox 1116 5073 1184 5136; x_wconf 86' lang='lat' dir='ltr'><strong><em>sine</em></strong></span> 
     </span>
     <span class='ocr_line' id='line_1_57' title="bbox 209 5155 1442 5240; baseline 0 -18"><span class='ocrx_word' id='word_1_805' title='bbox 209 5157 276 5222; x_wconf 88' lang='lat' dir='ltr'><strong><em>nlla</em></strong></span> <span class='ocrx_word' id='word_1_806' title='bbox 306 5155 423 5222; x_wconf 80' lang='lat' dir='ltr'><strong><em>Christi</em></strong></span> <span class='ocrx_word' id='word_1_807' title='bbox 443 5156 567 5220; x_wconf 90' lang='lat' dir='ltr'><strong><em>iniuria</em></strong></span> <span class='ocrx_word' id='word_1_808' title='bbox 592 5157 677 5237; x_wconf 72' lang='lat' dir='ltr'><strong><em>pieri,</em></strong></span> <span class='ocrx_word' id='word_1_809' title='bbox 703 5159 784 5239; x_wconf 77' lang='lat' dir='ltr'><strong><em>quod</em></strong></span> <span class='ocrx_word' id='word_1_810' title='bbox 804 5179 866 5240; x_wconf 89' lang='lat' dir='ltr'><strong><em>pro</em></strong></span> <span class='ocrx_word' id='word_1_811' title='bbox 890 5158 1083 5225; x_wconf 81' lang='lat' dir='ltr'><strong><em>Christianis</em></strong></span> <span class='ocrx_word' id='word_1_812' title='bbox 1105 5157 1185 5223; x_wconf 86' lang='lat' dir='ltr'><strong><em>alios</em></strong></span> <span class='ocrx_word' id='word_1_813' title='bbox 1238 5162 1442 5170; x_wconf 51' lang='grc' dir='ltr'><strong><em>Ἣ</em></strong></span> 
     </span>
     <span class='ocr_line' id='line_1_58' title="bbox 210 5240 1758 5330; baseline 0.003 -23"><span class='ocrx_word' id='word_1_814' title='bbox 210 5240 438 5321; x_wconf 58' lang='lat' dir='ltr'><strong><em>limitando,</em></strong></span> <span class='ocrx_word' id='word_1_815' title='bbox 472 5241 552 5307; x_wconf 73' lang='lat' dir='ltr'><strong><em>allos</em></strong></span> <span class='ocrx_word' id='word_1_816' title='bbox 581 5240 824 5325; x_wconf 60' lang='lat' dir='ltr'><strong><em>Flammam,</em></strong></span> <span class='ocrx_word' id='word_1_817' title='bbox 852 5244 933 5312; x_wconf 72' lang='lat' dir='ltr'><strong><em>allos</em></strong></span> <span class='ocrx_word' id='word_1_818' title='bbox 960 5244 1184 5312; x_wconf 67' lang='lat' dir='ltr'><strong><em>Domt‘ttt&#39;tarws</em></strong></span> <span class='ocrx_word' id='word_1_819' title='bbox 1306 5260 1336 5328; x_wconf 86' lang='lat'><strong><em>1)</em></strong></span> <span class='ocrx_word' id='word_1_820' title='bbox 1353 5262 1394 5314; x_wconf 82' lang='lat' dir='ltr'><strong><em>De</em></strong></span> <span class='ocrx_word' id='word_1_821' title='bbox 1412 5275 1494 5330; x_wconf 80' lang='lat' dir='ltr'><strong><em>opere</em></strong></span> <span class='ocrx_word' id='word_1_822' title='bbox 1511 5259 1634 5328; x_wconf 61' lang='lat' dir='ltr'><strong><em>monath.</em></strong></span> <span class='ocrx_word' id='word_1_823' title='bbox 1651 5260 1680 5314; x_wconf 88' lang='lat' dir='ltr'><strong><em>in</em></strong></span> <span class='ocrx_word' id='word_1_824' title='bbox 1697 5259 1758 5313; x_wconf 77' lang='lat' dir='ltr'><strong><em>tine.</em></strong></span> 
     </span>
    </p>
   </div>
   <div class='ocr_carea' id='block_1_5' title="bbox 1724 5473 1808 5637">
    <p class='ocr_par' dir='ltr' id='par_1_7' title="bbox 1724 5473 1808 5637">
     <span class='ocr_line' id='line_1_59' title="bbox 1724 5473 1808 5637; baseline 0 -133"><span class='ocrx_word' id='word_1_825' title='bbox 1724 5473 1808 5637; x_wconf 54' lang='grc'><strong><em>.,</em></strong></span> 
     </span>
    </p>
   </div>
   <div class='ocr_carea' id='block_1_6' title="bbox 0 0 2395 6020">
    <p class='ocr_par' dir='ltr' id='par_1_8' title="bbox 0 0 2395 6020">
     <span class='ocr_line' id='line_1_60' title="bbox 0 0 2395 6020; baseline 0 0"><span class='ocrx_word' id='word_1_826' title='bbox 0 0 2395 6020; x_wconf 95' lang='lat' dir='ltr'><strong><em> </em></strong></span> 
     </span>
    </p>
   </div>
  </div>
 </body>
</html>
