4770 6030
136 341 200 403 999
770 333 870 399 991).
893 335 1006 400 1199.
1030 332 1123 418 (xi.)
1167 334 1230 397 nn
1252 331 1499 399 99191999.
2075 343 2138 403 919

136 447 504 519 991999199919.
881 484 883 489 .

137 549 223 596 esse.
253 546 368 591 9919191
389 546 409 587 9
430 437 642 606 919111991999
670 522 812 605 pendere
833 525 1051 605 potissimum,
1075 543 1112 586 ae
1164 522 1284 600 cordis;
1313 522 1397 604 quod
1425 521 1467 587 ad
1489 524 1772 589 mortificationem
1799 526 1941 607 pertinet
1969 548 2027 591 seu
2049 549 2142 610 rege-

137 613 303 697 mysteriis
330 609 569 692 spiritualibus,
598 609 714 690 quibus
741 609 921 692 figurandis
950 629 1112 674 caeremo·
1164 609 1377 673 necationem.
1422 610 1471 673 Ae
1494 630 1535 672 ne
1558 611 1630 691 quis
1653 610 1845 694 ambigeret,
1875 613 2006 695 signum
2028 613 2141 678 morti·

137 701 208 762 nias
230 699 318 780 ipsas
338 696 501 760 Dominus
528 693 665 759 ordinat.
710 695 825 776 Itaque
846 697 902 777 qui
929 695 1113 777 perdiscere
1164 695 1324 759 flectionis
1337 726 1340 732 ·
1353 716 1423 758 esse
1451 695 1743 773 circumcisionem,
1778 696 1888 762 Moses
1921 697 1998 761 alibi
2025 699 2141 782 (Deut.

137 784 279 851 voluerit
309 781 387 863 quid
419 781 528 845 valeat
559 780 754 862 baptismus,
792 801 947 862 quorsum
980 786 1111 862 spectet,
1168 779 1293 862 10,1e)
1322 779 1441 844 9191199
1464 780 1619 861 explicat,
1647 781 1725 845 dum
1753 781 1964 848 israeliticum
1985 783 2142 865 populum

137 869 382 952 quid'denique
404 867 537 930 omnino
564 867 620 942 919,
649 886 691 928 99
713 867 941 948 cogitationem
963 887 1056 930 suam
1077 866 1113 927 in
1165 865 1358 930 exhortatur
1386 865 1426 930 991
1455 867 1662 948 praeputium
1696 867 1803 932 cordis
1831 870 1974 933 Domino
2003 870 2142 934 9119919-

138 956 298 1020 elemente
319 955 413 1017 sistat
434 962 467 1015 et
485 973 636 1033 corporeo
658 951 856 1032 spectaculo,
885 951 941 1015 sed
964 973 1036 1015 eam
1055 971 1112 1031 po-
1165 951 1353 1028 oidendum,
1385 959 1558 1034 propterea
1579 952 1665 1035 quod
1693 953 1830 1018 selectus
1858 955 1957 1019 sitin
1985 948 2141 1037 po'pulum

138 1042 204 1105 tius
238 1041 279 1104 ad
307 1039 372 1102 Dei
403 1037 646 1120 promissiones,
673 1058 755 1117 quae
783 1038 875 1102 nobis
901 1037 968 1102 illie
996 1056 1112 1118 propo-
1164 1037 1229 1101 Dei
1251 1058 1292 1100 ex
1315 1036 1466 1101 omnibus
1488 1049 1595 1102 terrae
1616 1039 1812 1103 nationibus.
1858 1038 2142 1120 Quemadmodum

138 1138 279 1202 nuntur,
308 1133 341 1188 et
363 1123 404 1188 ad
426 1124 597 1199 interiora,
620 1144 702 1204 quae
724 1121 789 1186 illic
816 1129 1111 1204 repraesentantur,
1164 1121 1271 1200 Deus,
1303 1123 1357 1187 ubi
1385 1123 1540 1187 Abrahae
1566 1125 1789 1205 posteritatem
1823 1127 1857 1188 in
1890 1126 2047 1208 populum
2081 1127 2143 1191 sibi

139 1234 258 1278 areana
287 1211 400 1293 911999
450 1209 544 1273 Η999
570 1210 626 1290 991
654 1218 760 1284 99999,
795 1208 932 1272 solidam
960 1208 1113 1290 baptismi
1165 1216 1307 1290 cooptat,
1336 1207 1522 1273 circumcidi
1550 1211 1722 1293 praecipit,
1752 1211 1798 1274 ita
1820 1211 1929 1276 Moses
1958 1212 2053 1276 corde
2081 1213 2144 1278 cir-

139 1300 312 1363 veritatem
333 1302 501 1371 ettotam,
525 1303 563 1358 ut
584 1295 630 1357 ita
651 1293 778 1374 loquar,
802 1296 872 1358 cius
893 1294 1113 1358 substantiam
1165 1293 1306 1360 eumeidi
1327 1301 1475 1376 oportere
1496 1297 1696 1376 pronuntiat,
1720 1300 1878 1362 enarrans
1900 1298 2035 1375 scilicet,
2060 1319 2142 1380 quae

139 1395 189 1449 est
211 1389 418 1463 assequutus,
442 1390 538 1461 atque
560 1379 635 1443 inde
662 1380 759 1443 etiam
782 1378 949 1445 docebitur
969 1400 1051 1461 quae
1071 1379 1114 1442 919
1165 1381 1208 1444 919
1235 1380 1328 1443 1991119
1362 1380 1502 1445 carnalis
1536 1382 1790 1447 circumcisionis
1823 1383 1953 1448 veritas.
2003 1383 2141 1462 Deinde,

138 1471 222 1533 ratio
252 1479 285 1532 et
313 1468 385 1548 quis
411 1488 490 1530 usus
518 1472 672 1529 externae
701 1466 904 1546 aspersionis.
955 1465 1112 1541 Rursum,
1164 1486 1206 1529 ne
1228 1465 1300 1546 quis
1322 1465 1365 1529 ad
1386 1487 1459 1529 eam
1481 1467 1548 1531 suis
1571 1468 1673 1549 ipsius
1695 1467 1819 1532 viribus
1841 1469 2035 1546 eniteretur,
2061 1490 2142 1551 opus

139 1556 192 1637 qui
224 1553 276 1617 his
298 1552 509 1632 contemptim
537 1551 720 1632 praeteritis
744 1551 863 1614 visibili
892 1551 1113 1615 caeremoniae
1166 1551 1290 1635 gratiae
1317 1551 1381 1615 Dei
1409 1573 1479 1616 esse
1507 1551 1610 1617 docet.
1654 1552 1746 1617 Haec
1766 1554 1876 1617 omnia
1904 1555 1999 1618 toties
2022 1578 2041 1618 a
2067 1576 2142 1636 pro·

139 1653 283 1705 mentem
305 1638 434 1719 penitus
457 1637 590 1700 affixam
613 1635 764 1700 habuerit
785 1645 818 1699 et
839 1636 1022 1720 alligatam,
1053 1656 1112 1700 999
1165 1636 1272 1719 phetis
1305 1637 1528 1714 inculcantur,
1561 1643 1599 1701 ut
1626 1638 1730 1702 multa
1756 1639 1822 1704 huc
1849 1640 2034 1704 testimonia
2064 1663 2141 1706 eon-

138 1728 216 1800 vim,
240 1746 299 1788 999
320 1723 551 1805 proprietatem
572 1722 727 1803 baptismi
747 1722 923 1804 intelliget;
951 1742 1056 1804 neque
1078 1719 1113 1784 id
1165 1743 1279 1806 gerere
1301 1743 1368 1785 non
1391 1723 1434 1786 sit
1454 1744 1548 1805 opus,
1565 1745 1655 1805 quae
1678 1733 1792 1806 sponte
1813 1725 1935 1806 passim
1956 1736 2139 1790 occurrunt.

138 1810 284 1893 quidem,
313 1807 392 1891 quid
419 1808 480 1872 sibi
508 1828 592 1888 aqua
613 1808 708 1884 99119,
738 1817 795 1871 999
815 1829 912 1890 99919
934 1828 1032 1871 usum
1052 1805 1112 1870 ha·
1164 1807 1334 1872 Habemus
1356 1829 1433 1891 ergo
1455 1809 1657 1891 spiritualem
1677 1810 1923 1891 promissionem
1945 1812 1980 1875 iu
2003 1812 2141 1877 eircum-

138 1896 221 1961 beat.
277 1893 371 1975 Quae
404 1894 565 1957 sententia
589 1893 744 1978 pluribus
777 1903 810 1957 et
844 1892 1113 1958 luculentioribus
1165 1894 1285 1959 cisione
1316 1894 1463 1975 patribus
1497 1893 1619 1958 99119991
1647 1895 1752 1976 999119
1787 1896 1822 1958 19
1854 1896 2016 1979 baptismo
2048 1899 2141 1963 nobis

139 1983 320 2064 scripturae
342 1980 534 2044 testimoniis
556 1981 763 2061 comprobata
785 1988 842 2056 est,
864 2000 962 2060 quam
983 1987 1020 2042 ut
1041 1978 1112 2042 lon·
1165 1978 1275 2058 datur;
1312 1978 1572 2060 quandoquidem
1612 1988 1820 2061 peccatorum
1851 1983 2076 2047 remissionem
2108 1990 2142 2047 et

139 2070 212 2152 gius
234 2088 307 2131 eam
328 2067 363 2129 19
384 2086 539 2147 praesens
565 2066 715 2146 persequi
738 2066 943 2129 9999999919.
989 2062 1112 2146 Super·
1165 2065 1273 2130 earnis
1294 2065 1576 2128 mortificationem
1596 2065 1662 2130 11119
1682 2067 1846 2154 figuravit.
1890 2067 2080 2145 Praeterea,
2104 2078 2142 2132 ut

139 2167 190 2218 est
210 2174 287 2234 ergo
309 2153 385 2228 1919,
408 2158 445 2214 99
466 2172 508 2214 ex
530 2151 798 2232 promissionibus
820 2151 855 2214 in
876 2151 1038 2232 baptismo
1056 2149 1112 2214 da·
1165 2150 1416 2214 fundamentum
1438 2150 1589 2233 baptismi
1612 2149 1783 2215 Ohristum
1805 2173 1876 2217 esse
1898 2152 2085 2231 docuimus,
2106 2156 2141 2218 in

138 2241 181 2304 tis
203 2234 439 2320 percontemur,
463 2256 546 2317 quae
570 2237 618 2300 919
640 2237 709 2300 eius
730 2237 773 2301 919
793 2245 826 2300 99
842 2244 969 2299 999919.
1000 2233 1113 2318 Scrip-
1165 2258 1228 2319 quo
1250 2245 1425 2317 utrumque
1446 2236 1583 2300 istorum
1604 2236 1740 2315 residet,
1763 2239 1810 2302 ita
1832 2246 1865 2301 et
1887 2239 2141 2304 circumcisionis

138 2335 214 2388 9919
247 2323 402 2399 ostendit,
440 2329 646 2403 peecatorum
680 2323 922 2404 purgationem,
960 2343 1060 2404 quam
1094 2343 1114 2385 a
1166 2342 1237 2386 9999
1259 2328 1394 2386 constat
1435 2321 1510 2403 Ipse
1533 2322 1622 2385 enim
1639 2322 1793 2386 Abrahae
1811 2325 2021 2405 promittitur,
2045 2333 2141 2408 atque

138 2410 264 2475 Christi
286 2409 445 2491 sanguine
467 2409 659 2485 obtinemus,
683 2408 737 2471 hic
757 2409 863 2488 primo
886 2407 1111 2472 demonstrari.
1166 2408 1292 2489 inipso
1315 2407 1462 2490 gentium
1480 2407 1626 2471 omnium
1642 2407 1832 2473 benedictio.
1861 2407 1924 2473 Oui
1942 2410 2142 2494 obsignando

137 2495 281 2571 Deinde,
315 2494 422 2559 carnis
454 2494 749 2580 mortificationem,
782 2514 864 2574 quae
897 2494 1011 2557 mortis
1044 2494 1113 2557 eius
1166 2494 1324 2575 promisso
1346 2493 1599 2558 circumcisionis
1622 2493 1753 2576 9199919
1775 2492 1914 2558 additur.

138 2581 387 2664 participatione
409 2586 545 2657 constat,
570 2600 629 2660 per
651 2600 748 2660 quam
770 2579 804 2641 in
826 2579 914 2643 91999
935 2579 1114 2643 9991999919
1253 2582 1303 2641 22.
1347 2578 1421 2642 1919
1449 2578 1539 2643 99119
1566 2579 1694 2661 9999919
1716 2578 1827 2643 9191919
1854 2587 1905 2643 999
1932 2581 2010 2662 99191
2037 2581 2142 2646 simile

41 2667 46 2677 ’
138 2673 374 2749 regenerantur
395 2664 516 2741 fideles,
539 2671 636 2746 atque
658 2664 738 2728 adeo
760 2665 861 2728 totius
879 2662 1004 2728 Ohristi
1026 2685 1113 2729 com-
1167 2665 1271 2728 sitin
1296 2663 1350 2728 1119
1372 2662 1498 2729 duobus
1526 2665 1628 2747 siguis
1650 2670 1707 2728 aut
1733 2663 1812 2746 quid
1840 2665 2013 2731 diversum.
2060 2668 2141 2731 Pro·

137 2753 335 2817 munionem.
381 2748 1113 2832 191119999919199911919111999999991919
1166 2751 1292 2827 missio,
1322 2751 1444 2832 19999
1471 2751 1640 2833 signorum
1661 2750 1816 2815 virtutem
1845 2752 2020 2816 consistere
2043 2773 2142 2834 expo·

137 2838 216 2921 quid
248 2838 282 2900 19
311 2837 480 2918 scripturis
506 2835 547 2900 de
573 2836 735 2918 baptismo
762 2834 919 2900 traditum
952 2842 1016 2914 est;
1049 2835 1113 2899 nisi
1167 2836 1307 2913 suimus,
1336 2836 1372 2899 in
1398 2843 1534 2917 utroque
1556 2857 1624 2900 una
1651 2845 1709 2900 est.
1753 2835 1880 2919 Nempe
1901 2837 2141 2902 misericordiae

137 2923 344 3006 quodetiam
370 2930 540 3004 praeterea
563 2921 736 2986 testandae
757 2921 843 3004 apud
865 2921 1014 2986 homines
1036 2920 1113 2985 reli·
1164 2921 1314 2999 Domini,
1357 2922 1556 2986 remissionis
1594 2928 1815 3003 peccatorum,
1859 2922 1947 2991 91999
1980 2931 2140 2994 aeternae,

138 3010 243 3092 gionis
266 3014 315 3072 est
336 3015 468 3072 tessera.
789 3013 791 3017 ’
1163 3006 1294 3072 11919919
1316 3028 1369 3071 199
1396 3008 1537 3091 figurata
1556 3008 1655 3071 etiam
1677 3029 1757 3086 una;
1786 3029 1902 3090 nempe
1928 3010 2139 3091 regeneratio.

225 3097 275 3156 21.
327 3093 493 3174 Quoniam
527 3102 636 3158 autem
670 3101 745 3158 ante
772 3093 958 3157 institutum
991 3091 1113 3174 baptis·
1163 3092 1447 3170 Fundamentum,
1474 3113 1537 3174 quo
1563 3093 1701 3157 istarum
1729 3115 1841 3158 rerum
1868 3094 2141 3176 complementum

136 3199 243 3255 mum,
271 3180 449 3257 91999199,
476 3179 594 3263 populo
612 3179 678 3244 Dei
704 3179 905 3244 circumcisio
927 3186 1011 3254 9199,
1035 3176 1113 3260 quid
1164 3179 1295 3255 nititur,
1317 3178 1354 3241 19
1374 3185 1511 3260 utroque
1532 3200 1644 3243 unum
1690 3177 1802 3259 Quare
1823 3180 1907 3244 nihil
1928 3180 1963 3243 in
1985 3181 2140 3264 mysterio

135 3266 222 3329 inter
255 3286 289 3328 se
319 3264 485 3343 differant,
519 3273 553 3329 et
585 3286 649 3347 qua
675 3264 886 3329 similitudine
917 3264 1113 3329 9999991999
1163 3264 1318 3328 interiore
1340 3272 1390 3328 est
1411 3263 1621 3329 discriminis:
1645 3286 1663 3328 e
1687 3285 1750 3346 quo
1772 3272 1841 3330 tota
1862 3274 2140 3331 sacramentorum

136 3350 218 3415 haee
240 3349 305 3414 duo
326 3350 428 3432 91999,
451 3351 673 3433 inspiciamus:
702 3350 790 3414 unde
811 3356 936 3432 pateat,
965 3370 1048 3431 quac
1069 3350 1113 3414 sit
1163 3351 1214 3417 919
1236 3357 1269 3413 99
1295 3351 1476 3431 proprietas
1504 3350 1707 3415 999911999919
1728 3357 1787 3414 est.
1833 3350 1926 3431 Quae
1951 3358 2053 3416 restat
2074 3351 2140 3416 dis·

136 3436 270 3500 alterius
292 3434 334 3499 ad
356 3435 495 3500 alterum
517 3458 672 3520 anagoge.
705 3437 771 3502 Ubi
791 3436 953 3501 Dominus
974 3436 1112 3500 circum·
1163 3435 1354 3513 similitudo,
1382 3457 1422 3500 ea
1448 3436 1483 3499 19
1510 3436 1712 3500 caeremonia
1736 3438 1896 3501 exteriore
1924 3438 2021 3514 iacet,
2055 3458 2139 3519 quae

138 3522 293 3587 cisionem
311 3520 465 3585 Abrahae
487 3521 684 3587 servandam
700 3522 836 3586 91999199
854 3522 953 3605 (Gen.
976 3526 1023 3598 17,
1046 3521 1109 3604 10),
1162 3522 1300 3585 19191919
1320 3526 1371 3585 est
1390 3522 1510 3603 portio;
1543 3543 1644 3603 quum
1665 3522 1833 3603 potissima
1859 3542 1937 3605 pars
1960 3544 1980 3586 a
2000 3523 2138 3604 promis-

137 3608 386 3690 promissionem
407 3609 593 3689 praeponit,
627 3629 661 3672 se
688 3608 737 3671 illi
765 3616 798 3672 et
819 3608 935 3672 semini
959 3607 1046 3671 illius
1074 3607 1110 3670 in
1163 3607 1254 3671 91999
1276 3615 1308 3671 99
1336 3628 1372 3671 19
1400 3607 1529 3691 signata
1553 3606 1701 3689 pendeat.
1746 3607 1862 3689 Itaque
1883 3608 2077 3672 99999199919
2098 3608 2138 3672 li·

135 3693 245 3758 Deum
272 3694 355 3769 fore,
385 3691 508 3757 addens
534 3713 634 3774 penes
662 3714 696 3757 se
724 3695 927 3757 affluentiam
947 3693 1110 3758 sufficien·
1162 3698 1223 3772 cet,
1246 3692 1400 3775 quidquid
1423 3693 1659 3758 circumcisioni
1681 3694 1845 3771 convenit,
1876 3692 1917 3757 991
1939 3694 2138 3776 baptismum

134 3779 958 3862 91991999999919191991991919,911911111911991
975 3798 1110 3842 manum
1162 3778 1261 3843 simul
1288 3780 1467 3861 pertinere,
1502 3787 1638 3860 excepta
1664 3778 1801 3843 visibilis
1830 3780 2053 3843 caeremoniae
2076 3778 2137 3842 dif-

136 3865 205 3928 eius
224 3865 328 3928 omnis
346 3864 422 3927 boni
440 3866 672 3947 scaturiginem
689 3865 757 3929 fore
778 3865 845 3938 sibi,
858 3864 998 3930 duceret.
1028 3861 1109 3943 Qui·
1161 3864 1307 3928 ferentia
1352 3863 1407 3928 Ad
1427 3863 1513 3928 hane
1535 3884 1705 3947 anagogen
1728 3872 1762 3928 et
1783 3865 2059 3948 comparationem
2078 3887 2137 3935 nos

135 3947 196 4013 bus
235 3949 344 4014 vorbis
384 3958 535 4014 aeternae
574 3951 660 4015 vitae
699 3952 869 4034 promissio
910 3951 1094 4016 continetur
1101 3973 1109 4028 ;
1160 3970 1263 4034 manu
1285 3948 1375 4015 ducit
1395 3949 1529 4032 apostoli
1551 3949 1680 4032 regula,
1711 3971 1775 4034 qua
1797 3970 1928 4015 omnem
1956 3952 2135 4033 scripturae

136 4035 409 4117 quemadmodum
440 4036 676 4118 interpretatur
708 4035 862 4102 Ohristus
895 4035 1027 4120 (Matth
1057 4038 1107 4111 22,
1160 4035 1463 4118 interpretationem
1492 4033 1533 4099 ad
1558 4037 1799 4117 proportionem
1830 4035 1907 4100 fidei
1933 4037 2063 4120 erigere
2084 4036 2134 4099 iu-

137 4125 186 4183 32.
217 4121 298 4185 Luc.
319 4125 369 4198 20,
389 4123 454 4203 37),
478 4129 707 4204 argumentum
726 4123 802 4187 11199
820 4122 940 4186 ducens
958 4121 1000 4185 ad
1017 4121 1109 4199 9919-
1161 4122 1277 4186 bamur
1304 4122 1414 4207 (Rom.
1443 4124 1491 4200 12,
1512 4123 1530 4183 3
1549 4126 1582 4185 99
1599 4120 1644 4204 6).
1694 4121 1740 4185 ut
1767 4143 1846 4186 saue
1872 4144 1976 4205 paene
2002 4144 2037 4186 se
2064 4121 2133 4202 pal-

135 4206 273 4270 eendam
294 4207 440 4270 fidelium
466 4207 747 4272 immortalitatem
769 4218 802 4272 et
828 4207 1107 4272 resurrectionem.
1160 4208 1304 4291 pandam
1324 4207 1393 4273 hac·
1408 4208 1444 4271 in
1459 4215 1553 4288 parte
1574 4206 1697 4271 9911999
1718 4208 1859 4289 praebet.
1890 4205 2032 4272 Perinde
2049 4207 2136 4270 enim

134 4290 250 4372 Neque
279 4293 382 4380 enim,
405 4294 526 4374 inquit,
554 4294 646 4357 Deus
668 4302 872 4358 mortuorum
892 4302 957 4370 est,
981 4292 1038 4358 sed
1060 4294 1109 4358 vi·
1161 4315 1199 4358 ac
1223 4294 1439 4371 circumcisio,
1469 4293 1545 4375 quia
1574 4292 1852 4358 999991919919919
1880 4291 2039 4376 quaedam
2067 4300 2138 4357 erat

135 4378 292 4442 rentium.
328 4378 440 4459 Quare
462 4395 494 4442 et
515 4378 640 4443 Paulus
657 4379 810 4460 Ephesiis
833 4379 877 4462 (2,
900 4377 953 4463 12)
976 4379 1129 4443 demon-f
1161 4400 1225 4461 qua
1253 4401 1288 4443 sc
1313 4380 1349 4442 in
1381 4378 1538 4461 populum
1564 4378 1785 4461 familiamque
1812 4380 1877 4444 Dei
1905 4378 2052 4460 adoptari
2078 4378 2136 4441 fie-

136 4473 246 4527 strans
273 4484 290 4526 e
319 4485 382 4544 quo
411 4465 511 4527 exitio
534 4464 703 4529 liberasset
724 4486 778 4530 eos
799 4465 978 4543 Dominus,
1007 4486 1107 4529 91199
1160 4466 1241 4530 bant
1273 4466 1440 4543 certiores,
1474 4464 1536 4546 ipsi
1564 4464 1663 4528 etiam
1690 4465 1834 4530 vicissim
1862 4484 1981 4528 nomen
2008 4463 2136 4527 991199

136 4548 221 4630 quod
249 4550 284 4610 in
305 4550 559 4614 circumcisionis
586 4550 699 4615 foedus
722 4550 855 4614 admissi
876 4571 943 4613 non
970 4550 1107 4623 fuerant,
1161 4550 1239 4616 dare
1271 4551 1521 4633 profitebantur,
1554 4550 1679 4631 primus
1711 4551 1776 4615 illis
1808 4558 1878 4614 erat
1904 4550 1938 4612 19
1967 4548 2135 4613 9991991919

136 4654 190 4698 eos
219 4635 288 4697 sine
317 4634 465 4713 Christo,
488 4636 557 4699 sine
579 4636 665 4708 Deo,
695 4636 766 4700 9199
789 4657 862 4719 spe,
896 4642 1068 4699 extraneos
1090 4658 1109 4700 9
1133 4666 1136 4673 ⁴
1160 4637 1343 4720 ingressus,
1373 4657 1461 4701 nunc
1482 4655 1609 4717 quoque
1636 4657 1695 4718 por
1716 4637 1912 4718 baptismum
1934 4634 2006 4697 Deo
2027 4634 2135 4698 initia·

135 4720 339 4784 testamentis
361 4722 583 4802 promissionis
609 4722 709 4785 lirisse
729 4721 867 4804 colligit,
895 4741 978 4802 quae
1000 4722 1109 4785 omnia
1133 4680 1136 4769 1
1160 4743 1250 4800 19911,
1273 4731 1311 4786 99
1332 4723 1401 4786 9199
1423 4721 1542 4804 populo
1564 4720 1800 4797 adscribamur,
1825 4727 1858 4783 et
1878 4719 1941 4802 ipsi
1964 4727 2077 4783 mutuo
2098 4721 2134 4783 in

133 4806 246 4872 foedus
274 4807 381 4887 ipsum
409 4806 712 4888 comprehendebat
761 4807 895 4872 Primus
928 4815 1037 4870 autem
1067 4805 1108 4870 ad
1161 4808 1231 4871 eius
1252 4829 1371 4872 nomen
1392 4808 1545 4872 iuremus.
1591 4805 1665 4886 Quo
1687 4813 1781 4870 911919
1802 4806 2054 4870 controversiam
2078 4826 2134 4887 ap-

133 4892 243 4955 Deum
272 4913 434 4968 accessus,
463 4894 589 4974 primus
617 4892 658 4956 ad
685 4892 904 4958 immortalem
926 4893 1030 4957 vitam
1058 4892 1108 4955 in·
1160 4900 1262 4975 paret,
1286 4893 1483 4975 baptismum
1505 4893 1540 4954 19
1562 4892 1814 4956 circumcisionis
1836 4890 1943 4956 loemn
1966 4891 2116 4957 subiisse..

135 4994 275 5056 gressus,
299 4986 350 5042 est
371 4987 579 5060 peecatorum
606 4979 763 5043 remissio.
809 4977 905 5043 Unde
928 4978 1107 5055 conficitur,
1248 4981 1297 5042 23.
1341 4978 1414 5044 1991
1436 4979 1463 5043 91
1485 4977 1646 5058 vestigare
1667 4976 1782 5058 placet,
1803 4998 1846 5040 an
1866 4976 1937 5042 iure
1954 4976 2133 5041 infantibus

133 5063 340 5142 promissioni
363 5063 516 5147 baptismi
539 5066 578 5130 de
599 5073 712 5129 nostra
734 5058 937 5146 purgatione'
950 5064 1035 5128 hano
1056 5085 1108 5128 re-
1154 5054 1321 5145 Daptisma
1343 5063 1613 5139 communicetur,
1641 5081 1748 5125 nonne
1770 5062 1908 5126 nimium
1930 5061 2024 5126 illum
2040 5063 2133 5142 inep-

133 5146 301 5228 spondere.
352 5150 433 5215 Post
461 5151 501 5215 ab
523 5150 711 5215 Abrahamo
733 5150 897 5214 Dominus
924 5148 1107 5231 stipulatru,
1160 5149 1236 5227 tire,
1271 5150 1337 5215 imo
1359 5149 1498 5215 delirare
1526 5146 1685 5224 dicemus,
1714 5147 1827 5228 quiin
1850 5147 2008 5212 elemento
2031 5168 2132 5230 aquae

132 5242 171 5296 ut
199 5234 343 5298 ambulet
370 5257 480 5299 coram
508 5258 557 5315 se,
586 5238 620 5300 19
649 5236 835 5302 sinceritate
863 5243 896 5300 et
923 5236 1109 5301 1999999919
1160 5233 1323 5300 duntaxat
1354 5245 1388 5301 et
1424 5241 1560 5299 externa
1587 5231 1811 5300 observatione
1843 5234 2008 5298 immorari
2041 5233 2130 5310 99119,

2233 2552 2252 2601 δ
