4770 6030
165 358 227 440 are
817 347 919 418 cnr.
939 345 1018 415 xv,
1041 345 1135 430 (rx.)
1178 346 1243 411 66
1265 293 1534 412 casmenas
2112 354 2176 431 ⁹14.
2195 396 2197 402 ,

163 465 408 532 66766661,
426 462 529 517 csse.

163 562 235 607 mas
261 507 412 604 (16116166
436 539 510 619 fidei
528 447 572 601 la
602 535 723 600 aare
744 537 844 618 puers.
895 535 976 600 Item
1003 533 1099 598 atet.-
1117 532 1142 617 ¹)
1196 532 1367 614 adipsum
1387 555 1447 598 nos
1467 534 1586 612 mittit,
1609 541 1643 599 et
1663 535 1698 599 in
1721 536 1791 617 ipso
1813 535 1908 600 sistit
1953 536 2044 619 Ipse,
2069 538 2178 620 inquit

164 633 198 694 ot
224 647 294 692 cero
319 624 502 690 sacerdotem
528 623 559 687 sa'
579 623 740 703 requiras,
768 642 864 704 saper
884 623 980 686 666166
1001 624 1059 697 est,
1088 619 1143 683 ati
1196 619 1399 697 Ambrosius,
1414 618 1438 702 ¹)
1460 640 1496 684 os
1517 627 1668 685 nostrum
1689 628 1753 698 est,
1776 642 1835 704 per
1856 621 1942 704 quod
1963 624 2051 704 patri
2071 624 2177 706 loqui-

164 711 339 794 receperat
364 730 425 792 pro
457 714 499 787 tc,
532 709 587 790 qai
613 709 647 771 ia
679 713 762 773 brea
789 713 929 771 metuas
955 711 999 770 est
1019 725 1080 787 pro
1106 710 1142 768 te.
1196 725 1286 781 mur;
1309 705 1422 769 oculus
1443 712 1554 770 noster
1575 727 1634 787 per
1651 727 1748 789 quem
1765 715 1892 788 patrem
1910 707 2072 786 videmus;
2096 709 2176 774 dex-

164 799 279 881 Nequc
301 818 378 863 vero
400 795 600 860 somniamus
619 793 729 873 illum,
757 794 860 876 patris
883 793 1020 876 genibus
1043 790 1142 857 advo-
1197 803 1269 854 tera
1289 798 1410 869 nostra,
1432 813 1492 873 per
1511 813 1609 874 quam
1630 814 1691 857 nos
1712 794 1800 874 patri
1821 793 2002 870 offerimus;
2025 815 2089 876 quo
2109 796 2176 861 nisi

165 886 286 961 lutum,
310 882 499 963 suppliciter
524 901 584 962 pro
605 880 698 944 nobis
721 879 887 961 deprecari
893 902 902 957 ;
929 898 1046 943 verum
1068 898 1143 942 cum
1195 875 1429 955 intercedente,
1459 898 1519 942 nec
1546 878 1641 943 nobis
1667 901 1727 944 666
1756 880 1877 944 6666116
1903 880 2054 945 omnibus
2081 880 2176 962 quid·

166 969 311 1053 apostolo
332 968 563 1050 intelligimus,
587 967 633 1030 sic
655 987 731 1030 eum
752 986 910 1047 apparere
932 973 1041 1028 coram
1061 962 1144 1027 broie
1196 983 1295 1045 quam
1310 978 1391 1026 'cum
1411 963 1483 1026 Deo
1505 971 1564 1029 cst.

166 1056 240 1135 Dei,
264 1063 301 1119 ut
326 1055 443 1117 mortis
465 1053 535 1116 eius
557 1052 664 1117 virtus
687 1050 728 1114 ad
754 1058 945 1133 perpetuam
968 1048 1143 1132 pronubis
1286 1051 1334 1112 16.
1378 1048 1429 1112 Eo
1457 1055 1567 1125 autem
1595 1070 1698 1132 usque
1727 1072 1901 1133 progressa
1929 1057 1979 1114 est
2006 1051 2175 1131 stoliditas,

166 1141 433 1206 intercessionem
460 1137 584 1216 valeat;
616 1138 662 1202 sic
690 1143 815 1215 tamen,
853 1144 890 1200 ut
922 1134 1145 1200 sanctuarium
1196 1140 1235 1197 ut
1255 1133 1310 1198 hic
1330 1154 1521 1216 expressum
1539 1135 1717 1200 habeamus
1735 1137 1973 1219 superstitionis
1990 1137 2176 1221 ingenium:

167 1227 248 1293 coeli
268 1229 436 1308 ingressus
466 1223 508 1288 ad
535 1223 848 1308 consummationem
876 1241 978 1303 nsque
1000 1219 1145 1285 saeculo-
1197 1240 1280 1301 quae
1300 1219 1356 1284 ubi
1378 1219 1478 1285 semel
1495 1221 1645 1285 fraenum
1663 1223 1816 1300 excussit,
1836 1221 1965 1286 nullum
1983 1222 2174 1288 lasciviendi

166 1335 242 1378 rum
274 1311 361 1376 solus
393 1309 504 1392 populi
533 1309 661 1373 eminus
687 1309 722 1372 in
751 1309 834 1373 atrio
864 1306 1039 1372 residentis
1067 1310 1146 1370 vota
1196 1307 1299 1370 finem
1325 1305 1431 1370 facere
1457 1306 1547 1372 solet
1591 1306 1679 1372 Nam
1704 1315 1877 1391 postquam
1898 1315 2049 1390 coeptum
2068 1310 2175 1375 fuerat

168 1399 209 1463 ad
228 1399 340 1463 Deum
360 1395 493 1460 deferat.
1196 1391 1233 1455 in
1259 1399 1447 1456 sanctorum
1472 1393 1737 1458 intercessionem
1762 1395 1936 1476 respicere,
1964 1396 2085 1459 sensim
2112 1416 2173 1460 sua

257 1487 304 1547 15.
354 1482 523 1561 Quantum
556 1478 598 1542 ad
630 1486 760 1544 sanctos
789 1479 924 1556 attinet,
957 1478 1014 1560 qui
1046 1497 1144 1542 carne
1197 1478 1314 1559 cuique
1340 1478 1526 1559 procuratio
1553 1485 1603 1544 est
1630 1480 1802 1562 attributa,
1830 1485 1868 1544 nt
1894 1501 1953 1562 pro
1976 1481 2100 1563 negotii
2122 1480 2172 1545 (11-
2245 1475 2248 1484 ’

167 1569 289 1634 mortui
315 1568 351 1631 in
379 1566 512 1632 Christe
534 1565 667 1643 rivrmt,
697 1565 727 1629 si
754 1586 852 1646 quam
877 1563 943 1628 illis
965 1563 1145 1629 orationem
1197 1563 1367 1642 versitate,
1389 1585 1479 1629 nunc
1500 1564 1570 1643 hic,
1592 1586 1680 1630 nunc
1702 1564 1758 1629 ille
1780 1565 1995 1630 advocaretur
2016 1568 2173 1631 interces-

169 1654 392 1730 attribuimus,
420 1673 462 1716 66
489 1651 530 1716 116
557 1649 689 1744 quidem
718 1651 797 1732 ipsis
825 1650 1024 1715 somniamus
1045 1649 1145 1714 aliam
1197 1669 1266 1728 scr3
1295 1654 1367 1712 tum
1394 1649 1518 1732 singuli
1552 1650 1733 1733 peculiares
1765 1651 1828 1717 sibi
1855 1649 1947 1717 divos
1975 1652 2171 1730 asciverunt,

168 1762 239 1806 esse
266 1738 402 1822 rogandi
430 1737 495 1802 Dei
516 1737 619 1815 ιι16ι6,
648 1757 747 1818 quam
769 1735 954 1813 Christum,
977 1736 1035 1817 qui
1056 1735 1144 1800 solus
1196 1735 1233 1797 16
1255 1755 1402 1817 qnorum,
1424 1756 1491 1799 666
1514 1757 1607 1803 secus
1629 1744 1726 1818 atque
1748 1737 1939 1803 tutelarium
1961 1737 2105 1816 deorum,
2131 1738 2171 1802 fi-

168 1827 224 1892 via
245 1841 308 1904 est;
335 1832 393 1888 ant
420 1822 485 1889 alio
512 1822 644 1886 nomine
665 1823 737 1887 Deo
759 1843 830 1886 esse
860 1827 1008 1903 acceptas
1030 1842 1144 1886 eorum
1197 1819 1272 1885 dem
1294 1841 1329 1885 se
1350 1820 1566 1886 contulerrmt.
1596 1822 1711 1904 Neque
1731 1823 1836 1900 modo,
1859 1822 1945 1905 quod
1966 1823 2045 1888 clim
2065 1824 2174 1889 Israe-

168 1910 410 1993 postulationes.
421 1908 450 1993 ²)
498 1907 614 1990 Itaque
640 1915 813 1990 pectenem
834 1908 995 1988 scriptura
1021 1928 1080 1971 nos
1102 1907 1143 1972 ab
1196 1906 1265 1970 litis
1292 1906 1511 1989 exprobrabat
1538 1907 1701 1992 propheta
1723 1909 1800 1992 (Ier.
1826 1913 1875 1987 ll,
1897 1908 1966 1993 13),
1993 1909 2175 1974 secundum

169 1997 320 2061 omnibns
342 1994 384 2059 ad
406 1994 577 2060 Christum
598 2014 703 2058 unum
720 2001 859 2071 revocat,
882 2000 1055 2075 postquam
1072 2014 1148 2058 coe-r
1198 1992 1526 2057 urbiumnumernm
1550 1993 1596 2057 dii
1618 2001 1696 2058 sunt
1713 1996 1827 2074 erecti;
1849 1993 1907 2059 sed
1924 1995 2102 2060 secundum
2120 2017 2173 2060 ca·

169 2082 260 2146 lestis
292 2088 385 2163 pater
411 2080 485 2146 vult
514 2080 624 2143 omnia
650 2080 685 2142 in
718 2080 788 2161 ipso
818 2078 1036 2161 recolligere‚¹
1049 2079 1146 2143 nimii
1198 2078 1304 2160 pitum
1330 2078 1585 2143 multitudinem.
1636 2080 1754 2161 Atqui,
1787 2101 1888 2162 quum
1915 2081 1952 2144 in
1979 2101 2080 2145 unam
2108 2082 2174 2146 Dei
2293 2098 2299 2109 “

169 2168 310 2249 stuporis
331 2167 401 2246 tuit,
424 2188 466 2230 66
489 2166 596 2230 dicam
617 2165 775 2242 insaniae,
797 2165 890 2230 nobis
911 2185 970 2246 per
985 2165 1074 2247 ipsos
1091 2186 1145 2230 ac·
1198 2163 1400 2230 voluntatem
1425 2163 1585 2230 desideria
1610 2182 1671 2229 666
1692 2167 1802 2229 omnia
1829 2167 1987 2245 referant,
2017 2166 2102 2232 hanc
2122 2168 2182 2231 in·-

170 2274 297 2319 ccssum
332 2253 378 2316 sic
405 2251 488 2317 velle
516 2251 639 2329 moliri,
673 2259 711 2314 ut
743 2251 784 2315 ab
815 2250 872 2314 illc
901 2250 1144 2329 abduceremur,
1198 2256 1362 2328 tueantur,
1383 2250 1419 2314 in
1439 2270 1478 2315 ea
1499 2250 1714 2332 acquiescant,
1738 2251 1853 2316 stolide
1875 2259 1909 2316 61
1927 2252 2103 2318 carnaliter
2124 2260 2174 2318 at

172 2341 326 2421 sineque
347 2358 409 2402 nec
430 2338 477 2402 616
505 2336 612 2402 aditus
634 2336 720 2401 ullus
747 2343 846 2419 patet
890 2335 931 2400 Id
953 2343 1064 2400 autem
1085 2337 1146 2401 ali·
1198 2356 1261 2417 que
1282 2336 1382 2400 etiam
1403 2336 1635 2401 contumeliose
1658 2335 1698 2400 de
1719 2337 1759 2400 116
1777 2337 1908 2420 cogitat,
1930 2339 1987 2418 qui
2004 2339 2103 2403 aliam
2124 2340 2175 2420 ip·

171 2430 249 2507 quot
270 2422 407 2489 saeculis
428 2423 620 2500 factitatum,
643 2423 716 2503 quis
737 2421 858 2505 neget?
881 2420 1051 2504 hodieque,
1074 2422 1147 2488 ubi·
1199 2421 1245 2486 616
1266 2422 1445 2486 oraticnem
1467 2422 1629 2506 assignat,
1658 2442 1756 2504 quam
1778 2442 1842 2504 qua
1863 2423 1928 2486 Dei
1955 2444 2095 2506 regnum
2117 2423 2175 2488 ad·

171 2531 297 2592 cunque
319 2509 486 2591 papismus
507 2509 605 2591 viget,
626 2507 788 2572 factitari?
833 2507 887 2571 Ad
910 2506 1148 2573 conciliandam
1198 2508 1312 2573 venire
1343 2513 1507 2590 expetant.
1563 2508 1596 2571 A
1626 2528 1689 2589 quo
1725 2507 1915 2591 longissime
1948 2508 2056 2588 abest,
2089 2509 2177 2592 quod

170 2597 236 2661 Dei
257 2595 517 2659 benevolentiam
538 2615 651 2658 eorum
672 2595 791 2658 merita
811 2592 949 2657 subinde
966 2592 1147 2657 obtrudun·
1198 2593 1265 2658 illis
1302 2594 1477 2677 affingtmt,
1516 2613 1780 2676 unumquemque
1817 2593 1947 2677 privato
1986 2594 2104 2659 affectu
2139 2597 2177 2660 in

171 2688 226 2746 tur
233 2705 241 2759 ;
263 2679 396 2745 Christo
416 2681 601 2763 praeterito,
624 2700 683 2762 per
700 2700 813 2744 eorum
830 2679 964 2743 nomina
980 2678 1073 2743 Deus
1090 2679 1147 2744 cb-
1199 2700 1275 2744 suos
1301 2678 1443 2745 66116666
1470 2699 1540 2744 csse
1566 2679 1818 2762 propensiorem.
1873 2678 2020 2744 [landem
2047 2701 2107 2744 666
2135 2682 2176 2746 ab

171 2774 327 2832 secratur.
371 2767 492 2831 Annon
524 2766 601 2844 hcc,
621 2787 765 2848 quaeso,
794 2772 843 2830 est
882 2786 1002 2829 munus
1031 2765 1148 2829 unicae
1199 2764 1363 2828 horrendo
1391 2763 1561 2848 sacrilegio
1594 2765 1823 2830 abstinuerunt
1853 2764 2003 2847 plurimi,
2040 2787 2108 2829 non
2140 2772 2179 2831 ut

171 2853 259 2917 illius
280 2853 521 2917 intercessionis
543 2873 642 2934 quam
663 2850 796 2916 Christo
818 2872 919 2934 supra
938 2852 1146 2927 asseruimus,
1200 2851 1432 2934 suffragatores
1453 2852 1536 2929 iam,
1564 2872 1680 2917 verum
1701 2857 1739 2914 ut
1765 2850 1881 2916 salutis
1902 2871 1980 2916 suae
2001 2851 2177 2932 praesides,
2274 2870 2278 2875 ·

172 2937 214 3002 ad
241 2937 314 3002 illos
342 2937 533 3003 traducere?
583 2936 712 3002 Deinde
741 2937 814 3019 quis
840 2936 894 3002 vel
921 2937 1071 3020 angelus,
1094 2936 1147 3002 vel
1199 2936 1390 3001 invocando.
1429 2937 1485 3000 En
1502 2957 1565 3018 quo
1581 2936 1728 3001 recidant
1748 2937 1861 3001 miseri
1883 2937 2042 3015 homines,
2062 2936 2179 3004 duma

173 3024 320 3101 daemon,
343 3024 401 3088 ulli
424 3024 593 3088 hominum
622 3022 662 3086 (16
692 3023 863 3101 eiusmodi,
886 3043 986 3104 quam
1007 3023 1146 3105 fingimt,
1199 3021 1349 3106 legitima
1369 3043 1431 3087 sua
1447 3023 1595 3099 61611666,
1619 3021 1681 3088 hoc
1699 3029 1757 3101 est,
1776 3023 1840 3087 Dei
1858 3023 1966 3101 verbo,
1986 3016 2176 3106 evagantur.

172 3107 317 3190 ipsorum
347 3110 578 3175 intercessione
609 3108 770 3193 syllabam
802 3129 948 3190 unquam
979 3108 1148 3172 renuntia-
1289 3111 1338 3170 17.
1388 3105 1485 3188 Quod
1511 3115 1622 3172 autem
1648 3108 1777 3173 efficere
1804 3107 1937 3190 quidam
1963 3108 2111 3186 student,
2140 3115 2179 3174 ut

172 3193 242 3260 vit?
294 3194 335 3258 In
361 3196 523 3277 scriptum
551 3196 639 3259 enim
663 3194 748 3259 nihil
774 3199 890 3258 exstat
943 3191 1036 3274 Quae
1069 3213 1147 3276 crgo
1201 3190 1400 3277 scriptura2)
1437 3192 1589 3258 videatm
1625 3194 1748 3259 subniti
1781 3193 1941 3259 eiusmodi
1978 3195 2177 3275 intercessio,

97 3324 101 3333 -
173 3282 242 3344 cius
264 3280 556 3346 comminiscendae
577 3281 640 3345 fuit
661 3280 765 3344 ratic?
810 3278 909 3344 Certe
930 3278 1008 3343 dum
1030 3278 1148 3344 huma·
1199 3280 1323 3344 frustra
1348 3279 1383 3342 in
1405 3299 1442 3342 ec
1464 3278 1624 3344 laborant
1668 3280 1890 3363 Angelorum,
1912 3280 2080 3364 inquiunt,
2104 3301 2177 3344 ora-

173 3388 254 3429 num
283 3367 452 3448 ingenium
479 3365 623 3430 subsidia
655 3367 717 3431 sibi
750 3367 797 3430 ita
822 3366 1001 3447 quaeritat,
1031 3365 1148 3447 quibus
1200 3366 1306 3429 tiones
1327 3363 1483 3446 leguntur
1504 3366 1642 3447 saepius,
1664 3387 1769 3448 neque
1790 3365 1825 3429 id
1846 3364 1951 3443 modo,
1975 3365 2033 3430 sed
2053 3367 2089 3430 in
2111 3365 2175 3430 Dei

173 3473 240 3515 non
262 3451 430 3515 munimur
451 3472 509 3533 per
528 3453 592 3516 Dei
613 3452 764 3530 verbum,
786 3450 950 3517 luculente
972 3472 1066 3516 suam
1088 3450 1150 3515 dif-
1201 3457 1410 3533 conspectum
1437 3471 1497 3532 per
1523 3471 1636 3515 eornm
1662 3472 1780 3516 manus
1806 3452 1943 3533 perferri
1965 3450 2118 3516 dicuntur
2137 3452 2177 3516 fi-

173 3537 343 3602 fidentiam
361 3537 477 3620 prodit.
506 3535 602 3617 Quod
620 3537 647 3602 si
665 3538 863 3603 conscientia
879 3559 992 3601 eorum
1004 3537 1150 3601 omnium
1202 3535 1323 3600 delium
1345 3556 1467 3618 preces.
1511 3536 1639 3601 Verum
1666 3537 1694 3602 si
1716 3536 1841 3620 angelis
1863 3544 1991 3601 sanctos
2010 3538 2176 3618 praesenti

174 3623 368 3705 appelletur,
395 3624 451 3705 qui
473 3630 659 3688 sanctorum
679 3623 913 3689 intercessione
934 3623 1147 3703 oblectantur,
1201 3622 1271 3686 vita
1292 3621 1459 3688 deuinctos
1481 3623 1628 3688 conleme
1649 3622 1737 3701 libet,
1760 3621 1965 3705 probandum
1986 3622 2086 3686 fuerit
2107 3645 2179 3688 6666

74 3741 78 3745 ·
172 3710 372 3791 reperiemus
394 3730 461 3772 666
481 3707 613 3773 aliunde
634 3708 669 3772 id
691 3711 832 3786 evenire,
854 3710 917 3774 nisi
938 3709 1015 3792 quia
1036 3709 1149 3774 anxie-
1201 3708 1496 3774 administratorios
1523 3709 1671 3792 spiritns,
1693 3708 1811 3791 quibus
1839 3707 2025 3791 delegatum
2053 3709 2096 3772 sit
2114 3710 2178 3774 mi·

173 3801 240 3859 tate
267 3795 431 3873 laborant,
458 3794 595 3878 perinde
623 3815 661 3860 ac
688 3797 716 3859 si
738 3796 792 3861 hic
813 3795 966 3861 Christus
988 3794 1147 3873 deficeret,
1200 3795 1374 3859 nistcrium
1402 3795 1567 3860 curandae
1593 3800 1723 3858 nostrae
1745 3793 1875 3872 salutis,
1903 3793 2021 3875 quibus
2043 3793 2178 3859 deman·

174 3889 230 3944 ant
256 3881 396 3945 nimium
424 3902 557 3945 severus
584 3881 675 3944 foret.
720 3879 795 3961 Qua
822 3882 965 3963 primum
985 3879 1150 3963 perplexi·
1202 3880 1279 3945 data
1306 3881 1350 3944 sit
1374 3881 1543 3962 provincia
1567 3878 1770 3944 custodiendi
1797 3901 1857 3945 nos
1882 3879 1918 3943 in
1940 3880 2092 3945 omnibus
2113 3881 2179 3946 viis

174 3973 242 4030 tate
265 3965 436 4031 Christum
455 3967 661 4045 inhonorant,
682 3978 716 4031 et
732 3967 833 4031 solius
849 3965 1038 4031 mediatoris
1056 3966 1150 4032 titulo
1201 3966 1335 4044 nostris,
1358 3966 1414 4049 qui
1436 3987 1495 4029 666
1517 3964 1732 4044 circumeant,
1755 3968 1810 4048 qui
1831 3973 1988 4031 moneant
2010 3971 2177 4031 6166666-

175 4051 328 4132 spoliant:
359 4052 414 4134 qni
436 4059 474 4116 ut
495 4051 599 4116 111116
624 4052 827 4135 singularem
847 4054 1151 4135 praerogativama
1200 4052 1328 4130 lentur,
1354 4053 1410 4133 qui
1439 4071 1497 4133 pro
1526 4050 1619 4116 nobis
1646 4052 1799 4116 excubias
1820 4060 1935 4135 agant:
1964 4073 2047 4135 quac
2068 4052 2179 4116 omnia

174 4144 268 4217 patre
289 4136 384 4202 datus
406 4145 465 4216 cst,
487 4139 534 4201 ita
555 4159 660 4220 neque
682 4138 744 4202 alio
762 4138 932 4202 transferri
950 4138 1053 4204 debet
1087 4140 1149 4203 At-
1201 4138 1267 4202 illis
1290 4137 1509 4215 deferuntur,·
1523 4136 1576 4201 his
1598 4143 1707 4201 autem
1731 4137 1875 4201 minime.
1919 4138 2067 4203 Rursum
2088 4137 2177 4202 Iere-

175 4242 237 4302 que
259 4222 320 4286 hcc
341 4222 473 4304 quidem
494 4225 565 4305 ipso
586 4224 723 4306 gloriam
740 4225 922 4289 nativitatis
944 4225 1013 4289 eius
1035 4223 1150 4290 obscu-
1201 4225 1287 4288 miae
1310 4222 1376 4309 (15,
1398 4221 1431 4307 1)
1454 4222 1582 4288 dicebat
1596 4222 1773 4286 Dominus:
1797 4223 1825 4286 si
1847 4224 1997 4287 steterint
2013 4223 2123 4287 Moses
2144 4229 2178 4287 et

175 4314 263 4386 rant,
292 4330 421 4372 crucem
443 4316 616 4387 evacuant,
643 4308 801 4391 quidquid
823 4309 961 4393 denique
983 4310 1145 4388 sutfecit,
1203 4308 1340 4375 Samuel
1360 4329 1468 4375 coram
1490 4328 1643 4388 166666
1665 4313 1715 4372 est
1737 4308 1846 4372 anima
1862 4328 1937 4372 mea
1958 4308 1999 4372 ad
2021 4307 2178 4389 populum

176 4400 233 4456 aut
265 4414 380 4475 passus
411 4401 475 4472 est,
510 4415 569 4458 666
595 4394 692 4458 laude
724 4404 851 4459 exuunt
877 4417 915 4461 ac
944 4395 1147 4460 defraudant.
1201 4396 1311 4459 istum.
1361 4393 1531 4474 Quomodo
1569 4393 1616 4459 sic
1649 4393 1689 4458 de
1725 4395 1862 4458 mortuis
1901 4393 2052 4475 loquutus
2084 4392 2177 4470 foret,

176 4478 345 4561 Siquidem
367 4479 430 4544 huc
452 4479 592 4543 tendunt
612 4481 730 4558 omnia,
752 4488 790 4545 ut
811 4480 899 4546 solus
919 4482 962 4546 sit
980 4490 1014 4546 et
1029 4480 1150 4546 habea·
1201 4482 1266 4546 nisi
1287 4500 1346 4563 pro
1368 4480 1454 4545 vivis
1475 4478 1677 4545 intercedere
1697 4479 1771 4544 illos
1792 4477 1959 4545 novisset?
2004 4478 2076 4560 Ego
2099 4497 2178 4543 vero

176 4573 231 4629 tur
258 4564 426 4629 mediator.
478 4564 587 4630 Simul
615 4566 680 4629 Dei
712 4566 960 4649 benignitatem.
983 4567 1148 4645 abiiciunt,
1202 4574 1316 4632 contra
1342 4566 1389 4631 sic
1416 4566 1545 4650 colligo:
1574 4586 1676 4648 quum
1696 4565 1773 4628 inde
1796 4570 1952 4648 appareat
1978 4584 2082 4644 neque
2104 4564 2177 4628 Mo-

176 4652 232 4733 qui
260 4672 295 4715 se
322 4651 388 4714 illis
414 4651 449 4714 16
479 4659 606 4734 patrem
633 4651 817 4716 exhibebat.
866 4652 942 4717 Non
968 4653 1056 4717 enim
1084 4652 1150 4718 illis
1202 4673 1269 4730 sen,
1292 4673 1398 4735 ncquc
1416 4649 1604 4717 Samuelem
1620 4651 1844 4716 intercessisse
1860 4671 1919 4733 pro
1941 4648 2060 4732 populo
2076 4649 2179 4714 israe·
2245 4664 2248 4672 “

176 4745 271 4819 pater
291 4746 349 4815 cst,
372 4737 435 4801 nisi
454 4736 625 4802 Christum
641 4738 704 4802 sibi
721 4738 856 4801 fratrem
875 4759 945 4803 esse
963 4745 1149 4821 agnoscant.
1202 4737 1305 4816 liticc,
1328 4746 1407 4803 tnnc
1428 4737 1554 4802 nullam
1575 4738 1674 4802 fuisse
1695 4758 1829 4820 prorsus
1850 4742 2053 4805 mortuorum
2075 4735 2178 4799 inter·

177 4820 273 4902 Quod
306 4822 402 4904 plane
436 4823 614 4906 abnegant,
647 4824 711 4888 6161
737 4824 881 4888 fraterno
908 4845 978 4889 esse
1010 4845 1089 4907 erga
1116 4845 1151 4889 se
1203 4823 1389 4889 cessionem.
1441 4822 1525 4905 Quis
1553 4824 1641 4888 enim
1663 4827 1851 4887 sanctorum
1872 4820 1912 4885 de
1938 4820 2051 4903 populi
2072 4820 2179 4887 661616

177 4908 311 4986 affectu,
341 4930 404 4991 quo
427 4909 511 4973 nihil
532 4909 663 4974 mollius
691 4917 748 4974 aut
775 4911 919 4974 tenerius
939 4931 1010 4974 esse
1034 4917 1151 4992 potest,
1202 4909 1351 4974 laborare
1381 4909 1561 4975 credendus
1595 4909 1651 4986 sit,
1688 4914 1834 4972 cessante
1867 4906 1977 4985 Μο66,
2010 4907 2066 4988 qui
2097 4907 2178 4972 61166

178 4994 330 5074 cogitant.
375 4992 488 5076 Quare
514 4994 609 5059 illum
629 4995 725 5060 unice
747 4996 908 5077 scriptura
928 4996 1023 5062 nobis
1045 4995 1150 5076 offert,
1203 5015 1316 5060 omnes
1342 4995 1377 5058 in
1404 4994 1467 5060 hac
1493 5002 1587 5077 parte
1607 4994 1704 5076 longo
1725 4990 1914 5071 intervallo,
1942 4991 2021 5057 dum
2041 4993 2177 5073 viveret,

179 5165 382 5177 ἢ..

889 5230 893 5239 =
1272 5199 1301 5265 l)
1319 5201 1378 5254 Lib.
1397 5201 1431 5254 dc
1448 5201 1526 5253 Isaac
1544 5205 1572 5252 et
1590 5197 1686 5251 anima.
1807 5194 1838 5265 2)
1863 5197 2013 5266 scripturae
2031 5197 2178 5263 autoritate

247 5264 277 5332 1)
294 5268 327 5319 Ιιι
345 5268 416 5321 Pral.
434 5267 476 5322 91
495 5286 516 5322 6.
535 5268 559 5323 6.
629 5267 660 5337 2)
676 5285 772 5339 preces
789 5266 858 5323 1550
874 5283 944 5339 seqq.
1203 5267 1272 5324 1550
1288 5284 1358 5341 seqq.
1981 5274 1985 5283 “

250 5349 361 5407 Caluini
374 5369 468 5421 opero.
504 5355 563 5411 Vol.
578 5355 604 5410 1.
1504 5296 1511 5321 ¹
1941 5349 1977 5403 58
