4770 6030
217 351 278 412 367
789 343 1055 412 INS'HTUTIO
1078 345 1183 456 RED.
1207 340 1390 410 CHRIST.
1417 345 1650 410 15392-1554.
2156 347 2219 407 368

1920 455 2220 524 Α56;Β53;053.

214 542 431 620 componeret.
481 536 586 600 Porro
614 535 670 599 ubi
697 534 876 614 Dominus,
911 535 1052 599 infracta
1078 541 1192 598 nostra
1242 530 1347 607 bonis,
1367 530 1407 595 de
1424 531 1789 616 quibuspraecipuacst
1803 443 1968 616 quaaslio?
1997 531 2063 597 Ubi
2080 553 2222 615 ragnum
2307 597 2312 618 ,

213 623 396 706 pervicacia
417 621 561 686 offensus
584 628 617 684 et
645 627 803 702 tanquam
825 621 997 703 fatigatus,
1027 641 1087 684 nos
1109 642 1191 702 pau·
1243 616 1278 680 in
1299 616 1365 681 illis
1388 638 1485 681 suum
1506 618 1612 700 erigit,
1631 619 1841 698 voluntatem,
1859 641 1901 683 ne
1920 619 2014 701 vagis
2031 617 2220 683 libidinibus

213 708 315 791 lisper
342 707 478 784 omittit,
513 707 662 770 submoto
691 706 815 771 scilicet
841 706 941 771 verbo
974 725 1034 770 suo
1061 706 1098 769 in
1127 726 1191 788 quo
1243 723 1374 766 sursum
1403 702 1555 767 deorsum
1581 712 1729 786 raptatur
1755 726 1814 787 pro
1840 713 1977 769 natiuae
1999 704 2219 783 inclinatione,

212 793 434 878 praesentiam
455 792 620 875 quandam
640 792 692 857 sui
714 791 869 857 exhibere
892 792 983 871 solet,
1006 800 1040 856 at
1061 792 1190 874 experi-
1242 809 1302 871 per
1330 789 1483 870 spiritum
1512 810 1607 853 suum
1630 791 1773 868 cohibet;
1805 812 1868 872 quo
1895 791 1931 854 in
1952 792 2160 856 sanctitatem
2182 812 2220 855 ac

212 887 362 944 mentum
388 880 477 961 capit
498 877 577 961 quid
605 900 639 943 sa
661 877 795 942 absente
822 878 941 942 facturi
967 879 1083 942 simus:
1111 876 1190 942 inda
1243 874 1402 938 iustitiam
1422 874 1630 956 propendeat,
1654 875 1696 940 ad
1717 877 1862 942 iustitiae
1881 898 1960 941 suae
1977 875 2127 960 regulam
2143 878 2220 942 flec-

212 965 294 1030 falso
327 964 507 1047 colligitur,
544 964 669 1046 aliquae
704 985 774 1029 asse
806 964 901 1028 liberi
942 964 1070 1029 arbitrii
1103 963 1190 1028 viras
1242 961 1297 1036 tit,
1321 960 1497 1042 componit,
1520 960 1654 1039 format,
1678 962 1805 1046 dirigit,
1826 984 1869 1028 ne
1891 963 2011 1028 titubet
2032 971 2089 1026 aut
2111 963 2220 1028 conci-

212 1065 294 1134 quas
311 1049 550 1133 contempletur
568 1056 601 1114 et
619 1050 781 1133 exploret3
799 1049 930 1131 quando
948 1070 1016 1113 non
1032 1050 1069 1112 in
1088 1049 1190 1112 alium
1243 1045 1299 1110 dat
1320 1046 1454 1127 spiritus
1477 1046 1528 1111 sui
1549 1047 1671 1112 virtute
1692 1048 1817 1113 stabilit
1839 1058 1872 1115 et
1892 1051 2071 1114 confirmat.

212 1135 247 1201 id
268 1137 367 1200 finem
390 1136 476 1214 facit,
499 1157 598 1218 quam
615 1144 653 1200 ut
671 1135 712 1200 ad
731 1134 1024 1219 recognoscendum
1043 1141 1190 1199 nostram
1328 1135 1378 1195 90.
1423 1131 1512 1195 Hinc
1541 1141 1678 1213 apparet
1710 1135 1851 1217 gratiam
1884 1135 1948 1198 Dei
1980 1157 2051 1200 esse
2083 1136 2219 1217 spiritus

213 1220 351 1285 οὐδενίαν
372 1242 431 1287 nos
454 1222 573 1305 adigat.
1242 1216 1404 1300 regulam,
1436 1216 1478 1281 ad
1508 1216 1714 1366 dirigendam
1747 1241 1784 1286 ac
1813 1219 2047 1285 moderandam
2075 1220 2219 1286 bominis

299 1312 350 1372 89.
394 1308 553 1390 Pugnant
581 1308 682 1372 ctiam
704 1330 745 1371 ax
773 1315 933 1391 perpetua
954 1305 1107 1389 loquendi
1135 1328 1189 1370 ra-
1241 1301 1452 1368 voluntatam.
1508 1302 1565 1367 Mo
1589 1305 1675 1369 erari
1707 1326 1773 1369 non
1802 1358 1807 1369 .
1837 1313 1920 1370 otest
1951 1307 2032 1389 quin
2065 1309 2217 1390 corrigat,

214 1395 310 1471 tione,
333 1402 507 1476 quactum
530 1395 565 1457 in
587 1394 766 1476 scripturis,
788 1401 860 1457 tum
880 1397 915 1457 in
933 1393 1104 1457 hominum
1121 1413 1189 1457 ser·
1242 1388 1321 1470 quin
1347 1389 1515 1468 reformat,
1565 1389 1623 1452 uin
1650 1397 1786 1456 renovet
1813 1328 1916 1473 duride
1936 1390 2075 1457 dicimus
2096 1394 2219 1475 princi-

213 1481 363 1544 monibus
391 1479 592 1544 observatur.
637 1477 807 1561 Siquidem
832 1480 920 1544 bona
944 1499 1043 1561 opera
1064 1499 1189 1543 nuncu·
1241 1474 1333 1556 pium
1355 1475 1559 1557 regeneratio
1586 1474 1613 1539 's
1634 1498 1719 1557 esse,
1750 1485 1788 1541 ut
1809 1476 1895 1559 quod
1921 1484 2069 1543 nostrum
2092 1487 2143 1544 est
2162 1480 2220 1545 ab·

213 1572 334 1648 pantur
361 1573 487 1644 nostra3
517 1574 550 1629 ct
576 1565 661 1647 quod
694 1572 843 1631 sanctum
875 1564 1094 1648 placitumque
1120 1564 1189 1628 Do-
1242 1559 1382 1644 oleatur)
1417 1561 1515 1624 simul
1541 1561 1619 1642 quin
1647 1569 1791 1640 moveat,
1821 1570 1911 1646 agat,
1941 1563 2101 1647 impellat,
2125 1566 2219 1644 ferat,

212 1652 301 1715 mino
324 1658 461 1716 estnon
482 1651 591 1714 minus
612 1652 719 1716 facere
737 1672 835 1733 quam
851 1658 985 1733 paccata
1001 1656 1189 1732 perpetrare
1241 1653 1360 1710 teneat.
1411 1645 1507 1711 Unda
1534 1668 1612 1710 vere
1638 1647 1776 1713 dicimus
1804 1649 1893 1713 illius
1920 1651 1956 1714 in
1984 1649 2126 1714 solidum
2148 1673 2219 1717 esse

213 1737 360 1802 dicimur.
410 1735 508 1816 Quod
540 1737 567 1801 si
593 1744 726 1820 peccata
754 1739 825 1801 iure
854 1737 947 1801 nobis
975 1738 1187 1817 imputantur,
1241 1752 1369 1808 omnes,
1392 1752 1475 1813 quae
1496 1730 1573 1798 inde
1596 1743 1766 1812 emanant,
1795 1735 1946 1801 actiones.
1991 1736 2131 1800 Interim
2150 1759 2218 1802 non

212 1823 315 1888 veluti
337 1845 357 1887 a
378 1823 470 1887 nobis
498 1823 656 1904 profecta,
690 1831 776 1887 certe
799 1831 831 1887 et
857 1824 893 1886 in
914 1822 1045 1886 iustitiis
1066 1821 1188 1904 aliquid
1241 1838 1400 1900 negamus
1431 1817 1640 1882 verissimum
1670 1840 1741 1884 esse
1768 1820 1855 1903 quod
1876 1822 2084 1905 Augustinus
2113 1822 2216 1903 docet,

180 1948 182 1955 .
211 1909 305 1974 nobis
327 1907 561 1991 assignandum
583 1908 697 1972 eadam
717 1910 843 1973 ratione
864 1909 935 1973 erit.
970 1907 1083 1989 Neque
1101 1909 1189 1971 enim
1241 1924 1308 1967 non
1330 1902 1453 1967 destrui
1476 1903 1583 1986 gratia
1602 1904 1821 1985 voluntatem,
1852 1906 1909 1971 sed
1931 1909 2037 1997 magis
2059 1910 2216 1992 reparari.

212 2007 467 2060 cousentaneum
489 2002 575 2059 esset
605 1995 722 2059 rationi
744 2003 781 2058 ut
802 2016 841 2058 ee
869 1993 1052 2060 diceremur
1072 1993 1187 2070 facere,
1241 1985 1329 2068 Quia
1356 1995 1530 2071 utrumque
1554 1989 1676 2072 optime
1697 2000 1836 2058 constat:
1866 1999 1905 2056 ut
1928 1994 2106 2059 instaurari
2128 1995 2217 2061 dica-

213 2080 329 2163 quibus
352 2079 486 2162 agendis
515 2081 645 2162 proprio
673 2089 764 2144 motu
792 2080 954 2146 inhabiles
980 2081 1085 2144 instar
1106 2078 1188 2161 lapi·
1240 2081 1296 2138 tur
1323 2074 1466 2139 hominis
1494 2075 1662 2153 voluntas,
1698 2077 1775 2142 dum
1809 2087 1955 2144 comesta
1980 2080 2158 2146 vitiositate
2185 2090 2219 2147 et

213 2166 292 2231 dum
315 2188 334 2230 a
355 2166 429 2229 Deo
450 2187 664 2231 moveremur.
710 2167 757 2231 Ut
785 2188 862 2250 ergo
884 2166 949 2230 Dei
977 2167 1102 2248 gratiae
1121 2165 1188 2246 pri-
1240 2160 1455 2243 perversitate
1488 2159 1530 2225 ad
1556 2182 1669 2225 veram
1696 2163 1839 2230 iustitiae
1866 2165 2016 2248 regulam
2048 2165 2218 2250 dirigitur;

211 2272 284 2316 mas
306 2251 429 2330 damus,
452 2259 598 2316 nostram
619 2262 730 2317 tamen
751 2272 885 2334 operam
904 2251 958 2318 vel
980 2250 1188 2316 secundarius
1241 2253 1275 2310 et
1300 2246 1399 2309 simul
1428 2268 1513 2311 nova
1540 2247 1576 2310 in
1609 2247 1741 2313 homine
1770 2251 1922 2316 voluntas
1948 2251 2079 2317 dicatur
2104 2256 2216 2334 creari,

213 2345 325 2402 tenere
350 2345 460 2419 partes
486 2335 561 2401 illae
588 2337 791 2419 loquutiones
818 2338 973 2402 indicant.
1019 2333 1057 2401 Si
1085 2357 1188 2399 unum
1241 2332 1318 2414 quia
1346 2332 1392 2397 sic
1413 2332 1531 2397 vitiata
1556 2342 1769 2417 corruptaque
1798 2344 1850 2403 est
1876 2346 1913 2401 ut
1936 2358 2059 2402 novum
2087 2341 2218 2421 penitus

212 2422 296 2488 illud
317 2430 504 2506 urgeretur,
533 2423 618 2488 bona
639 2445 737 2507 opera
763 2430 878 2488 nostra
899 2422 1100 2505 nuncupari,
1128 2442 1188 2505 ego
1240 2418 1411 2500 ingenium
1439 2418 1577 2483 induere
1610 2440 1741 2485 necessa
1773 2422 1901 2489 habeat.
1951 2422 2045 2487 Nihil
2073 2425 2140 2490 iam
2162 2427 2219 2492 ob·
2299 2457 2302 2461 ·

213 2509 357 2575 vicissim
379 2509 552 2573 obiicerem
573 2531 693 2592 panem
710 2511 893 2592 nuncupari
911 2515 1069 2587 nostrum
1092 2528 1189 2589 quem
1241 2509 1318 2588 stat,
1338 2504 1512 2585 quominus
1532 2505 1597 2570 rite
1619 2526 1717 2588 agere
1739 2507 1902 2587 dicamur,
1924 2507 2011 2592 quod
2033 2511 2102 2593 agit
2123 2508 2218 2594 spiri·

212 2595 306 2661 nobis
334 2594 405 2659 dari
433 2616 453 2658 a
481 2595 553 2658 Deo
581 2597 754 2677 poscimus.
799 2593 889 2675 Quid
915 2616 957 2658 ax
978 2594 1189 2676 possessionis
1242 2597 1295 2654 tus
1315 2589 1380 2653 Dei
1402 2590 1438 2653 in
1459 2590 1568 2668 nobis
1596 2591 1679 2656 citra
1706 2595 1857 2677 propriae
1879 2595 2011 2660 virtutis
2032 2616 2108 2660 cum
2129 2597 2218 2662 illius

214 2681 307 2746 titulo
329 2680 521 2763 percipient,
550 2702 649 2764 quam
670 2683 735 2746 Dei
763 2681 964 2764 benignitate
987 2700 1025 2744 ac
1047 2679 1189 2763 gratuito
1241 2676 1351 2759 gratia
1376 2676 1709 2743 communicationem
1760 2680 1929 2763 Primum,
1962 2680 2040 2762 quia
2067 2692 2218 2756 nostrum

212 2788 348 2831 munera
374 2773 524 2830 nostrum
552 2768 624 2831 fieri
645 2767 731 2850 quod
757 2767 892 2831 minima
918 2765 999 2830 alias
1020 2765 1112 2829 nobis
1133 2765 1189 2830 de·
1242 2769 1292 2825 est
1324 2762 1389 2825 Dei
1421 2762 1639 2845 benignitate,
1672 2764 1829 2849 quidquid
1862 2773 2015 2849 operatur
2045 2768 2081 2832 in
2113 2770 2217 2849 nobis,

212 2851 372 2919 bebatur?
422 2853 513 2934 Ergo
542 2862 598 2916 aut
630 2852 768 2918 eandam
794 2853 828 2916 in
854 2852 1000 2916 oratione
1029 2850 1190 2916 dominica
1241 2846 1337 2911 modo
1366 2868 1434 2911 non
1461 2869 1482 2911 a
1513 2848 1607 2914 nobis
1635 2869 1705 2916 esse
1731 2851 1971 2937 intelligamus3
2005 2851 2122 2919 deinde
2142 2857 2219 2938 quia

212 2938 343 3003 rideant
365 2936 617 3016 absurditatem
647 2946 704 3003 aut
728 2960 771 3003 ne
798 2959 857 3021 pro
888 2935 1024 3002 ridiculo
1047 2936 1190 3001 habeant
1241 2939 1355 2997 nostra
1376 2939 1426 2998 est
1446 2953 1548 3012 mens,
1571 2942 1684 3000 nostra
1704 2938 1866 3018 voluntas,
1891 2945 2041 3004 nostrum
2063 2941 2218 3023 studium,

212 3024 298 3107 quod
326 3029 438 3087 nostra
465 3032 623 3087 vocantur
647 3025 733 3089 bona
761 3045 874 3107 opera,
905 3023 1084 3105 inquibus
1106 3022 1190 3106 nihil
1242 3040 1324 3101 quae
1347 3019 1388 3083 ab
1410 3040 1448 3084 eo
1468 3019 1505 3083 in
1526 3020 1649 3085 bonum
1671 3020 1865 3106 dirigrmtur.

213 3109 372 3174 habemus
403 3109 572 3191 proprium
604 3111 668 3174 nisi
699 3132 741 3174 ax
772 3112 837 3176 Dei
870 3110 1031 3193 largitate.
1087 3109 1190 3190 Atqui
1329 3110 1378 3168 91.
1411 3102 1518 3184 Quae
1539 3110 1709 3189 praeterea
1736 3109 1813 3176 hinc
1841 3111 1918 3177 inde
1940 3112 2127 3178 testimonia
2149 3134 2219 3180 cor·

213 3195 303 3260 istud
332 3194 497 3277 aliquanto
520 3202 571 3259 est
591 3195 746 3274 validius,
779 3195 865 3278 quod
891 3196 1059 3277 nosipsos
1080 3196 1190 3259 Deum
1242 3190 1615 3269 adoramentorum
1637 3194 1736 3258 etiam
1756 3196 1897 3279 ingeniis
1919 3218 1986 3262 non
2008 3199 2151 3264 multum
2171 3200 2220 3264 fa·

213 3280 333 3360 colera,
357 3277 489 3346 servare
511 3281 685 3361 iustitiam,
708 3281 838 3346 obedire
859 3282 940 3366 legi,
968 3281 1062 3345 bonis
1084 3281 1189 3363 operi·
1241 3284 1370 3344 cessent
1401 3278 1538 3360 negotii,
1576 3299 1659 3360 quae
1690 3282 1874 3363 superiores
1912 3282 2010 3348 modo
2043 3285 2220 3351 solutiones

213 3367 275 3432 bus
302 3366 447 3433 studere*
460 3367 624 3449 scriptura
653 3389 761 3450 saepe‘
777 3369 928 3432 affirmat.
973 3367 1066 3432 Haec
1088 3388 1189 3449 quum
1240 3362 1341 3446 probe
1362 3363 1560 3428 imbiberint
1611 3362 1726 3430 (litant
1751 3389 1793 3432 ex
1816 3367 1939 3434 Genesi
1961 3371 2159 3436 sententiam
2180 3372 2219 3435 il-

213 3454 281 3519 sint
307 3454 439 3536 propria
467 3454 587 3518 mentis
613 3454 853 3518 et‘voluntatis
879 3453 1000 3531 officia,
1030 3452 1189 3535 quomodo
1240 3450 1308 3514 lam
1330 3447 1376 3532 (4,
1396 3449 1445 3533 7):
1474 3449 1534 3514 sub
1563 3457 1596 3514 ta
1623 3451 1687 3514 erit
1713 3455 1878 3536 appetitus
1905 3457 1975 3521 eius
1997 3465 2031 3520 et
2058 3465 2096 3522 tu
2117 3457 2219 3522 domi-

214 3540 402 3605 convenirat
429 3538 471 3602 ad
498 3540 649 3620 spiritum
679 3540 760 3605 haec
780 3539 895 3604 referri
917 3547 951 3604 et
977 3539 1075 3603 simul
1096 3539 1189 3605 nobis
1240 3535 1371 3600 naboris
1392 3535 1457 3614 illi;
1483 3556 1582 3617 quam
1603 3535 1644 3600 de
1671 3547 1803 3620 peccato
1830 3541 2103 3625 interpretantur,
2131 3564 2169 3609 ac
2191 3544 2219 3607 si

213 3625 326 3702 tribui,
355 3625 419 3688 nisi
440 3623 601 3707 quaedam
622 3633 708 3691 esset
735 3624 834 3690 studii
856 3626 960 3690 nostri
981 3647 1057 3690 cum
1075 3624 1190 3690 divina
1242 3620 1326 3686 (lain
1347 3622 1553 3705 promitteret
1574 3622 1754 3703 Dominus,
1783 3647 1849 3690 non
1870 3628 1939 3693 fore
1963 3629 1999 3692 in
2022 3629 2219 3694 animosius

213 3710 335 3774 virtute
363 3710 632 3777 communicatio?
677 3712 741 3777 His
772 3712 863 3777 tricis
883 3711 975 3777 nullo
997 3711 1107 3776 labora
1128 3732 1189 3776 nos
1242 3708 1311 3772 vim
1333 3708 1533 3790 superiorem
1553 3710 1690 3788 peccati,
1714 3711 1743 3775 si
1765 3712 1801 3776 in
1822 3734 1860 3778 eo
1881 3713 2101 3796 perdomando
2128 3713 2219 3779 labo-

215 3795 429 3873 exsolvemus,
452 3798 480 3861 si
501 3799 563 3862 rite
579 3798 714 3862 modum
730 3805 919 3880 reputemus
935 3819 999 3880 quo
1016 3797 1051 3861 in
1068 3798 1190 3862 sanctis
1241 3815 1316 3858 rare
1344 3792 1453 3858 vellet·
1497 3792 1565 3857 Nos
1593 3801 1704 3859 autam
1736 3799 1842 3882 magis
1874 3820 2053 3884 congruere
2082 3799 2219 3867 dicimus

214 3881 284 3964 egit
305 3882 440 3962 spiritus
461 3883 604 3946 Domini.
649 3884 819 3949 Extranea
841 3891 892 3950 est
915 3884 973 3948 ills
994 3883 1188 3961 similitudo,
1242 3878 1349 3944 ordini
1370 3880 1533 3956 orationis,
1556 3886 1594 3942 ut
1615 3878 1656 3944 da
1677 3883 1782 3949 Abale
1804 3885 1982 3969 accipiatur
2003 3885 2065 3950 hoe
2087 3884 2218 3951 dictum.

215 3986 280 4049 qua
306 3987 366 4031 nos
393 3967 552 4032 invidiose
580 3979 728 4052 gravant.
779 3968 863 4051 Quis
885 3972 972 4035 enim
994 3970 1041 4035 ita
1063 3969 1188 4052 desipit,
1241 3965 1314 4032 Illic
1346 3966 1434 4030 anim
1465 3965 1671 4048 iniquitatem
1701 3969 1859 4050 invidiae,
1887 3992 1986 4055 quam
2017 3972 2053 4035 in
2082 3972 2220 4038 tranem

214 4058 252 4116 ut
276 4051 418 4116 hominis
446 4054 622 4118 motionem
647 4076 667 4119 a
693 4057 780 4121 iactu
807 4056 924 4140 lapidis
952 4055 1035 4120 nihil
1058 4054 1190 4119 differre
1242 4050 1328 4117 Cain
1361 4057 1565 4133 conceperat,
1600 4073 1738 4136 arguare
1769 4058 1972 4140 propositum
1994 4064 2045 4123 est
2064 4059 2217 4123 Domino.

216 4137 383 4202 autumet?
423 4137 537 4220 Neque
559 4160 636 4205 vero
657 4141 834 4224 quidquam
855 4142 960 4207 simila
983 4142 1190 4224 consequitur
1242 4137 1283 4201 Id
1309 4138 1389 4202 facit
1415 4136 1535 4220 duplici
1563 4139 1703 4204 ratione:
1739 4143 1826 4226 quod
1851 4144 1974 4210 frustm
2001 4143 2219 4210 meditabatur

215 4245 257 4288 ex
289 4231 404 4288 nostra
430 4223 586 4288 doctrina.
632 4227 673 4289 In
700 4228 867 4292 natiuales
890 4229 1031 4293 hominis
1052 4227 1189 4292 faculta-
1241 4223 1361 4302 scelus,
1401 4245 1464 4305 quo
1495 4225 1632 4288 fratrem
1665 4229 1877 4308 praecelleret
1908 4230 1996 4314 apud
2028 4232 2218 4309 Dominum,
2250 4241 2251 4244 ’

215 4316 265 4375 tes
282 4309 452 4374 referimus
470 4311 658 4393 approbare,
681 4334 843 4394 respuere,
864 4314 958 4393 vella,
981 4314 1076 4393 nolle,
1099 4313 1188 4390 eniti,
1242 4308 1329 4391 apud
1354 4329 1451 4391 quem
1478 4310 1588 4375 nullus
1616 4319 1666 4377 est
1696 4313 1814 4393 honor,
1849 4303 1913 4382 nisi
1942 4317 2101 4396 iustitiae3
2134 4315 2220 4399 quod

214 4396 378 4472 resistere,
419 4396 598 4478 approbare
630 4399 824 4474 vanitatem,
862 4421 1017 4482 respuere
1049 4397 1189 4463 solidum
1241 4396 1383 4460 nimium
1409 4396 1561 4478 ingratus
1591 4405 1677 4463 esset
1703 4400 1770 4465 iam
1797 4410 1928 4485 accepto
1955 4402 2021 4468 Dei
2053 4403 2217 4479 beneficio,

214 4481 351 4562 bonum,
373 4480 458 4548 velle
479 4480 616 4560 malum,
637 4482 724 4547 nolle
744 4483 882 4562 bonum,
910 4485 990 4550 eniti
1012 4483 1053 4548 ad
1075 4484 1188 4564 nequi-
1240 4481 1297 4564 qui
1318 4502 1360 4546 ne
1382 4481 1564 4546 subiectum
1585 4483 1718 4567 quidam
1737 4506 1796 4552 suo
1810 4487 1954 4570 ,imperio
1978 4489 2116 4553 fratrem
2134 4489 2219 4552 ferre

213 4568 310 4644 tiam,
339 4568 490 4633 resistere
516 4567 668 4633 iustitiae.
713 4566 803 4648 Quid
831 4571 884 4636 hic
912 4571 982 4655 agit
1002 4568 1186 4634 Dominus?
1240 4574 1357 4649 posset
1403 4567 1531 4632 Varum
1558 4591 1600 4634 na
1627 4570 1714 4635 hanc
1739 4573 2045 4654 interpretationem
2072 4573 2146 4637 ideo
2169 4572 2217 4635 vi·

215 4650 254 4717 Si
282 4653 438 4719 eiusmodi
466 4654 629 4738 pravitate
650 4655 700 4718 uti
723 4654 806 4734 vult,
834 4663 993 4739 tanquam
1013 4657 1082 4720 irae
1110 4676 1188 4720 suae
1241 4653 1377 4717 daamur
1405 4653 1602 4735 amplexari,
1630 4656 1716 4739 quod
1739 4657 1843 4723 altera
1864 4658 1958 4723 nobis
1980 4658 2143 4724 contraria
2164 4657 2217 4735 sit,

214 4738 439 4819 instrumento,
463 4739 574 4824 dirigit
595 4762 633 4806 ac
655 4739 882 4825 destinatque
904 4742 1049 4819 libuerit,
1072 4748 1189 4824 utper
1242 4740 1356 4805 demus
1376 4760 1456 4804 sane
1478 4739 1519 4805 da
1546 4749 1678 4823 peccato
1700 4742 1870 4826 loquutum
1896 4744 1997 4809 fiiisse
2015 4745 2133 4808 Deum.
2179 4740 2219 4807 Si

213 4825 366 4891 vitiosam
401 4847 538 4890 manum
574 4827 696 4892 bonum
734 4847 831 4892 suum
869 4849 951 4910 opus
982 4833 1187 4909 exsequatur.
1240 4827 1288 4890 ita
1309 4832 1369 4904 est,
1392 4832 1451 4890 aut
1494 4827 1635 4891 remittit
1658 4827 1719 4894 hoc
1740 4829 1904 4894 Dominus
1926 4828 2013 4912 quod
2034 4827 2216 4905 denuntiat,

178 4916 180 4922 ’
214 4907 397 4976 Scelestum
424 4912 527 4995 igitur
551 4911 733 4992 hominem,
768 4915 824 4998 qui
849 4916 913 4980 Dei
946 4915 1110 4997 potentiae
1143 4914 1189 4978 sic
1242 4918 1299 4977 aut
1324 4912 1424 4978 iubet
1471 4847 1514 4977 gi
1543 4912 1649 4991 iubet,
1678 4914 1806 4980 nullam
1826 4913 1903 4979 inde
1924 4914 2150 4998 probationem
2169 4914 2218 4978 fa-

214 4998 316 5061 servit
337 4996 417 5060 dum
441 4997 567 5062 libidini
589 5004 719 5086 tantum
741 5022 820 5065 suaa
841 5001 974 5082 obsequi
996 4999 1121 5077 studet,
1144 5021 1189 5064 an
1241 4998 1373 5064 cultatis
1410 4998 1575 5062 humanae
1611 5000 1703 5080 sequi
1738 5001 1807 5065 iam
1838 4999 2151 5080 demonstravimus;
2190 5003 2218 5066 si

214 5100 289 5145 cum
316 5103 395 5146 saxo
424 5084 627 5149 conferemus
654 5086 711 5167 qui
744 5086 850 5150 alieno
882 5086 1008 5168 impetu
1039 5085 1188 5151 vibratus
1240 5084 1417 5166 promittit,
1447 5082 1503 5148 ubi
1523 5083 1749 5166 promissionis
1770 5085 2058 5168 complementum,
2089 5087 2219 5169 quando

213 5186 274 5231 neo
296 5176 402 5245 motu,
424 5190 484 5233 nec
504 5191 616 5248 sensu,
639 5193 699 5236 nec
720 5171 888 5236 voluntate
909 5171 1042 5254 propria
1061 5170 1187 5236 fertur?
1240 5175 1382 5253 peccato,
1406 5169 1458 5234 cui
1481 5168 1644 5234 dominari
1664 5171 1772 5253 ipsum
1794 5193 1813 5236 o
1836 5172 1972 5252 ortebat,
1996 5170 2081 5237 Cain
2104 5194 2219 5238 succu-

214 5251 362 5318 videmus
394 5262 553 5336 quantum
589 5257 633 5319 sit
665 5255 868 5322 ιιιιοιιιιιιιιιε.
925 5255 1014 5337 Quid
1042 5277 1121 5323 vero
1153 5257 1188 5320 in
1240 5254 1331 5320 buit?
1381 5253 1597 5320 Promissioni
1617 5255 1785 5346 ¹inclusam
1836 5257 1922 5329 ’cant
1947 5259 2081 5325 tacitam
2107 5258 2218 5324 condi-
