4770 6030
207 371 268 434 359
783 362 1049 432 INSTIDUTIO
1070 364 1176 430 REL.
1200 363 1381 433 OHRIST.
1406 369 1638 431 1539—1554.
1819 361 1822 368 ’
2149 368 2213 430 360

1900 465 1939 554 [a
1952 478 2112 547 so;ars;
2129 477 2212 532 ιιι.
2318 505 2321 512 -

207 563 395 624 ιοιιιιιιιιιι·
428 563 652 640 perseverent,
690 554 746 621 alii
773 555 987 621 instabilitate
1021 555 1182 632 deficiant,
1235 575 1302 618 non
1329 554 1401 618 sine
1430 554 1575 620 efficacia
1598 561 1742 636 usurpat.
1788 553 1863 620 Stet
1884 574 1961 636 ergo
1988 554 2073 637 quod
2095 572 2212 618 verum

205 664 272 709 non
300 643 365 707 alia
392 644 485 709 nobis
513 649 654 720 constat,
683 642 747 707 nisi
767 641 854 724 quod
881 642 953 706 illos
981 663 1041 706 sua
1062 640 1184 704 virtute
1236 647 1298 718 est,
1331 647 1436 704 totam
1467 641 1595 722 piorum
1628 641 1784 705 virtutem
1815 641 1850 704 in
1876 640 1941 705 Dei
1974 639 2082 723 giratia
2114 641 2211 704 sitam

205 730 372 795 roboratos
405 731 543 794 sustinet
572 728 735 793 Dominus
768 749 810 792 ne
835 733 988 810 pereant;
1020 726 1087 804 his,
1120 747 1183 808 quo
1236 747 1319 790 esse:
1344 747 1403 791 cur
1423 726 1491 790 iam
1512 725 1728 790 admonentur
1749 726 1845 791 officii
1868 727 1934 804 sui,
1957 747 1994 790 ae
2016 746 2082 790 non
2103 727 2211 808 potius

206 816 273 881 sint
295 815 458 879 humanae
477 815 714 879 inconstantiae
736 813 937 892 documenta,
950 813 1026 877 'non
1046 811 1184 876 eandem
1236 812 1389 876 sinuntur
1409 813 1543 894 spiritus
1565 811 1754 893 directioni?
1785 833 1843 877 cur
1864 812 2101 877 hortationibus
2123 811 2211 876 solli-

205 901 362 966 virtutem
383 899 598 965 administrat.
1236 898 1392 976 citantu,
1425 897 1556 979 quando
1587 898 1741 962 festinare
1779 898 1884 982 magis
1916 907 2082 980 nequeunt
2112 919 2211 980 quam

295 990 344 1051 79.
400 987 531 1051 instant
570 992 740 1068 praeterea
776 986 900 1052 frustra
941 984 1184 1048 exhortationes
1235 983 1300 1047 fert
1321 984 1454 1065 spiritus
1474 983 1641 1049 incitatio?
1670 1005 1729 1048 cur
1750 984 1965 1068 castigantur,
1989 985 2016 1047 si
2039 983 2211 1065 quandoa

206 1073 342 1154 suscipi,
366 1093 604 1154 supervacuum
627 1093 697 1136 esse
720 1070 978 1135 admonitionum
1000 1091 1110 1147 usum,
1139 1070 1183 1132 ri-
1235 1069 1291 1133 via
1317 1069 1534 1149 deflexerunt,
1568 1069 1696 1151 quando
1724 1070 1908 1134 necessario
1938 1071 2046 1134 carnis
2072 1070 2211 1133 infirmi-

207 1158 331 1224 diculas
354 1179 424 1223 esse
446 1158 696 1240 obiurgationes,
718 1158 782 1221 nisi
804 1157 847 1221 sit
863 1177 963 1238 penes
980 1162 1183 1238 peccatorem
1235 1162 1302 1218 tate
1323 1153 1407 1238 lapsi
1419 1155 1519 1220 sunt?
1549 1153 1579 1220 Ο
1603 1155 1708 1232 homo,
1727 1157 1799 1237 quis
1821 1177 1855 1220 es
1874 1156 2048 1238 quilegem
2060 1157 2209 1237 imponas

205 1265 330 1327 parere.
361 1241 491 1308 Similia
513 1243 591 1307 olim
612 1264 713 1325 quum
731 1243 971 1307 oblectarentur
987 1241 1182 1324 Augustino,
1235 1240 1399 1305 Domino?
1449 1239 1489 1306 si
1510 1240 1552 1304 ad
1574 1240 1794 1323 recipiendam
1815 1242 1902 1306 hanc
1928 1243 2035 1324 ipsam
2061 1243 2211 1324 gratiam,

205 1328 352 1394 libellum
384 1329 424 1394 de
457 1329 659 1411 correptione
688 1336 721 1392 ιι
810 1329 856 1392 ιιι
882 1327 1023 1393 scrihere
1054 1334 1183 1392 coactus
1236 1347 1300 1408 qua
1320 1329 1359 1391 fit
1380 1333 1418 1390 ut
1438 1327 1616 1391 hortationi
1636 1333 1799 1408 pareatur,
1822 1348 1881 1410 per
1902 1328 2121 1391 hortationem
2140 1328 2214 1392 vult

205 1416 275 1480 fuit.
320 1416 386 1481 Ubi
418 1417 480 1480 etsi
507 1415 633 1496 copiose
661 1414 718 1478 illa
768 1414 855 1492 iluit,
890 1413 933 1478 ad
959 1413 1045 1478 hano
1071 1420 1183 1477 tamen
1235 1433 1294 1476 nos
1322 1413 1527 1494 praeparari,
1557 1411 1634 1494 quid
1663 1412 1765 1478 habes
1792 1413 1878 1496 quod
1904 1415 1939 1477 in
1966 1435 2005 1479 ea
2026 1414 2214 1478 oeconomia

206 1522 368 1567 summam
392 1501 596 1583 adversarios
617 1506 762 1565 revocat:
791 1499 944 1577 ohomo,
972 1500 1008 1562 in
1029 1518 1182 1580 praecep·
1235 1497 1384 1562 mordeas
1405 1499 1458 1563 vel
1480 1498 1635 1581 sugilles?
1672 1497 1710 1562 Si
1732 1498 1815 1562 nihil
1837 1499 2080 1564 exhortationes
2102 1520 2213 1582 repre-

205 1588 294 1651 tione
325 1608 482 1670 cognosce
511 1586 589 1668 quid
622 1586 740 1651 debeas
768 1607 880 1669 agere;
914 1586 949 1648 in
982 1585 1183 1666 correptione
1236 1583 1472 1666 hcnsionesque
1505 1583 1591 1666 apud
1624 1585 1694 1666 pios
1729 1584 1818 1649 aliud
1845 1585 2053 1667 proficerent,
2087 1586 2151 1650 nisi
2176 1594 2214 1649 ιιι

205 1693 364 1756 cognosce
390 1679 447 1737 tuo
473 1681 506 1737 te
527 1673 608 1737 vitio
629 1694 695 1736 non
716 1672 852 1749 habere;
884 1672 919 1734 in
941 1671 1086 1734 oratione
1107 1691 1183 1753 cog·
1235 1670 1359 1750 peccati
1382 1669 1627 1753 redarguerent,
1651 1678 1760 1735 essent
1782 1693 1819 1735 eo
1841 1672 1910 1754 ipso
1928 1671 2129 1754 reputandae
2144 1691 2222 1736 non‘

205 1780 303 1826 nosce
325 1759 412 1823 unde
435 1759 573 1840 accipies
594 1757 679 1841 quod
702 1759 752 1822 vis
775 1758 903 1822 habere.
948 1757 1100 1821 Primum
1116 1776 1183 1819 non
1234 1776 1368 1837 prorsus
1390 1755 1530 1821 inutiles.
1574 1755 1686 1835 Nunc,
1709 1778 1811 1839 quum
1834 1763 1952 1840 agente
1974 1760 2063 1822 intus
2084 1759 2210 1840 spiritu,

207 1844 267 1909 soli
300 1866 414 1909 sumus
446 1845 482 1907 in
512 1843 575 1909 hac
603 1865 716 1924 causa,
744 1843 802 1908 sed
831 1841 983 1908 Christus
1010 1849 1043 1905 et
1070 1862 1183 1905 omnes
1236 1840 1278 1904 ad
1311 1841 1583 1905 inflammandum
1615 1842 1692 1906 boni
1718 1842 1930 1921 desiderium,
1965 1843 2007 1908 ad
2036 1843 2211 1908 discutien-

207 1931 352 2012 apostoli.
397 1929 551 1994 Viderint
577 1930 631 1994 isti
658 1928 816 2011 quomodo
838 1929 1020 2010 superiores
1043 1927 1184 1992 evadent
1236 1926 1315 1990 dum
1342 1934 1520 2009 torporem,
1546 1927 1588 1992 ad
1617 1928 1824 1993 eximendam
1853 1929 2033 2011 iniquitatis
2060 1929 2211 2011 volupta-

206 2016 243 2079 in
264 2018 456 2094 certamine,
487 2015 669 2098 quodcum
696 2015 816 2079 talibus
845 2013 1059 2096 antagonistis
1081 2013 1184 2077 eusci·
1236 2019 1362 2077 temet
1389 2020 1585 2078 venenatam
1619 2013 1837 2092 dulcedinem,
1871 2023 1985 2080 contra
2015 2021 2138 2094 autem,
2170 2014 2212 2079 ad

206 2101 309 2183 piunt.
356 2100 518 2178 Christus,
541 2102 596 2184 qui
617 2108 757 2164 testatur
778 2099 882 2182 (Ioan.
905 2104 954 2177 15,
975 2099 1009 2183 5)
1031 2121 1090 2163 nos
1113 2099 1184 2163 sine
1236 2096 1346 2162 odium
1372 2098 1579 2181 taediumque
1607 2099 1830 2183 generandum
1861 2100 2040 2182 plurimum
2071 2101 2212 2179 valeant,

207 2207 243 2252 se
264 2187 348 2250 nihil
369 2208 477 2269 posse,
506 2208 548 2250 an
570 2185 642 2250 ideo
669 2187 778 2250 minus
800 2184 1011 2267 reprehendit
1032 2193 1065 2248 et
1087 2185 1184 2250 casti-
1235 2184 1308 2266 quis
1330 2184 1450 2248 audeat
1471 2186 1652 2267 superfluas
1677 2186 1845 2251 cavillari?
1886 2184 1925 2251 Si
1946 2188 2018 2268 quis
2040 2187 2212 2252 clariorem

208 2279 265 2356 gat
287 2294 349 2349 eos,
373 2274 429 2354 qui
451 2279 545 2337 extra
566 2293 601 2336 se
623 2273 731 2354 ipsum
752 2270 1021 2355 male'agebant?
1047 2293 1089 2334 an
1110 2269 1183 2334 ideo
1236 2268 1399 2334 desiderat
1424 2272 1666 2352 responsionem
1695 2273 1740 2336 sic
1773 2272 1906 2337 habeat:
1939 2271 2091 2337 bifariam
2119 2274 2210 2339 Deus

187 2359 316 2423 minus
338 2358 531 2423 exhortatur
549 2359 742 2440 utquisque
764 2358 857 2422 bonis
885 2357 1036 2439 operibus
1057 2359 1183 2421 incum-
1235 2356 1270 2418 in
1298 2355 1408 2420 electis
1436 2357 1503 2421 suis
1530 2364 1697 2439 operatur3
1725 2358 1813 2422 intus
1838 2379 1897 2441 per
1918 2359 2085 2441 spiritum,
2118 2368 2212 2424 extra

206 2443 283 2509 bat?
327 2443 452 2509 Paulus
480 2466 577 2526 quam
604 2465 717 2509 severe
744 2445 780 2507 in
802 2442 990 2508 Corinthios
1016 2442 1184 2508 invehitur
1235 2441 1462 2522 perverbum.
1508 2440 1643 2525 Spiritu,
1666 2451 1793 2509 mentes
1814 2443 2037 2523 illuminando,
2058 2444 2157 2511 corda
2178 2446 2213 2510 in

205 2530 247 2595 ob
274 2531 419 2595 caritatis
442 2529 648 2613 neglectum?
693 2529 816 2593 lisdem
843 2536 954 2593 tamen
976 2527 1108 2592 demum
1130 2548 1183 2592 ca·
1234 2527 1377 2591 iustitiae
1407 2548 1551 2592 amorem
1578 2528 1765 2612 cultumque
1792 2530 1977 2609 formando,
2011 2551 2131 2596 novam
2157 2553 2211 2596 eos

206 2617 341 2680 ritatem
368 2637 388 2680 a
416 2616 558 2679 Domino
587 2615 657 2680 dari
686 2617 821 2698 flagitet.
873 2615 1026 2679 Testatur
1053 2614 1088 2676 in
1114 2613 1183 2695 epi·
1235 2621 1420 2677 creaturam
1447 2614 1532 2678 facit.
1583 2615 1709 2693 Verbo,
1737 2615 1780 2680 ad
1806 2615 1944 2681 eandem
1968 2617 2211 2682 renovationem

206 2702 290 2766 stola
309 2701 351 2766 ad
373 2701 540 2766 Romanos
562 2700 607 2785 (9,
630 2700 699 2788 16),
720 2722 786 2765 non
808 2720 879 2766 esse
900 2699 1055 2777 volentis,
1078 2720 1182 2781 neque
1235 2698 1460 2780 expetendam,
1473 2699 1701 2781 quaerendam,
1715 2701 1951 2782 assequendam
1960 2703 2089 2767 excitat.
2112 2702 2211 2767 Utro

205 2789 380 2866 canentis,
415 2787 472 2852 sed
505 2788 688 2852 miserentis
714 2787 794 2866 Dei;
827 2807 894 2851 non
927 2784 1046 2850 desinit
1072 2792 1183 2848 tamen
1236 2804 1297 2865 que
1320 2805 1437 2848 manus
1459 2806 1537 2849 suae
1559 2786 1751 2866 efficaciam,
1780 2808 1840 2870 pro
1863 2787 2111 2870 dispensationis
2133 2809 2211 2853 suae

204 2881 317 2957 postea
345 2881 378 2938 et
410 2873 584 2937 admonere
611 2880 644 2937 et
676 2873 801 2937 hortari
829 2879 863 2936 et
890 2872 1060 2953 corripere.
1114 2869 1183 2935 Gur
1235 2869 1331 2933 modo
1354 2872 1482 2935 exserit.
1517 2871 1666 2936 Verbum
1685 2872 1773 2937 idem
1794 2872 1874 2937 dum
1893 2873 2039 2956 reprobis
2061 2873 2210 2951 destinat,

204 2980 272 3024 non
300 2980 378 3042 ergo
400 2959 580 3023 Dominum
605 2958 830 3040 interpellant,
859 2979 901 3022 ne
924 2958 972 3021 ita
993 2956 1086 3020 ludat
1106 2977 1182 3038 ope·
1236 2956 1297 3019 etei
1329 2978 1395 3020 non
1427 2956 1463 3020 in
1488 2978 1601 3021 eorum
1628 2959 1875 3037 correctionem,
1908 2960 1944 3023 in
1977 2959 2077 3024 alium
2103 2968 2212 3024 tamen

204 3067 293 3122 ram,
326 3046 367 3110 ab
396 3045 583 3109 hominibus
610 3066 649 3108 ea
674 3043 852 3128 exigendo,
886 3064 970 3126 quae
998 3042 1086 3107 solus
1113 3042 1183 3124 ipse
1235 3062 1332 3105 usum
1358 3041 1468 3106 valere
1494 3042 1585 3107 facit:
1615 3064 1678 3125 quo
1700 3051 1734 3109 et
1759 3046 1794 3108 in
1821 3066 1977 3127 praesens
1998 3047 2213 3111 conscientiae

206 3130 285 3195 dare
314 3136 434 3212 potest;
468 3151 506 3193 ea
533 3130 736 3213 castigando,
771 3151 854 3213 quae
881 3131 1007 3214 gratiae
1029 3129 1099 3192 eius
1127 3127 1183 3191 de·
1236 3127 1419 3192 testimonio
1440 3135 1621 3212 urgeantur
1642 3136 1676 3192 et
1702 3129 1738 3193 in
1764 3130 1876 3196 iudicii
1898 3131 1985 3196 diem
2011 3133 2117 3215 magis
2138 3131 2212 3196 red-

155 3284 157 3288 ,
207 3215 556 3281 fectuadmittuntur?
600 3216 744 3281 Paulum
765 3237 824 3280 cur
845 3236 912 3280 non
934 3213 1123 3292 admonent,
1146 3221 1185 3277 ut
1236 3210 1357 3276 dantur
1378 3212 1623 3280 inexcusabiles.

207 3309 322 3385 parcat
349 3302 389 3366 iis
416 3323 554 3383 quorum
578 3303 613 3365 in
640 3323 741 3365 manu
767 3322 834 3366 non
856 3308 906 3367 est
926 3300 1010 3366 velle
1031 3306 1089 3363 aut
1109 3320 1183 3365 cur-
1323 3303 1393 3362 81..
1417 3299 1460 3363 In
1478 3300 1691 3383 congerendis
1708 3301 1889 3383 scripturae
1906 3304 2100 3369 testimoniis
2119 3303 2213 3368 valde

207 3409 295 3466 rere,
328 3388 393 3452 nisi
418 3395 596 3470 praeeunte
621 3389 685 3451 Dei
710 3387 947 3465 misericordia,
981 3407 1064 3469 quae
1095 3406 1183 3449 nunc
1236 3391 1314 3448 sunt
1340 3384 1500 3450 laboriosi.
1551 3385 1654 3469 quue
1680 3386 1792 3451 sedulo
1820 3388 1945 3454 faciunt
1976 3395 2026 3467 nt,
2060 3391 2213 3472 quoniam

207 3475 295 3559 ipsos
321 3472 492 3538 destituit?
545 3471 649 3553 Quasi
670 3494 749 3538 vero
775 3494 841 3536 non
868 3473 991 3556 optima
1018 3471 1183 3535 doctrinae
1235 3468 1379 3552 pondere
1406 3479 1586 3554 nequeunt,
1621 3493 1758 3536 numero
1791 3473 1907 3539 saltem
1934 3497 1994 3540 nos
2022 3475 2211 3540 adobruant.

208 3580 287 3625 suae
309 3560 392 3627 ratio
414 3560 556 3624 Domino
578 3565 718 3639 constet,
746 3580 829 3642 quae
849 3559 1059 3641 inpromptu
1080 3578 1115 3622 se
1136 3557 1183 3620 ol·
1236 3553 1304 3620 Sed
1326 3555 1600 3638 quemadmodum
1620 3559 1656 3621 in
1677 3558 1823 3640 praeliis,
1850 3561 1907 3625 ubi
1929 3560 1972 3625 ad
1993 3582 2111 3626 manus
2132 3582 2212 3624 ven·

207 3645 272 3709 lert
292 3646 475 3728 religiosius
495 3645 734 3727 quaerentibus.
778 3645 938 3733 Doqtrina
963 3649 1049 3709 certe
1071 3651 1104 3707 et
1126 3664 1183 3706 ex·
1235 3649 1306 3704 tum
1335 3649 1402 3721 cst,
1431 3642 1571 3708 imbellis
1598 3643 1788 3724 multitudo,
1817 3645 2054 3729 quantumlibet
2074 3667 2211 3728 pompae

208 3730 350 3794 hortatio
376 3737 410 3795 et
434 3732 615 3815 obiurgatio
644 3736 802 3813 quantum
828 3751 888 3813 per
914 3751 949 3795 se
976 3730 1120 3794 efficiant
1141 3727 1183 3792 ad
1236 3733 1269 3791 et
1290 3730 1514 3793 ostentationis
1537 3729 1671 3816 habeat,
1697 3733 1810 3812 paucis
1831 3732 1948 3799 ictibus
1968 3733 2116 3814 protinus
2137 3732 2211 3795 fun·

208 3817 355 3880 animum
385 3816 641 3895 immutandum,
669 3817 792 3882 indicat
817 3816 943 3882 Paulus
964 3815 1043 3880 dum
1071 3814 1184 3879 scribit
1236 3811 1325 3876 ditur
1346 3835 1384 3878 aa
1405 3814 1440 3878 fu
1484 3822 1546 3893 tur,
1568 3816 1616 3880 ita
1636 3815 1730 3880 nobis
1751 3817 1943 3883 facillimum
1960 3819 2023 3882 erit
2042 3817 2115 3882 illos
2137 3839 2212 3883 cum

208 3899 241 3985 (l
263 3900 336 3966 Cor.
358 3905 386 3980 3,
407 3901 457 3986 7),
490 3924 595 3985 neque
622 3904 677 3985 qui
709 3903 837 3986 plantat
863 3924 934 3968 esse
960 3900 1098 3983 aliquid,
1124 3921 1183 3964 ne·
1235 3919 1295 3963 sua
1316 3899 1415 3964 turba
1435 3836 1591 3966 dilucere.
1637 3899 1725 3982 Quia
1746 3905 1834 3968 enim
1855 3905 1891 3967 in
1912 3904 2124 3986 paucissimos
2141 3925 2211 3969 sco·

208 4008 270 4070 que
292 3987 348 4068 qui
369 3988 470 4070 rigat3
492 3988 550 4053 sed
571 3989 760 4067 Dominum,
782 3991 838 4071 qui
859 3990 1099 4053 incrementum
1116 3986 1181 4063 dat,
1234 4005 1293 4066 pos
1315 3992 1433 4049 coeunt
1454 3986 1515 4050 loci
1537 4007 1649 4053 omnes
1668 3989 1784 4070 quibus
1802 3989 1977 4054 adversum
1994 4009 2054 4055 nos
2071 3990 2211 4054 abutun-

206 4072 311 4140 solum
336 4073 509 4137 efficaciter
530 4095 635 4157 agere.
1234 4075 1298 4147 tur,
1322 4070 1378 4135 ubi
1398 4071 1433 4136 in
1455 4093 1531 4137 suas
1553 4072 1673 4139 classes
1695 4073 1859 4141 distributi
1880 4075 2015 4155 luerint,
2039 4076 2212 4158 compluri-

294 4162 345 4222 80.
390 4156 556 4238 Quorsum
583 4181 661 4243 ergo
688 4158 953 4224 exhortationes?
1005 4158 1132 4240 Nempe
1155 4159 1182 4223 si
1236 4155 1296 4220 bus
1324 4177 1391 4221 una
1417 4159 1626 4240 responsione
1653 4161 1804 4242 satisfiet3
1832 4161 1970 4246 singulis
1998 4161 2212 4228 dissolvendis

134 4309 136 4312 ,
206 4244 248 4310 ab
264 4245 427 4310 obstinato
444 4244 539 4309 corde
559 4251 819 4322 contemnuntur,
842 4246 877 4309 in
895 4245 1117 4309 testimonium
1134 4243 1182 4307 illi
1234 4241 1422 4307 incumbere
1444 4263 1577 4309 necesse
1599 4267 1665 4309 non
1687 4248 1758 4312 erit.
1802 4248 2022 4331 Praecipuum
2044 4248 2144 4314 robur
2164 4247 2212 4311 lo-

203 4331 333 4396 suturae
355 4335 440 4408 sunt
464 4330 520 4394 ubi
542 4329 583 4394 ad
600 4331 735 4395 Domini
755 4330 899 4395 tribunal
915 4335 1051 4394 ventum
1069 4330 1181 4408 fuerit3
1234 4335 1311 4392 cant
1332 4328 1367 4391 in
1388 4330 1584 4412 praeceptis:
1614 4352 1697 4414 quae
1714 4341 1843 4415 putant
1861 4335 2070 4401 faordtatibus
2092 4334 2212 4398 nostris

205 4418 284 4501 quin
311 4416 410 4480 etiam
436 4416 503 4480 iam
529 4437 616 4480 nunc
641 4416 728 4480 illius
756 4417 987 4481 conscientiam
1006 4415 1183 4480 verberant
1233 4414 1280 4479 sic
1303 4420 1519 4496 attemperata
1540 4438 1619 4497 esse,
1642 4424 1681 4482 ut
1701 4419 1857 4502 quidquid
1879 4421 1920 4486 ab
1940 4421 2006 4485 illis
2028 4420 2115 4503 exigi
2137 4439 2212 4501 pro·

206 4525 243 4568 ac
264 4503 400 4582 feriunt3
420 4502 497 4585 quia
517 4509 681 4584 utcunque
701 4500 846 4580 irrideat,
869 4501 1053 4583 improbare
1070 4505 1181 4565 tamen
1233 4499 1347 4564 batum
1374 4499 1418 4564 sit
1445 4499 1497 4566 his
1527 4504 1689 4585 praestari
1715 4525 1810 4588 posse
1831 4508 2014 4571 necessario
2036 4525 2212 4586 consequa·

205 4610 271 4655 non
298 4595 412 4671 potest
465 4585 533 4653 Sed
560 4586 638 4670 quid
659 4587 771 4664 faciat,
794 4587 924 4669 quando
945 4585 1052 4652 cordis
1074 4586 1180 4650 molli·
1232 4592 1295 4649 tur.
1340 4585 1432 4669 Ergo
1465 4587 1595 4672 singula
1626 4597 1822 4671 percurrunt
1854 4598 1887 4655 et
1919 4613 1961 4655 ex
1992 4591 2058 4656 illis
2090 4590 2211 4654 virium

204 4675 275 4752 ties,
296 4696 378 4758 quae
401 4674 443 4739 ad
465 4674 682 4739 obedientiam
703 4673 886 4737 necessaria
908 4680 988 4751 erat,
1013 4671 1062 4734 illi
1081 4672 1180 4737 dene-
1231 4676 1419 4735 nostrarum
1442 4671 1577 4738 modum
1598 4675 1787 4741 metiuntur.
1831 4678 1903 4741 Aut
1923 4677 2027 4758 enim,
2049 4674 2209 4756 inquiunt,

149 4820 159 4846 ,
204 4760 324 4844 gatur?
379 4760 452 4825 Imo
482 4759 560 4843 quid
592 4760 844 4844 tergiversatur,
888 4779 990 4842 quum
1025 4758 1180 4823 duritiem
1231 4756 1341 4821 illudit
1360 4758 1455 4824 nobis
1475 4759 1653 4839 Dominus,
1679 4782 1781 4844 quum
1803 4763 2024 4838 sanctitatem,
2046 4761 2210 4842 pietatem,

177 4846 287 4911 -uulli
313 4847 377 4910 nisi
404 4847 466 4912 sibi
493 4847 556 4929 ipsi
583 4846 744 4929 imputare
771 4844 890 4928 queat?
935 4843 1050 4928 Itaque
1077 4845 1178 4927 impii,
1232 4841 1459 4924 obedientiam,
1483 4847 1675 4926 castitatem,
1694 4847 1909 4925 dilectionem,
1927 4843 2212 4910 mansuetudinem

203 4932 343 5019 libenter
370 4953 425 4997 eas
452 4932 583 4997 eludere
614 4932 722 5015 parati
750 4933 779 4997 si
805 4930 917 5008 liceat,
950 4930 1054 4996 velint
1074 4930 1180 4994 nolint
1231 4929 1385 5010 imperat3
1414 4948 1517 5013 quum
1537 4931 1793 5011 immunditiam,
1816 4931 2048 5009 idololatriam,
2069 4929 2211 5013 impudi-

203 5039 318 5082 carum
339 5019 460 5083 virtute
482 5017 734 5084 confunduntur.
778 5016 962 5099 Praecipua
983 5024 1093 5081 autem
1114 5017 1178 5079 uti·
1232 5014 1356 5093 citiam,
1383 5017 1483 5095 ham,
1514 5019 1679 5100 rapinam,
1709 5019 1896 5101 superbiam
1916 5024 1951 5082 et
1971 5016 2091 5082 similia
2109 5018 2212 5082 inter-

202 5103 278 5168 litas
311 5125 390 5187 erga
421 5103 534 5169 fideles
565 5103 800 5169 consideranda
829 5109 890 5167 cst:
925 5103 961 5166 in
993 5102 1110 5184 quibus
1142 5109 1180 5165 ut
1232 5099 1322 5165 dicit:
1353 5107 1411 5165 aut
1439 5123 1478 5166 ea
1506 5110 1635 5167 tannim
1663 5104 1800 5185 requirit
1825 5125 1909 5187 quae
1931 5110 2009 5168 sunt
2034 5104 2070 5166 in
2099 5111 2212 5169 nostra

203 5189 313 5254 omnia
340 5191 577 5278 perspiritum
605 5211 702 5254 suum
724 5190 793 5273 agit
813 5188 990 5265 Dominus,
1018 5189 1065 5252 ita
1087 5188 1179 5252 verbi
1230 5192 1399 5268 potestate
1432 5187 1536 5252 Porro
1558 5189 1756 5254 omniafere
1781 5212 1866 5273 quae
1887 5190 2096 5256 accumulant
2116 5211 2212 5273 prae-

203 5274 254 5340 sui
275 5275 530 5350 instrumentum
550 5296 618 5340 non
638 5275 883 5359 praetermittit,
913 5280 946 5338 et
966 5273 1050 5338 illud
1070 5275 1179 5357 ipsum
1231 5278 1326 5354 cepta
1345 5273 1382 5336 in
1403 5278 1471 5337 tres
1493 5272 1616 5355 species
1637 5273 1839 5359 distinguere
1855 5276 1941 5342 lieet
1976 5275 2054 5341 Alia
2070 5277 2212 5358 primam
