4770 6030
192 339 274 400 1147

189 525 356 589 ominosas
390 529 423 585 et
448 520 618 584 infaustae.
664 517 827 600 Equidem
860 540 928 582 non
955 524 1005 583 est
1033 518 1163 595 mirum,

189 610 219 677 si
240 608 400 673 naturalis
424 626 540 669 sensus
561 606 597 669 in
613 604 707 669 nobis
730 604 948 681 exhorrescat,
972 603 1086 668 audita
1106 624 1164 666 no·

79 752 84 775 ,
189 696 251 761 stri
278 690 498 758 dissolutione.
542 691 589 755 At
616 689 705 753 istud
733 690 824 753 nullo
851 689 947 754 modo
981 688 1163 764 ferendum,

123 820 126 825 -
188 802 254 846 non
276 800 346 843 osse
367 779 403 841 in
424 783 555 860 pectore
577 776 755 840 christiano
775 777 905 857 pictatis
932 776 1057 850 lumen,
1078 772 1166 856 quod

188 865 306 930 maiori
338 862 558 928 consolatione
590 861 847 943 qualemcunque
884 859 979 925 illum
1012 861 1164 923 timorem

189 959 321 1033 superet
354 971 392 1015 ac
425 949 616 1031 supprimat.
661 947 748 1010 Nam
782 948 810 1010 si
832 948 1013 1029 cogitemus
1030 946 1091 1010 hoc
1113 946 1163 1009 in·

188 1036 314 1111 stabile,
336 1036 499 1112 vitiosum,
518 1030 737 1115 corruptibile,
760 1032 925 1110 caducum,
952 1031 1162 1108 emarcidum,

188 1129 284 1206 putre
295 1122 437 1203 corporis
447 1120 550 1184 nostri
566 1117 812 1182 tabernaculum
828 1119 902 1182 ideo
914 1117 1055 1194 dissolvi,
1079 1118 1163 1180 utin

188 1210 328 1283 firmam,
341 1208 525 1289 perfectam,
537 1204 825 1285 incorruptibilem,
838 1204 1011 1269 coelestem
1024 1202 1164 1284 denique

191 1293 329 1377 gloriam
339 1314 417 1356 mox
428 1292 643 1367 instauretur,
667 1312 708 1353 an
720 1312 788 1354 non
803 1290 956 1354 ardenter
971 1288 1053 1353 fides
1065 1309 1163 1370 expo-

191 1389 262 1443 tere
287 1388 381 1460 coget
408 1375 495 1459 qnod
520 1388 639 1440 natura
663 1374 871 1440 reformidat?
917 1373 956 1439 81
984 1375 1164 1456 cogitemus

191 1484 251 1547 per
272 1471 412 1527 mortem
441 1462 481 1526 ab
504 1461 618 1526 exsilio
645 1482 705 1525 nos
731 1462 892 1537 revocari,
916 1466 953 1524 ut
972 1459 1114 1541 patriam
1132 1470 1165 1523 θῖ

192 1549 365 1616 coelestem
387 1549 527 1631 patriam
560 1547 754 1611 incolamus:
783 1569 826 1611 an
850 1546 934 1610 nihil
960 1545 1036 1609 inde
1058 1546 1164 1609 solatii

191 1634 449 1717 consequemur?
494 1634 542 1696 At
572 1633 656 1696 nihil
689 1640 739 1696 θεῖ
766 1632 852 1714 quod
877 1652 944 1695 non
970 1651 1163 1712 permanere

191 1727 331 1803 appetat.
376 1720 497 1783 Fateor
519 1738 605 1781 sane.
649 1719 761 1800 Atque
782 1716 855 1782 ideo
876 1716 918 1780 ad
939 1716 1085 1780 futuram
1100 1716 1162 1779 im-

190 1805 424 1870 mortalitatem
446 1802 685 1886 respiciendum
701 1803 794 1868 nobis
812 1802 979 1878 contendo,
1002 1801 1059 1865 ubi
1077 1810 1163 1866 stata

190 1891 332 1957 conditio
353 1889 513 1973 obtingat,
544 1909 627 1971 quae
654 1890 690 1951 in
716 1897 805 1952 terra
833 1893 995 1970 nusquam
1017 1896 1161 1971 apparet

188 1977 244 2041 An
274 1998 352 2042 vero
380 1974 479 2039 bruta
512 1975 681 2049 animalia,
712 1983 808 2056 atque
831 1973 910 2038 adeo
932 1973 1096 2036 inanimae
1113 1974 1162 2054 ip·

188 2070 243 2126 sae
265 2069 442 2137 creaturae,
465 2081 568 2141 usque
591 2059 632 2124 ad
653 2060 744 2143 ligna
766 2067 798 2122 et
819 2059 953 2141 lapides,
980 2061 1162 2140 praesentis

187 2168 267 2213 suae
293 2147 449 2211 vanitatis
477 2147 537 2209 sibi
565 2146 727 2224 consciae,
761 2145 797 2210 in
823 2146 976 2209 ultimum
998 2165 1162 2210 resurrec-

187 2232 286 2297 tionis
308 2231 395 2296 dicm
416 2232 562 2295 intentae
584 2238 688 2308 amnt,
711 2239 749 2294 ut
770 2253 846 2295 cum
873 2230 950 2294 filiis
977 2230 1041 2293 Dci
1064 2250 1084 2293 a
1105 2251 1162 2293 va-

759 327 1025 397 martanam
1046 329 1151 394 RDL.
1175 325 1356 395 CHRIS'P.
1384 329 1614 393 1539-1554.

2108 332 2195 392 1148

1807 426 2065 517 [A431;Beoa;
2085 441 2195 497 ceca.

1217 515 1458 580 conformentur
1486 514 1595 597 (Rom.
1615 519 1644 593 8,
1665 517 1730 598 36).
1763 517 2025 599 Deploratissimi
2043 541 2120 602 ergo
2142 541 2196 585 es·

1217 609 1307 677 sent,
1330 599 1393 666 nisi
1414 609 1524 663 mente
1546 601 1581 664 in
1603 601 1727 666 coelum
1751 609 1858 667 erecta
1884 613 2076 685 superarent
2097 606 2194 688 quid-

1216 685 1294 769 quid
1315 687 1350 750 in
1368 685 1489 749 mundo
1507 698 1566 760 est,
1589 697 1622 750 ct
1639 696 1843 770 praesentem
1861 710 1972 752 rerum
1988 690 2104 754 faeiem
2123 698 2196 756 tra·

1216 772 1359 836 iicerent.
1405 771 1537 850 Contra,
1560 773 1616 837 ubi
1638 772 1739 838 semel
1757 781 1855 854 caput
1874 796 1974 857 supra
1995 777 2104 840 omnia
2124 786 2195 842 ter-

1217 878 1297 920 rena
1318 857 1509 934 extulerint,
1532 858 1660 923 etiamsi
1680 857 1814 922 videant
1840 860 1993 924 florentes
2014 861 2193 944 impiorum

1217 964 1293 1024 opes
1315 950 1349 1007 et
1371 943 1519 1019 honores,
1541 944 1568 1007 si
1590 945 1657 1008 alta
1676 965 1755 1026 pace
1775 945 1848 1021 frui,
1869 947 1896 1009 si
1913 967 2025 1010 rerum
2042 949 2194 1013 omnium

1217 1027 1387 1110 splendore
1409 1050 1446 1093 ac
1468 1028 1549 1092 luxu
1571 1031 1751 1111 superbire,
1774 1032 1803 1095 si
1826 1030 1949 1096 deliciis
1970 1033 2119 1098 omnibus
2142 1035 2193 1098 af·

1215 1114 1317 1177 fluere
1339 1121 1488 1191 cernant,
1515 1115 1543 1180 si
1562 1126 1730 1196 praeterea
1751 1137 1864 1181 eornm
1891 1118 2096 1199 improbitate
2116 1121 2192 1202 pul-

1217 1207 1339 1278 sentur,
1363 1200 1389 1262 si
1412 1200 1624 1265 contumelias
1647 1202 1687 1265 ab
1709 1223 1822 1267 eorum
1843 1203 1929 1267 fastu
1947 1204 2139 1283 sustineant,
2163 1209 2193 1271 si

1217 1285 1354 1348 avaritia
1375 1285 1568 1366 expilentur,
1591 1288 1619 1351 si
1641 1288 1705 1351 alia
1725 1289 1840 1370 quavis
1860 1288 1995 1353 libidine
2017 1301 2191 1371 vexentur,

1216 1391 1283 1433 non
1312 1370 1487 1435 difficulter
1514 1393 1549 1435 se
1577 1373 1611 1436 in
1639 1373 1904 1455 talibusquoque
1932 1375 2026 1442 malis
2049 1378 2193 1443 sustinc-

1216 1455 1307 1519 bunt.
1351 1456 1427 1520 Erit
1446 1456 1536 1519 enim
1563 1458 1623 1522 sub
1645 1459 1747 1524 oculis
1769 1458 1837 1523 dics
1865 1460 1919 1524 ille
1941 1482 2004 1543 quo
2027 1463 2192 1540 Dominus

1216 1542 1252 1603 in
1273 1542 1366 1625 regni
1388 1542 1438 1606 sui
1460 1543 1601 1623 quietern
1621 1543 1734 1609 fideles
1756 1566 1832 1611 suos
1853 1548 2000 1628 recipiet,
2024 1548 2193 1632 absterget

1216 1626 1256 1690 ab
1279 1647 1391 1690 eorum
1412 1626 1512 1692 oculis
1534 1648 1663 1693 omnem
1685 1630 1880 1715 lacrymam,
1907 1632 1990 1697 stola
2011 1632 2134 1716 gloriae
2156 1643 2193 1700 et

1214 1711 1357 1776 laetitiae
1375 1713 1462 1794 ipsos
1479 1713 1602 1792 induet,
1620 1714 1809 1781 deliciarum
1828 1738 1961 1781 suarum
1978 1719 2191 1786 inenarrabili

1215 1799 1377 1863 suavitate
1398 1805 1517 1879 pascet,
1542 1800 1578 1862 in
1600 1822 1678 1865 suae
1701 1801 1882 1866 altitudinis
1904 1804 2091 1869 societatem
2112 1828 2191 1871 eve-

1216 1883 1286 1963 hct,
1315 1882 1452 1965 denique
1478 1884 1641 1950 felicitatis
1667 1908 1745 1951 suae
1770 1889 2017 1970 participatione
2039 1890 2190 1973 dignabi-

1215 1978 1269 2032 tur
1291 1971 1362 2051 (Es
1383 1973 1433 2047 25,
1452 1975 1481 2033 8.
1504 1972 1604 2052 Apoe.
1625 1976 1653 2047 7,
1677 1973 1738 2054 17).
1783 1973 1906 2054 Impios
1928 1975 2108 2055 varoilles
2133 1980 2190 2060 qui

1213 2055 1249 2118 in
1276 2063 1366 2119 terra
1391 2056 1560 2119 floruerint
1584 2058 1619 2120 in
1645 2066 1827 2121 extremam
1848 2061 2064 2142 ignominiam
2090 2065 2190 2145 proii-

1215 2141 1291 2219 ciet;
1314 2161 1427 2205 eorum
1445 2140 1576 2206 delicias
1598 2143 1704 2207 saevis
1722 2145 1927 2222 cruciatibus,
1949 2147 2053 2210 risum
2070 2158 2104 2213 et
2120 2149 2189 2215 lae-

1214 2227 1322 2289 titiam
1341 2227 1421 2290 fietu
1443 2226 1643 2311 stridoreque
1665 2229 1812 2293 dentium
1839 2233 2050 2311 permutabit,
2073 2255 2189 2316 pacem

187 2319 291 2382 nitate
313 2317 501 2381 eximantur
527 2315 636 2399 (Rom.
656 2320 685 2393 8,
707 2316 776 2398 19):
803 2338 862 2381 nos
889 2325 922 2381 et
943 2316 1067 2399 ingenii
1088 2315 1161 2379 luce
1214 2311 1284 2375 diro
1318 2312 1533 2376 conscientiae
1573 2321 1736 2378 tormento
1768 2315 1975 2397 inquietabit,
2018 2319 2189 2386 mollitiem

187 2402 336 2488 praediti,
359 2407 399 2480 et,
424 2422 523 2483 supra
544 2401 723 2484 ingenium,
751 2403 815 2466 Dei
837 2402 954 2484 spiritu
976 2401 1160 2474 illuminati,
1213 2397 1334 2479 plectet
1355 2398 1431 2480 igne
1452 2399 1662 2475 inexstincto;
1685 2401 1747 2481 piis
1768 2402 1876 2479 otiam,
1900 2423 2038 2483 quorum
2060 2407 2188 2487 pat-ien-

189 2506 289 2573 quum
312 2486 352 2551 de
375 2487 516 2550 essentia
533 2494 645 2552 nostra
663 2489 780 2571 agitur,
798 2508 867 2551 non
885 2487 1072 2551 attollemus
1091 2487 1161 2549 ani·
1213 2485 1260 2546 tia
1281 2483 1373 2548 abusi
1394 2483 1525 2563 fuerint,
1549 2505 1661 2549 eorum
1683 2486 1789 2568 capita
1812 2488 1967 2552 subiiciet.
2000 2489 2093 2556 Haec
2111 2512 2189 2573 pro-

187 2594 260 2638 mes
281 2573 368 2637 ultra
389 2572 474 2637 hanc
496 2579 603 2636 terrae
626 2571 857 2655 putredinem?
875 2573 1002 2637 Verum
1023 2593 1089 2635 non
1112 2580 1162 2636 est
1213 2569 1297 2633 fecto
1318 2570 1416 2633 unica
1437 2579 1487 2633 est
1507 2582 1621 2634 nostra
1641 2573 1831 2636 consolatio:
1857 2594 1940 2654 quae
1961 2575 1989 2638 si
2011 2576 2185 2655 auferatur,

187 2660 287 2724 huius
308 2659 450 2722 instituti
469 2668 526 2722 aut
546 2658 609 2723 loci
632 2668 746 2723 contra
767 2667 894 2722 tantam
922 2658 1007 2722 hanc
1028 2678 1161 2739 perver-
1214 2668 1272 2718 aut
1304 2676 1435 2719 necesso
1471 2656 1534 2719 erit
1573 2652 1773 2738 despondere
1806 2659 1970 2735 animum,
2004 2670 2060 2724 aut
2089 2664 2184 2727 vanis

76 2808 79 2813 Α
188 2746 318 2809 sitatem
341 2764 446 2826 agere.
491 2743 625 2807 Etiam
647 2745 739 2808 initio
762 2744 927 2827 professus
949 2764 1022 2806 sum
1043 2764 1097 2806 me
1115 2743 1161 2806 lo·
1213 2740 1327 2804 mundi
1350 2739 1473 2804 solatiis
1494 2742 1530 2804 in
1552 2743 1689 2805 exitium
1714 2751 1864 2807 nostrum
1886 2744 2028 2809 delinire.
2073 2744 2183 2829 Siqui-

188 2851 300 2896 corum
328 2830 552 2894 communium
579 2829 735 2894 fusiorem
764 2830 996 2894 tractationem
1024 2829 1078 2893 hic
1099 2829 1161 2891 mi-
1213 2825 1288 2890 dem
1310 2832 1344 2890 et
1365 2826 1525 2907 propheta
1552 2826 1655 2910 (Psal.
1676 2832 1725 2905 73,
1745 2829 1779 2912 2)
1809 2830 1870 2894 sibi
1891 2831 2058 2896 vacillasse
2084 2832 2184 2915 pedes

187 2916 276 2980 nime
313 2914 397 2979 velle
435 2916 607 2996 suscipere.
669 2916 741 2998 Ego
779 2913 966 2979 huiusmodi
1004 2912 1161 2977 timidulis
1213 2913 1402 2989 confitetur,
1430 2911 1508 2975 dum
1530 2913 1565 2976 in
1587 2917 1750 2995 praesenti
1776 2915 1950 2997 impiorum
1972 2919 2186 2999 prosperitate

188 3000 308 3066 animis
330 2999 515 3077 suaderem,
543 3008 582 3062 ut
604 2998 764 3083 Cypriani
789 2999 936 3064 libellum
958 2998 999 3063 de
1016 2999 1161 3064 mortali·
1213 2996 1397 3080 reputanda
1418 2998 1555 3061 nimium
1576 3000 1786 3080 immoratur;
1808 3023 1913 3083 neque
1930 3000 2073 3083 potuisse
2091 3003 2187 3068 aliter

187 3093 255 3151 tato
275 3085 436 3168 legerent,
465 3085 529 3149 nisi
558 3083 649 3168 digni
674 3094 784 3151 essent
811 3087 867 3169 qui
889 3084 931 3149 ad
951 3085 1161 3168 philosophos
1212 3085 1405 3160 consistere,
1430 3104 1529 3165 quam
1551 3084 1630 3148 dum
1657 3088 1882 3151 sanctuarium
1902 3087 2038 3152 Domini
2058 3090 2187 3173 ingres-

188 3171 433 3254 ablegarentur,
456 3180 494 3234 ut
514 3172 669 3253 inspecto,
690 3193 789 3253 quem
810 3170 860 3234 illi
885 3191 964 3252 prae
986 3193 1021 3234 se
1042 3171 1160 3249 ferunt,
1212 3190 1268 3233 sus
1289 3168 1331 3232 ad
1352 3169 1568 3233 novissimum
1588 3171 1719 3252 piorum
1742 3193 1778 3236 ac
1803 3172 1966 3236 malorum
1987 3175 2088 3239 finem
2109 3195 2188 3241 con·

188 3258 303 3321 mortis
320 3263 517 3339 contemptu,
541 3256 731 3321 erubescere
748 3257 915 3340 incipiant.
959 3257 1032 3322 Hoc
1050 3266 1160 3321 tamen
1211 3255 1312 3319 vertit
1338 3253 1455 3320 oculos.
1506 3255 1553 3320 Ut
1580 3277 1646 3319 uno
1672 3256 1771 3321 verbo
1798 3257 2003 3338 concludam,
2032 3269 2111 3326 tunc
2131 3261 2187 3326 de-

187 3341 367 3406 habeamus
400 3343 628 3419 constitutum,
659 3344 825 3407 neminem
855 3343 937 3407 bene
970 3343 1006 3405 in
1035 3341 1161 3407 (lhristi
1212 3361 1303 3403 mum
1323 3341 1360 3403 in
1381 3341 1566 3422 pectoribus
1588 3341 1734 3406 fidelium
1755 3342 1938 3425 triumphat
1960 3366 2041 3410 crrrx
2060 3344 2188 3411 Christi

189 3427 300 3494 schola
320 3428 503 3509 profecisse,
533 3428 596 3491 nisi
618 3429 674 3511 qui
697 3435 730 3491 et
750 3430 864 3493 mortis
892 3436 926 3491 et
953 3428 1087 3491 ultimae
1109 3449 1161 3491 re·
1213 3424 1253 3489 do
1275 3424 1416 3503 diabolo,
1437 3448 1551 3506 carne,
1572 3435 1703 3508 peccato
1725 3435 1759 3492 ct
1774 3429 1899 3515 impiis,
1922 3431 1951 3493 si
1971 3432 2056 3496 oculi
2076 3433 2113 3497 in
2131 3454 2188 3502 rc·

188 3513 398 3581 surrectionis
418 3512 504 3577 diem
522 3534 597 3577 cum
657 3513 734 3577 udio
752 3521 924 3597 exspectet.
956 3513 1161 3579 Namethac
1212 3512 1421 3576 surrectionis
1441 3513 1621 3594 potentiam
1643 3522 1887 3579 convertuntur.

188 3607 268 3662 nota
288 3597 400 3663 fideles
418 3599 586 3663 universos
613 3535 766 3664 discribit
789 3600 914 3665 Paulus
943 3599 1070 3679 (uita
1096 3601 1160 3682 13),
1300 3601 1350 3660 32.
1403 3597 1537 3662 Talibus
1564 3597 1758 3663 rudimentis
1786 3601 1887 3682 probe
1914 3623 1974 3666 nos
2003 3603 2102 3667 simul
2135 3604 2188 3667 in-

190 3690 223 3747 ct
244 3685 423 3765 scripturae
443 3683 603 3748 farriiliare
624 3694 687 3762 est,
716 3687 840 3767 quoties
867 3685 990 3750 solidae
1018 3685 1161 3748 laetitiae
1213 3682 1320 3747 stituit
1342 3683 1512 3765 scriptura,
1530 3685 1601 3766 quis
1618 3691 1727 3749 rectus
1744 3686 1786 3749 sit
1802 3686 1964 3750 bonorum
1981 3690 2189 3753 terrestrium

191 3777 425 3851 argumentum
442 3790 622 3852 proponere
635 3770 716 3849 vult,
736 3791 774 3835 co
786 3793 845 3835 nos
856 3791 1016 3835 revocare.
1040 3770 1161 3834 Exsul·
1214 3790 1302 3832 usus.
1358 3769 1426 3833 Res
1458 3770 1494 3832 in
1522 3769 1744 3852 componenda
1774 3772 1861 3836 vitae
1894 3774 2020 3837 rationo
2052 3776 2188 3840 minime

190 3862 267 3930 tate,
289 3854 396 3936 inquit
416 3855 579 3920 Dominus
602 3855 698 3940 (Luc.
719 3860 769 3935 21,
789 3856 855 3941 28),
879 3863 912 3921 θῖ
932 3856 1039 3920 levate
1057 3856 1163 3937 capita
1214 3853 1419 3937 negligenda.
1470 3855 1556 3918 Nam
1584 3856 1611 3920 si
1633 3856 1811 3921 vivendum
1832 3867 1895 3936 cst,
1924 3859 2085 3926 utendum
2107 3881 2188 3942 quo-

190 3947 315 4017 vestra;
350 3941 588 4022 appropinquat
621 3943 708 4005 enim
736 3942 914 4024 redemptio
944 3949 1063 4007 vestra.
1108 3942 1163 4005 An
1215 3961 1277 4022 que
1310 3941 1501 4005 necessariis
1533 3942 1620 4005 vitae
1647 3941 1859 4007 adminiculis.
1910 3943 1980 4010 Nec
2007 3946 2120 4028 fugere
2149 3968 2189 4011 ca

190 4024 393 4102 rationabile,
416 4046 544 4108 quaeso,
564 4034 627 4104 cst,
651 4036 689 4091 ut
718 4027 804 4111 quod
824 4028 880 4092 ille
901 4035 1031 4092 tantum
1053 4027 1163 4092 valere
1214 4046 1341 4109 quoque
1362 4046 1543 4107 possumus,
1566 4048 1650 4108 quae
1671 4027 1827 4092 videntur
1848 4029 2055 4094 oblectationi
2072 4033 2187 4115 magis,

190 4109 294 4175 voluit
315 4108 357 4172 ad
376 4110 626 4176 exsultationem
648 4120 681 4176 ct
704 4114 905 4178 alacritatem
934 4115 968 4177 in
988 4112 1083 4177 nobis
1106 4134 1163 4177 ex·
1214 4133 1313 4194 quam
1345 4112 1531 4177 necessitati
1567 4113 1735 4178 inservire.
1791 4114 1927 4178 Modum
1967 4138 2045 4200 crgo
2075 4125 2188 4183 tenere

190 4195 363 4273 citandam,
392 4195 475 4259 nihil
495 4218 593 4279 quam
618 4199 786 4263 tristitiam
808 4222 845 4264 ac
871 4200 1163 4264 consternationem
1215 4206 1355 4279 oportet,
1386 4207 1423 4260 ut
1449 4219 1532 4279 pura
1553 4200 1765 4277 conscientia,
1796 4202 1864 4264 sive
1886 4200 1927 4265 ad
1949 4204 2187 4281 necessitatem,

191 4280 321 4362 pariat?
367 4279 404 4346 81
426 4282 475 4345 ita
496 4291 559 4361 est,
588 4283 666 4366 quid
695 4284 801 4349 adhuc
829 4307 866 4350 eo
887 4286 979 4368 quasi
1006 4286 1162 4368 magistro
1215 4283 1284 4347 sive
1302 4283 1344 4347 ad
1362 4283 1636 4349 oblectamentum
1648 4293 1789 4365 utamur.
1814 4287 1902 4350 Eum
1913 4287 2187 4353 Dominusverbo
2218 4297 2227 4313 '

192 4366 391 4449 gloriamur?
444 4366 615 4434 Saniorem
648 4391 725 4453 ergo
756 4378 901 4435 montem
932 4372 1160 4452 concipiamus,

191 4458 290 4533 atque
312 4460 351 4515 ut
372 4462 533 4538 repugnet
554 4475 649 4520 caeca
667 4467 699 4519 et
717 4455 847 4538 stupida
866 4457 972 4522 carnis
991 4456 1160 4539 cupiditas,

190 4557 258 4601 non
281 4535 468 4605 dubitemus
490 4540 668 4605 adventum
690 4540 841 4619 Domini,
864 4565 930 4606 non
952 4543 1036 4607 votis
1056 4539 1161 4618 modo,

191 4621 247 4687 sed
271 4624 395 4705 gemitu
418 4626 517 4689 etiam
544 4648 582 4690 ae
610 4627 771 4709 suspiriis,
801 4628 893 4691 velut
918 4649 989 4690 rom
1018 4626 1163 4690 omnium

190 4707 439 4787 faustissimam,
472 4723 634 4793 expetere.
678 4710 843 4776 Adveniet
872 4713 959 4775 enim
986 4711 1078 4776 nobis
1111 4732 1162 4774 re-

190 4790 348 4876 demptor,
371 4797 426 4877 qui
449 4795 489 4860 ab
512 4797 573 4863 hcc
594 4798 753 4862 immenso
775 4797 935 4861 malorum
963 4807 995 4861 θῖ
1016 4797 1163 4861 miseria·

192 4898 267 4941 rum
289 4879 434 4944 omnium
456 4884 585 4966 gurgite
607 4890 771 4948 extractos
793 4884 827 4948 in
849 4881 977 4947 beatam
1004 4882 1095 4947 illam
1115 4884 1163 4947 vi-

191 4969 245 5026 tae
267 4973 301 5026 et
322 4964 443 5047 gloriae
466 4989 544 5032 suae
563 4969 797 5034 haereditatem
817 4968 958 5033 inducat.

279 5051 327 5113 31.
378 5048 434 5117 Sic
465 5061 514 5117 est
544 5075 638 5118 sane:
679 5062 782 5119 totam
812 5054 957 5119 fidelium
989 5056 1161 5135 nationem,

193 5134 346 5214 quamdiu
378 5144 501 5202 terram
527 5139 715 5203 inhabitant
747 5149 874 5224 oportet
906 5160 976 5204 esse
1007 5149 1164 5224 tanquam

192 5238 270 5282 oves
295 5223 483 5287 mactationi
511 5224 702 5304 destinatas,
730 5247 793 5307 quo
821 5226 953 5291 Christo
980 5228 1078 5308 capiti
1105 5249 1163 5292 suo

1214 4390 1272 4432 suo
1289 4370 1488 4451 praescribit,
1507 4391 1608 4451 quum
1626 4369 1718 4435 docet
1735 4372 1837 4436 vitam
1854 4382 2068 4454 praesentem,
2084 4395 2188 4458 quan·

1214 4455 1291 4519 dam
1311 4456 1605 4537 peregrinationem
1628 4457 1695 4521 suis
1717 4478 1796 4535 osse,
1819 4460 1935 4539 quain
1958 4460 2096 4524 coeleste
2113 4481 2187 4543 reg-

1214 4563 1294 4606 num
1321 4540 1529 4605 contendunt.
1580 4540 1618 4606 81
1645 4563 1704 4624 per
1731 4551 1854 4607 terram
1876 4546 2115 4610 transeundum
2137 4557 2188 4610 est

1216 4628 1392 4704 duntaxat,
1420 4648 1487 4690 non
1516 4627 1665 4705 dubium,
1695 4629 1775 4710 quin
1802 4637 1936 4695 eatenus
1964 4632 2123 4695 utendum
2145 4634 2187 4697 sit

1215 4715 1284 4778 eius
1306 4713 1407 4791 bonis,
1431 4720 1468 4776 ut
1488 4733 1621 4778 causum
1643 4723 1792 4778 nostrum
1814 4716 1929 4781 iuvent
1956 4719 2065 4798 potius
2087 4739 2187 4800 quam

1214 4807 1392 4862 morentur.
1441 4798 1569 4862 Verum
1595 4800 1672 4881 quia
1697 4799 1843 4866 lubricus
1870 4810 1920 4866 est
1946 4802 2000 4868 hic
2022 4803 2125 4881 locus,
2154 4812 2188 4868 et

1215 4894 1388 4965 utramque
1415 4886 1450 4948 in
1479 4892 1605 4967 partem
1633 4885 1786 4967 proclivis
1813 4886 1854 4951 ad
1880 4888 2022 4970 lapsum,
2057 4889 2188 4954 studea·

1215 4991 1289 5034 mus
1317 4969 1432 5052 pedem
1459 4971 1574 5053 figere,
1600 4971 1655 5035 ubi
1682 4979 1752 5035 tuto
1779 4979 1865 5038 stare
1887 4973 2000 5055 liceat¹
2035 4974 2188 5040 Fucnmt

1215 5056 1304 5120 enim
1324 5055 1487 5131 nonnulli,
1516 5056 1593 5120 boni
1614 5063 1648 5120 et
1669 5060 1772 5123 sancti
1794 5058 1912 5140 alioqui
1934 5059 2097 5137 homines,
2131 5062 2188 5145 qui

1215 5162 1317 5223 quum
1348 5140 1497 5205 viderent
1529 5142 1757 5224 intemperiem
1783 5165 1820 5208 ac
1852 5144 2018 5208 luxuriam
2051 5148 2189 5212 effraeni

1215 5226 1350 5291 libidine
1377 5235 1539 5317 perpetuo
1560 5229 1705 5310 evagari,
1734 5229 1796 5294 nisi
1823 5231 1968 5295 severius
1990 5242 2187 5313 coerceatur,
