4770 6030
193 381 254 441 111
731 374 830 440 oar.
854 374 898 440 x.
921 374 1013 460 (vr.)
1057 374 1121 439 nu
1144 365 1684 440 1111111111111111111
2136 380 2197 444 us

193 485 559 557 A21131329830298.

195 566 347 632 scientias
369 569 513 642 nostras,
536 474 578 627 ad
601 562 809 628 serviendum
827 564 898 628 Deo
920 561 1046 629 viventi
1053 587 1061 640 ;
1089 562 1171 629 libe-
1223 563 1331 642 Deus,
1365 562 1420 645 qui
1452 564 1623 644 profitetur
1657 584 1691 628 se
1720 562 1858 628 hilarem
1887 561 2033 629 datorem
2064 565 2199 652 diligere

194 661 282 717 ratos
304 669 454 714 essenos
476 669 494 711 e
522 669 624 714 manu
646 648 791 713 hostium
819 656 1006 714 nostrorum
1024 648 1120 733 (Luc.
1144 655 1169 728 l,
1225 647 1352 732 (acor.
1372 653 1401 726 9,
1421 647 1471 732 ’1);
1500 655 1534 712 11
1559 647 1734 731 quidquam
1762 648 1850 728 dari,
1878 652 1970 732 quasi
1997 671 2040 715 ex
2066 653 2200 719 tristitia

196 738 267 821 74),
296 742 333 800 11
361 735 431 799 sine
448 734 566 798 timore
589 735 770 800 serviamus
787 734 852 813 illi,
882 735 918 798 in
944 735 1117 800 sanctitate
1140 741 1173 800 et
1225 740 1282 798 aut
1302 734 1510 812 necessitate,
1532 741 1631 800 vetat
1676 734 1789 818 Neque
1811 735 1845 800 id
1867 734 1953 815 dico,
1983 736 2069 819 quod
2090 737 2124 802 id
2145 739 2199 806 vol

195 823 321 889 iustitia
350 841 460 886 coram
482 821 567 902 ipso,
597 821 748 885 omnibus
770 819 883 885 diebus
911 822 998 885 vitae
1026 828 1170 900 nostrae3
1225 841 1391 902 respuam,
1424 820 1476 885 vel
1505 821 1670 905 negligam
1699 820 1933 886 adhortationis
1942 843 2080 973 ffis,
2114 824 2199 906 quod

195 911 230 974 in
248 909 310 973 hoc
329 907 518 989 apparuisse
536 907 676 990 gratiam
687 906 833 985 Domini,
852 914 890 970 ut
907 907 1069 989 abnegata
1082 907 1172 970 omni
1225 906 1388 988 scriptura
1420 927 1653 990 saepenumero
1685 916 1837 991 usurpat,
1870 930 1912 973 ne
2072 910 2201 976 omittat

195 996 362 1077 impietate
395 999 428 1056 et
458 992 633 1058 mundanis
667 991 849 1071 desideriis,
873 993 978 1057 sobrie
1007 998 1117 1058 sancte
1139 1000 1173 1057 et
1225 1013 1285 1057 nos
1306 990 1448 1074 undique
1466 991 1633 1057 animandi
1652 993 1820 1058 rationem.
1851 992 2094 1059 Commemorat
2111 997 2201 1061 enim

195 1082 248 1165 pie
275 1080 426 1146 vivamus
454 1079 490 1141 in
521 1077 584 1145 hoc
612 1077 755 1156 saeculo,
789 1084 1013 1160 exspectantes
1042 1079 1172 1143 beatam
1224 1077 1422 1156 mercedem,
1445 1099 1543 1160 quam
1564 1079 1657 1143 Deus
1679 1078 1867 1144 redditurus
1889 1080 1932 1144 sit
1951 1082 2126 1164 unicuique
2148 1103 2199 1147 se·

196 1188 288 1250 spem
310 1173 344 1229 et
367 1164 604 1247 apparitionem
633 1162 757 1247 gloriae
785 1163 898 1246 magni
918 1165 984 1228 Dei
1007 1171 1040 1229 et
1064 1163 1171 1228 salva·
1225 1163 1369 1229 cundum
1391 1184 1489 1246 opera
1510 1187 1583 1243 sua;
1611 1163 1669 1229 sed
1696 1164 1779 1228 illud
1800 1166 1947 1244 unicum,
1982 1175 2077 1249 atque
2100 1168 2200 1232 etiam

196 1254 276 1317 toris
304 1250 622 1335 (1111121111).
674 1247 786 1330 Quare
815 1271 875 1313 nos
902 1270 970 1313 non
998 1270 1068 1316 1111
1095 1271 1172 1315 con·
1225 1250 1260 1312 in
1281 1249 1393 1314 multis
1413 1250 1624 1332 praecipuum
1650 1267 1720 1315 esse
1741 1271 1834 1335 nego.
1878 1252 2007 1316 Deinde
2030 1252 2200 1318 exordium

196 1339 342 1415 stitutos,
365 1344 403 1400 ut
421 1337 506 1400 iram
526 1335 621 1400 nobis
642 1336 855 1413 concitemus,
887 1334 944 1399 sed
974 1343 1012 1398 ut
1033 1336 1174 1418 salutem
1225 1334 1301 1399 inde
1330 1334 1524 1400 sumendum
1553 1357 1617 1400 non
1647 1335 1794 1401 concedo.
1839 1335 1893 1402 Ad
1921 1337 2016 1416 haec,
2045 1339 2129 1402 nihil
2149 1339 2198 1403 ia·

197 1443 433 1505 consequamur
450 1443 509 1505 per
528 1420 750 1506 Christum.(l
771 1420 884 1485 Thess.
905 1424 933 1500 5,
955 1422 1003 1506 9);
1026 1442 1085 1486 nos
1103 1442 1173 1487 esse
1226 1442 1298 1486 cere
1321 1421 1364 1485 ad
1384 1421 1548 1504 erigenda,
1571 1421 1680 1503 qualia
1695 1423 1751 1487 isti
1767 1421 1965 1505 praedicant,
1988 1425 2106 1488 merita
2122 1445 2199 1489 con·

197 1509 320 1592 templa
338 1508 470 1591 spiritus
489 1507 594 1572 sancti
607 1528 690 1588 quae
707 1506 875 1589 profanari
886 1507 929 1569 sit
940 1507 1032 1570 nefas
1050 1505 1081 1590 (l
1097 1506 1171 1573 Cor.
1227 1506 1341 1585 tend0;
1364 1506 1637 1590 quemadmodum
1658 1515 1769 1589 postea
1791 1507 1982 1574 videbimus.
2027 1510 2199 1574 Postremo

200 1600 228 1674 3,
251 1599 298 1657 16.
322 1593 408 1676 Eph.
429 1597 457 1671 2,
478 1592 535 1677 21)
542 1617 549 1672 ;
579 1613 638 1657 nos
666 1593 817 1658 tenebras
840 1613 906 1656 non
934 1613 1019 1669 esse,
1044 1592 1173 1658 111111-
1226 1613 1330 1675 neque
1359 1593 1434 1657 usui
1457 1614 1541 1671 esse,
1571 1594 1635 1658 nisi
1657 1593 1804 1659 doctrina
1825 1594 1883 1658 illa
1904 1595 2198 1678 praeoccupaverit,

199 1703 269 1745 cern
291 1681 327 1743 in
344 1680 497 1756 Domino,
521 1699 600 1761 quos
622 1687 660 1741 ut
681 1678 765 1742 filios
789 1678 870 1742 lucis
888 1677 1056 1743 ambulare
1078 1700 1173 1762 opor·
1227 1678 1294 1742 solo
1316 1677 1442 1743 Christi
1463 1680 1594 1756 meritc,
1617 1678 1703 1761 quod
1724 1701 1784 1762 per
1805 1679 1903 1744 iidem
1925 1679 2199 1763 apprehendatur,

199 1773 280 1846 teat;
317 1787 376 1830 nos
415 1786 483 1829 non
517 1763 559 1828 ad
591 1764 829 1828 immunditiem
861 1771 1006 1841 vocatos,
1042 1764 1099 1830 sed
1133 1763 1175 1829 ad
1227 1785 1285 1828 nos
1306 1764 1492 1843 iustificari,
1515 1763 1613 1830 nullis
1636 1770 1745 1830 autem
1767 1786 1902 1849 operum
1923 1774 2109 1831 nostrorum
2130 1788 2200 1831 me-

198 1853 404 1917 sanotitatem
422 1849 523 1935 (Eph.
545 1854 573 1927 5,
593 1850 628 1933 8)
635 1873 642 1928 ;
665 1851 741 1931 quia
762 1849 843 1915 haec
865 1850 908 1913 sit
930 1850 1082 1915 voluntas
1099 1851 1174 1928 Dei,
1226 1850 1312 1914 ritis:
1347 1851 1424 1931 quia
1456 1851 1538 1915 nulli
1565 1850 1607 1915 ad
1636 1853 1819 1917 sanctitatis
1852 1851 1996 1916 studium
2028 1853 2095 1935 apti
2128 1873 2199 1918 esse

198 1937 412 2003 sanctificatio
434 1943 562 2013 nostra,
590 1946 628 1999 ut
653 1955 713 2000 nos
741 1935 962 2000 abstineamus
985 1937 1026 2002 ab
1052 1935 1175 2002 illicitis
1225 1943 1375 2018 possunt,
1406 1936 1468 2000 nisi
1491 1938 1546 2019 qui
1574 1935 1756 2002 doctrinam
1777 1938 1864 2003 hanc
1890 1938 1981 2020 prius
2002 1937 2197 2002 imbiberint

199 2024 381 2100 desideriis;
403 2022 606 2087 vocationem
629 2030 775 2085 nostram
797 2042 867 2086 esse
885 2029 1032 2086 sanctam
1050 2021 1084 2107 (2
1098 2021 1173 2087 Cor.
1228 2020 1325 2101 Quod
1357 2029 1391 2085 et
1421 2021 1581 2104 propheta
1606 2022 1744 2104 pulchre
1772 2023 1882 2088 innuit
1910 2021 1988 2087 dum
2015 2025 2062 2089 sic
2089 2024 2199 2089 Deum

200 2113 228 2188 6,
252 2113 298 2173 16.
326 2115 339 2170 l
361 2108 523 2185 11111114,
544 2107 732 2192 3115,4);
756 2107 787 2170 ei
804 2128 870 2171 non
893 2107 1091 2190 responderi,
1110 2109 1175 2174 nisi
1228 2107 1414 2189 alloquitur:
1444 2106 1532 2190 apud
1553 2114 1586 2171 te
1608 2115 1657 2172 est
1684 2109 1884 2191 propitiatio,
1913 2107 2071 2187 Domine,
2098 2115 2138 2173 ut
2157 2110 2199 2174 ti-

198 2197 286 2261 vitae
309 2195 464 2276 puritate;
492 2194 526 2257 in
548 2193 608 2258 hoc
634 2213 694 2256 nos
715 2213 785 2257 esse
811 2193 965 2258 liberatos
989 2215 1009 2258 a
1031 2200 1173 2277 peccato,
1226 2192 1346 2258 mearis
1368 2191 1470 2277 (Psal.
1494 2196 1563 2271 130,
1582 2192 1626 2278 4).
1677 2193 1813 2259 Nullum
1836 2196 1924 2259 enim
1950 2217 2020 2261 esee
2042 2195 2107 2259 Dei
2130 2194 2200 2260 cul·

198 2287 236 2344 ut
261 2280 405 2344 iustitiae
439 2278 627 2344 obediamus
659 2278 769 2363 (Rom.
791 2282 819 2356 6,
841 2276 905 2362 18),
961 2280 1017 2343 An
1043 2281 1174 2346 incitari
1227 2288 1298 2343 tum
1330 2279 1486 2357 ostendit,
1519 2279 1584 2343 nisi
1616 2281 1729 2363 agnita
1766 2280 1836 2345 eius
1868 2281 2103 2359 misericordia,
2135 2301 2201 2363 qua

199 2366 240 2430 ad
271 2366 440 2430 caritatem
480 2364 547 2429 ullo
581 2364 738 2429 vivaciori
776 2372 969 2448 argumento
1002 2367 1174 2451 possimus,
1227 2365 1296 2429 sola
1317 2372 1352 2428 et
1371 2363 1528 2430 frmdatur
1550 2371 1583 2434 et
1605 2365 1777 2431 stabilitur.

198 2473 297 2534 quam
318 2449 374 2513 illo
392 2451 524 2515 Ioannis
546 2449 578 2535 (l
600 2450 689 2513 Ioan.
710 2453 740 2527 4,
761 2449 804 2534 7),
832 2458 867 2514 11
887 2459 1001 2515 mutuo
1019 2474 1078 2516 nos
1101 2451 1174 2516 dili-
1314 2454 1364 2514 60.
1409 2450 1524 2535 Longe
1549 2471 1628 2515 vero
1648 2451 1834 2515 firtilissima
1857 2450 2034 2530 calumnia,
2063 2453 2199 2518 invitari

198 2558 330 2620 gemus,
364 2535 638 2617 quemadmodum
671 2535 785 2599 dilexit
814 2557 874 2600 nos
907 2536 1014 2615 Deus;
1047 2538 1081 2601 in
1113 2538 1175 2603 hoc
1228 2535 1269 2600 ad
1294 2535 1496 2618 peccandum
1522 2536 1685 2614 homines,
1721 2557 1823 2619 quum
1849 2538 2025 2620 gratuitam
2052 2549 2199 2620 peccato-

199 2622 330 2687 differre
352 2622 422 2686 cius
444 2621 528 2686 filios
551 2643 570 2686 a
591 2621 667 2687 filiis
690 2621 824 2699 diaboli,
847 2621 931 2686 filios
953 2621 1034 2688 lucis
1057 2644 1077 2686 a
1097 2622 1174 2687 tiliis
1227 2644 1302 2686 rum
1324 2622 1563 2700 remissionem,
1592 2623 1627 2687 in
1649 2643 1713 2705 qua
1734 2621 1924 2688 collocatam
1947 2622 2083 2689 dicimus
2106 2624 2199 2688 iusti·

199 2709 425 2785 tenebrarum,
447 2708 525 2788 quia
555 2708 591 2770 in
613 2706 784 2772 dilectione
806 2705 962 2771 manent?
1008 2707 1071 2771 lllo
1095 2710 1174 2773 item
1228 2708 1321 2785 tiam,
1356 2707 1566 2773 affirmamus.
1621 2708 1720 2772 Tanti
1752 2708 1842 2773 enim
1874 2729 1944 2773 esse
1976 2706 2129 2786 dicimus,
2162 2716 2200 2774 ut

197 2795 296 2860 Pauli
325 2792 507 2878 (1111112,
532 2793 584 2875 4),
618 2815 692 2871 111,
726 2794 753 2856 si
782 2792 916 2858 Christo
948 2792 1173 2875 adhaeremus,
1227 2794 1318 2858 nullo
1340 2802 1451 2859 nostro
1472 2796 1555 2860 bono
1576 2795 1707 2877 pensari
1728 2794 1845 2877 possit,
1874 2793 2010 2877 ideoque
2030 2814 2201 2876 nunquam

199 2882 296 2944 unius
318 2901 388 2944 esse
411 2879 554 2960 corporis
574 2881 736 2958 membra,
759 2899 841 2961 quae
862 2879 1003 2945 invicem
1026 2878 1175 2946 adiuvari
1227 2878 1478 2962 impetrandam,
1500 2880 1565 2945 nisi
1588 2880 1732 2964 gratuite
1752 2880 1845 2944 foret.
1889 2881 1993 2944 Porro
2014 2879 2109 2945 nobis
2129 2880 2201 2963 qui·

198 2966 321 3029 mutuis
343 2966 457 3031 officiis
479 2966 658 3031 conveniat.
694 2966 748 3030 An
771 2964 812 3029 ad
834 2965 1041 3031 sanctitatem
1059 2967 1175 3032 fortius
1228 2965 1303 3030 dem
1336 2986 1406 3031 esse
1439 2966 1630 3049 gratuitam,
1661 2964 1793 3031 Christo
1823 2986 1892 3031 non
1917 2966 2012 3045 item,
2046 2967 2097 3048 cui
2131 2976 2201 3030 tam

198 3052 376 3133 provocari,
398 3073 495 3134 quam
518 3051 597 3115 dum
617 3073 749 3117 rursum
770 3051 811 3115 ab
833 3051 957 3116 Ioanne
978 3051 1009 3136 (l
1031 3052 1121 3116 Ioan.
1145 3056 1173 3132 3,
1227 3073 1347 3136 magno
1369 3051 1526 3117 constitit:
1556 3073 1674 3136 nempe
1700 3074 1758 3117 suo
1787 3052 2004 3118 saeratissimo
2028 3051 2199 3136 sanguine,

200 3137 234 3220 3)
263 3136 428 3215 audimus,
456 3139 645 3221 omnesqui
667 3137 790 3203 habent
811 3136 896 3202 hanc
918 3158 1024 3220 spem,
1054 3139 1174 3203 sancti-
1227 3144 1322 3202 extra
1343 3158 1440 3220 quern
1461 3137 1591 3201 nullum
1611 3139 1690 3203 satis
1713 3137 1851 3222 dignum
1866 3138 2008 3221 pretium
2026 3138 2096 3215 fuit,
2114 3135 2201 3220 quod

198 3224 297 3288 ficare
320 3244 355 3286 se
382 3224 484 3304 ipsos,
513 3225 665 3305 quoniam
687 3224 780 3288 Deus
807 3244 920 3287 eorum
947 3231 1080 3289 sanctus
1101 3223 1173 3289 cst?
1227 3224 1291 3287 Dei
1317 3221 1436 3288 iudicio
1464 3222 1653 3287 solveretur.
1703 3224 1796 3289 Haec
1822 3245 1923 3307 quum
1950 3223 2107 3288 docentur
2140 3224 2199 3288 ho·

200 3329 298 3391 quarn
330 3307 409 3371 dum
436 3307 606 3374 Christum
635 3309 800 3386 audimus,
829 3329 864 3373 se
886 3309 979 3374 nobis
1007 3309 1175 3392 exemplar
1227 3309 1346 3386 mines,
1381 3307 1596 3373 admonentur
1663 3311 1788 3393 ripscs
1810 3330 1878 3373 non
1899 3315 2000 3387 stare,
2024 3310 2199 3391 quominus

199 3401 442 3477 proponentem,
457 3402 495 3458 ut
505 3416 565 3459 sua
578 3395 716 3478 vestigia
727 3415 903 3477 sequamur
916 3393 1021 3477 (Ioan.
1037 3395 1173 3479 15,10)?
1227 3394 1321 3458 toties
1343 3394 1581 3459 sacratissimus
1605 3395 1612 3408 ‘
1641 3416 1659 3459 e
1686 3395 1820 3479 sanguis
1843 3392 2047 3472 effimdatur,
2074 3394 2200 3476 quoties

240 3554 241 3557 Ἴ
287 3484 336 3543 59.
389 3480 498 3563 Atque
530 3480 611 3545 haec
644 3480 774 3564 quidem
807 3479 948 3563 paucula
979 3487 1108 3545 tantum
1138 3482 1174 3545 in
1226 3487 1370 3562 peccant
1415 3478 1470 3544 Ad
1491 3479 1562 3558 hoc,
1586 3479 1723 3545 dicimus
1745 3501 1818 3545 eam
1839 3501 1910 3545 esse
1931 3487 2079 3544 nostram
2099 3478 2200 3544 foedi-

199 3572 333 3649 gustum
366 3566 526 3648 proposui.
577 3566 664 3630 Nam
691 3567 719 3631 si
751 3566 881 3650 singula
912 3567 1063 3648 persequi
1090 3573 1176 3633 esset
1226 3572 1343 3644 tatem,
1371 3584 1469 3648 quae,
1499 3566 1562 3629 nisi
1589 3565 1687 3631 huius
1712 3566 1879 3649 purissimi
1905 3565 2075 3650 sanguinis
2101 3565 2199 3644 fonte,

200 3652 344 3730 animus,
369 3652 505 3735 longum
527 3651 680 3716 volumen
703 3651 944 3718 contexendum
964 3652 1056 3716 foret.
1101 3653 1175 3718 uoti
1227 3672 1396 3734 nunquam
1425 3650 1562 3716 eluatur.
1607 3651 1699 3718 Haec
1726 3653 1782 3734 qui
1809 3650 1946 3729 audiunt
1967 3672 2076 3715 annon
2097 3649 2200 3714 maio·

199 3738 446 3820 paraenesibus,
476 3736 769 3815 adhortationibus,
800 3737 1064 3821 castigationibus
1086 3739 1175 3821 pleni
1227 3759 1304 3801 rem
1324 3737 1444 3802 debent
1470 3738 1639 3821 concipere
1668 3738 1838 3802 horrorem
1868 3738 2009 3821 peccati,
2045 3757 2144 3818 quam
2172 3736 2201 3801 si

200 3831 279 3887 sunt
305 3823 455 3906 apostoli,
484 3824 600 3906 quibus
627 3823 791 3888 hominem
812 3824 877 3888 Dei
907 3822 948 3887 ad
975 3844 1072 3890 omne
1094 3846 1175 3907 opus
1226 3823 1386 3888 bonorum
1407 3844 1542 3906 operum
1564 3825 1749 3907 aspersione
1771 3823 1913 3906 abstergi
1934 3819 2118 3887 diceretur?
2155 3822 2201 3887 ut

198 3909 320 3973 bonum
353 3911 542 3987 instituant,
581 3909 678 3991 idque
711 3910 793 3975 citra
824 3910 932 3973 meriti
964 3911 1172 3975 mentionem
1227 3909 1255 3973 si
1284 3908 1362 3991 quid
1385 3909 1452 3974 Dei
1478 3908 1616 3989 habent,
1646 3908 1805 3992 quomodo
1827 3929 1894 3973 non
1923 3908 2079 3973 horreant
2101 3906 2202 3973 semel

200 3993 289 4074 Quin
317 3997 424 4077 potius
451 3995 528 4059 inde
555 3995 740 4078 potissimas
773 3995 895 4060 ducunt
921 3995 1173 4076 exhortationes,
1226 3995 1403 4079 purificati,
1434 3993 1540 4060 denuo
1568 4017 1602 4060 11
1629 3996 1665 4059 in
1688 3995 1794 4059 lutum
1818 3995 2024 4076 provolvere,
2054 4016 2117 4078 quo
2137 3993 2200 4059 hu·

199 4080 285 4161 quod
317 4081 409 4145 nullo
442 4089 552 4146 nostro
584 4081 715 4164 merito,
751 4081 821 4146 sola
845 4082 909 4146 Dei
941 4082 1172 4160 misericordia,
1225 4082 1277 4146 ius
1298 4082 1396 4146 fontis
1418 4081 1608 4163 puritatem,
1631 4087 1790 4164 quantum
1811 4080 1902 4146 inse
1924 4089 1982 4159 est,
2005 4080 2201 4146 conturbent

198 4171 263 4228 stet
283 4174 396 4231 nostra
417 4167 514 4232 salus.
560 4165 845 4248 Quemadmodum
866 4167 1006 4245 Paulus,
1028 4167 1083 4233 ubi
1106 4175 1174 4234 tota
1226 4176 1259 4232 et
1277 4165 1453 4232 inficianti·
1492 4166 1579 4233 Lavi
1598 4166 1698 4249 pedes
1718 4187 1818 4244 meos,
1840 4167 1946 4249 inquit
1966 4166 2071 4232 fidelis
2092 4166 2201 4230 anima

197 4251 333 4333 epistola
366 4252 534 4330 disseruit,
568 4253 693 4317 nullam
727 4274 797 4318 esse
829 4254 922 4318 nobis
958 4275 1050 4336 spem
1076 4255 1172 4335 vitae,
1226 4253 1313 4336 apud
1328 4250 1543 4318 'Salomonem
1566 4251 1676 4336 (Cant.
1697 4256 1725 4331 5,
1748 4250 1792 4336 3),
1815 4252 1974 4334 quomodo
1995 4272 2127 4317 rursum
2147 4251 2200 4314 in·

197 4337 261 4401 nisi
291 4337 326 4399 in
349 4337 474 4404 Christi
501 4338 640 4417 iustitia,
670 4340 725 4405 ubi
748 4338 790 4403 ad
817 4360 1012 4421 paraeneses
1040 4339 1173 4406 descen-
1225 4339 1366 4422 quinabo
1398 4337 1492 4403 illos?
1536 4338 1632 4404 Nunc
1664 4339 1773 4421 palam
1807 4350 1856 4403 est
1888 4340 1954 4402 utri
1987 4346 2020 4402 et
2052 4336 2201 4402 viliorem

197 4422 245 4486 dit
265 4423 376 4508 (Rom.
399 4427 446 4502 12,
470 4424 519 4509 1),
547 4424 715 4519 perillam
737 4424 802 4489 Dei
823 4426 1079 4503 miserationem,
1109 4446 1174 4508 qua
1225 4433 1432 4508 peccatorum
1452 4425 1675 4489 remissionem
1695 4424 1825 4503 faciant,
1849 4434 1882 4490 et
1900 4425 2041 4490 iustitiae
2059 4421 2199 4506 dignita·

197 4529 257 4572 nos
291 4508 445 4593 dignatus
478 4518 543 4587 est,
578 4511 733 4576 obsecrat.
779 4511 824 4573 Et
852 4531 931 4575 sane
965 4511 1046 4576 haec
1079 4512 1173 4577 nobis
1225 4517 1292 4576 tem
1314 4512 1419 4594 magis
1440 4511 1645 4594 prostituant.
1679 4510 1735 4574 Illi
1751 4511 1863 4575 Deum
1876 4509 2000 4576 frivolis
2018 4509 2085 4573 suis
2103 4508 2199 4573 satis-

197 4615 263 4657 una
294 4615 393 4660 causa
425 4597 505 4660 satis
533 4618 603 4661 esse
631 4595 803 4674 debuerat,
838 4603 875 4659 ut
896 4597 988 4661 Deus
1015 4598 1050 4661 in
1080 4598 1173 4663 nobis
1225 4598 1433 4675 lectionibus,
1467 4596 1528 4661 hoc
1555 4604 1604 4662 est
1629 4596 1840 4673 stercoribus,
1867 4596 1990 4679 placari
2022 4599 2197 4678 nugantur.

197 4680 404 4763 glorificetur.
452 4681 549 4762 Quod
579 4683 606 4747 si
629 4683 683 4764 qui
705 4682 770 4746 Dei
798 4681 902 4766 gloria
923 4703 991 4746 non
1013 4682 1094 4748 adeo
1116 4705 1173 4748 ve-
1225 4683 1303 4747 Nos
1315 4683 1500 4766 graviorem
1518 4683 1695 4748 asserimus
1717 4704 1787 4748 esse
1804 4683 1928 4764 peccati
1945 4701 2077 4757 noxam,
2100 4699 2198 4762 quam

196 4765 367 4831 hementer
394 4768 594 4846 afficiuntur,
625 4769 783 4833 memoria
810 4774 920 4832 tamen
941 4769 1173 4833 beneficiorum
1225 4789 1306 4850 quae
1328 4776 1397 4832 tam
1418 4768 1544 4834 levibus
1565 4770 1662 4852 nugis
1684 4770 1842 4850 expietur,
1865 4767 2049 4851 graviorem
2066 4766 2130 4829 Dei
2150 4764 2198 4830 of·

197 4853 265 4917 eius
293 4854 568 4920 sufficientissima
588 4861 652 4931 est,
680 4874 763 4936 quae
784 4853 866 4919 tales
889 4853 931 4918 ad
947 4855 1032 4920 bene
1050 4855 1172 4920 facien·
1224 4854 1358 4933 sensam,
1381 4868 1479 4936 quam
1500 4876 1582 4937 quae
1604 4854 1656 4919 his
1678 4853 1773 4918 nihili
1794 4852 2066 4917 satisfactionibus
2086 4851 2198 4916 remit·

72 4963 75 4967 ·
197 4936 275 5001 dum
297 4940 417 5005 incitet
468 4941 596 5005 Verum
624 4940 678 5004 isti
700 4941 778 5022 quia
805 4940 936 5006 servilia
960 4940 1044 5005 forte
1064 4940 1173 5022 aliqua
1224 4945 1327 5018 tatur;
1354 4939 1491 5021 proinde
1518 4939 1603 5004 hanc
1632 4940 1731 5004 solius
1758 4939 1928 5021 sanguinis
1950 4936 2076 5002 Christi
2103 4957 2198 5019 prae·

197 5031 369 5107 coactaque
395 5026 477 5109 logis
505 5025 658 5109 obsequia
683 5025 871 5108 ingerendis
898 5026 1025 5090 meritis
1053 5032 1172 5090 111111-
1224 5025 1406 5108 rogativam
1438 5047 1517 5090 esse.
1561 5024 1616 5089 Hli
1643 5025 1819 5102 iustitiam,
1849 5024 1953 5089 sicubi
1974 5022 2117 5102 deficiat,
2146 5022 2201 5085 in·

114 5136 117 5141 ·
197 5106 294 5186 dunt,
327 5113 532 5176 mentiuntur
558 5133 619 5177 nos
646 5112 730 5175 nihil
759 5111 894 5190 habere,
930 5111 993 5194 quo
1022 5111 1064 5176 ad
1085 5111 1172 5176 bona
1224 5111 1364 5175 staurari
1397 5110 1510 5177 dicunt
1538 5133 1574 5177 ac
1604 5111 1749 5194 reparari
1781 5110 2003 5175 satisfactoriis
2036 5109 2197 5192 operibus.

196 5213 293 5290 opera
332 5197 558 5295 exhortemur;
595 5199 673 5298 quia
712 5218 777 5261 non
809 5197 930 5298 ,eadem
969 5197 1172 5349 ingredimur
1223 5197 1292 5262 Nos
1317 5197 1540 5280 pretiosiorem
1566 5218 1637 5262 esse
1658 5201 1835 5296 putamus,
1867 5216 1965 5295 quam
1996 5202 2034 5259 ut
2065 5193 2198 5295 aequari
2301 5235 2306 5245 ·

196 5299 257 5344 vra.
303 5278 406 5360 Quasr
433 5305 511 5349 vero
545 5284 665 5350 talrbus
686 5283 848 5367 obsequns
869 5281 965 5351 valde
991 5304 1011 5348 o
1033 5283 1174 5349 lectatur
1223 5281 1292 5347 ulla
1313 5302 1448 5366 operum
1468 5290 1729 5366 compensatione
1750 5280 1963 5365 qusat31deo,
1987 5289 2024 5345 11
2045 5287 2197 5347 11111111-
