4732 6030
134 357 195 418 ιιι
783 349 882 418 oar.
904 351 982 423 xv.
1006 351 1100 438 (rx.)
1143 352 1207 417 nu
1229 352 1477 424 carmena
2069 360 2132 420 cor

132 464 494 538 serr;eavr;cevs.

133 545 203 608 eius
233 541 438 607 altitudinem
477 453 544 605 nbn
576 540 737 622 pertingit
774 549 888 606 nostra
920 541 1103 620 infirmitas,
1153 540 1246 604 illam
1273 542 1401 607 eminus
1424 550 1605 609 comerent.
1639 543 1804 608 Nimirum
1823 564 1890 608 non
1911 543 2054 625 perditos
2075 565 2135 611 vo-

132 650 215 711 quac
242 628 334 692 nobis
361 627 501 691 traditur
523 627 593 691 eius
615 625 801 707 descriptio,
832 626 874 690 ad
893 634 1025 708 captum
1046 647 1105 690 no-
1155 626 1232 705 luit;
1260 626 1330 706 sed,
1362 650 1404 692 ne
1428 629 1653 711 perderentur,
1682 629 1879 694 emendatos.
1930 627 2026 709 Quod
2054 652 2133 715 ergo

132 722 238 779 strum
254 712 474 778 submittenda
491 719 549 788 est,
568 719 605 774 ut
622 734 641 776 a
658 712 751 776 nobis
767 711 979 796 intelligatur.
1012 713 1105 778 Haec
1155 711 1309 778 Ninivem
1337 722 1410 795 post
1435 714 1654 798 quadraginta
1673 715 1742 780 dies
1770 716 1931 779 ruituram
1953 715 2051 780 Ionas
2073 738 2132 781 va·

131 821 227 883 porro
255 798 466 864 submittendi
486 799 584 872 ratio,
613 804 652 860 ut
677 819 712 861 se
736 797 835 861 talem
861 798 954 863 nobie
976 799 1104 880 figuret,
1155 799 1324 878 ticinatur,
1359 799 1432 864 ideo
1458 802 1510 879 fit,
1544 823 1585 864 nc
1612 809 1694 866 ruat.
1745 798 1842 880 Quod
1868 800 2029 865 Ezechiae
2058 823 2132 883 spes

131 909 197 951 non
228 885 334 968 qualis
363 885 399 948 in
426 905 461 947 se
481 893 553 959 est,
582 882 640 947 sed
661 883 765 964 qualis
792 905 811 946 a
837 885 929 949 nobis
955 884 1103 948 sentitur.
1156 884 1243 948 vitae
1265 884 1420 968 longioris
1442 886 1647 967 praeciditur,
1669 886 1741 951 ideo
1762 888 1801 950 fit
1821 895 1859 953 ut
1879 885 2059 969 longiorem
2081 889 2132 951 vi·

130 973 239 1036 Extra
270 992 400 1034 omnem
437 969 689 1051 perturbationis
728 970 882 1033 affectum
918 991 1019 1051 quum
1052 970 1103 1046 sit,
1156 975 1225 1033 tam
1246 971 1406 1051 impetret.
1452 970 1535 1052 Quis
1558 973 1624 1037 iam
1645 994 1712 1036 non
1733 972 1823 1036 videt
1842 973 2023 1037 Dominum
2044 973 2131 1039 cius·

130 1058 226 1123 irasci
248 1078 283 1121 se
305 1056 527 1137 peccatoribus
545 1061 690 1118 testatur.
725 1051 1009 1133 Quemadmodum
1026 1076 1104 1138 ergo
1155 1054 1244 1118 modi
1263 1058 1566 1122 comminationibus
1580 1058 1721 1123 voluisse
1740 1057 1782 1122 ad
1799 1058 2056 1139 resipiscentiam
2073 1080 2131 1123 ax·

131 1142 211 1208 dum
237 1142 388 1206 audimus
414 1142 523 1205 Deum
546 1141 682 1216 iratum,
710 1140 886 1223 imaginari
913 1162 980 1204 non
1008 1140 1104 1205 debe·
1154 1142 1361 1224 pergefaoere
1382 1163 1462 1224 quos
1481 1144 1633 1222 terrebat,
1656 1153 1694 1207 ut
1710 1144 1893 1226 effugerent
1909 1143 1995 1224 quod
2016 1165 2131 1226 pecca

130 1251 204 1294 mus
225 1229 368 1308 aliquam
388 1228 423 1291 in
444 1228 514 1310 ipso
535 1227 721 1305 motionem,
744 1224 802 1290 sed
824 1233 976 1307 reputare
997 1228 1104 1308 potius
1154 1226 1197 1290 tis
1219 1228 1286 1291 suis
1307 1229 1417 1292 meriti
1437 1236 1532 1293 erant
1552 1229 1730 1295 iudicium?
1775 1228 1816 1292 Id
1838 1229 1866 1293 si
1886 1230 2051 1306 convenit,
2071 1251 2131 1295 na-

129 1315 352 1396 loquutionem
369 1313 455 1377 hanc
477 1335 497 1376 a
514 1334 613 1377 sensu
634 1319 745 1375 nostro
765 1319 938 1393 sumptam,
961 1313 1038 1394 quia
1056 1312 1104 1376 fa·
1154 1318 1230 1376 tura
1256 1333 1367 1377 rerum
1394 1335 1432 1378 eo
1458 1336 1517 1379 nos
1546 1314 1648 1394 ducit,
1678 1323 1715 1379 ut
1740 1316 1778 1379 in
1797 1313 1936 1396 simplici
1958 1314 2131 1380 denuntia-

130 1402 214 1466 ciem
247 1398 510 1464 excandescentis
541 1399 681 1479 iratique
712 1418 791 1479 prae
824 1419 858 1462 se
890 1398 973 1462 ferat
1000 1398 1102 1476 Deus,
1153 1398 1243 1461 tione
1259 1398 1477 1464 conditionem
1495 1401 1627 1465 tacitam
1645 1401 1885 1465 subaudiamus.
1916 1398 2013 1481 Quod
2031 1402 2130 1465 etiam

130 1487 254 1568 quoties
288 1484 443 1549 iudicium
472 1490 616 1548 exercet:
655 1483 703 1547 ita
734 1503 795 1548 nec
829 1482 917 1547 aliud
949 1478 1111 1548 debemus
1154 1484 1365 1548 confirmatur
1391 1485 1550 1551 similibus
1582 1486 1748 1568 exemplis.
1797 1485 1990 1551 Abimelech
2018 1508 2131 1570 regem
2256 1508 2258 1512 ·

130 1573 298 1654 concipere
320 1570 380 1635 sub
401 1570 619 1652 poenitentiae
640 1568 806 1646 vocabulo,
828 1590 927 1650 quam
943 1569 1104 1634 factorum
1153 1570 1330 1650 corripiens
1362 1571 1541 1650 Dominus,
1575 1571 1661 1653 quod
1687 1571 1842 1636 Abrahae
1868 1592 1962 1637 suam
1993 1593 2131 1636 uxerem

129 1658 356 1734 mutationem;
390 1657 466 1738 quia
493 1655 618 1719 soleant
645 1654 808 1732 homines,
836 1656 923 1720 facta
950 1676 1009 1719 sua
1030 1676 1103 1719 mu·
1153 1654 1351 1733 sustulisset,
1380 1656 1432 1721 his
1458 1658 1567 1723 verbis
1594 1658 1698 1721 utitur
1720 1656 1819 1741 (Gen.
1839 1660 1890 1736 20,
1910 1656 1959 1739 3);
1991 1678 2065 1722 ecce
2092 1664 2130 1722 tu

129 1742 243 1820 tando,
266 1743 379 1806 testari
406 1742 467 1806 sibi
489 1741 666 1822 displicere.
711 1738 876 1821 Quoniam
897 1762 974 1824 crgo
995 1747 1102 1805 muta-
1152 1741 1301 1805 morieris
1322 1749 1455 1823 propter
1474 1741 1645 1807 mulierem
1666 1764 1765 1825 quam
1782 1743 1951 1825 accepisti;
1974 1750 2024 1807 est
2041 1744 2129 1807 enim

129 1830 175 1893 tio
195 1828 357 1909 quaelibet
383 1828 469 1891 inter
495 1827 642 1891 homines
664 1827 819 1891 correctio
848 1827 918 1891 eius
940 1835 991 1891 est
1017 1826 1103 1908 quod
1152 1826 1224 1890 viro
1242 1827 1362 1891 iuncta
1390 1828 1570 1910 Postquam
1587 1837 1697 1893 autem
1714 1827 1770 1892 ille
1789 1829 1966 1907 excusavit,
1988 1829 2025 1892 in
2041 1828 2129 1894 hunc

129 1913 290 1995 displicet,
324 1915 479 1978 correctio
509 1919 618 1977 autem
645 1933 687 1975 cx
713 1913 911 1993 poenitentia
937 1913 1100 1994 provenit:
1152 1912 1286 1975 modum
1318 1911 1473 1994 loquitur:
1516 1915 1651 1979 restitue
1678 1935 1815 1979 uxorem
1842 1915 1927 1993 vir0;
1959 1920 2010 1979 est
2040 1915 2130 1978 enim

128 1999 200 2064 ideo
217 2021 276 2081 per
297 1999 514 2080 poenitentiae
536 2019 656 2062 nomen
673 1998 885 2080 significatur,
907 1997 994 2079 quod
1010 1998 1102 2064 Deus
1152 1997 1319 2079 propheta,
1343 2007 1377 2062 et
1395 1998 1501 2063 orabit
1521 2020 1580 2082 pro
1602 2006 1635 2064 te
1652 2009 1689 2063 ut
1705 2001 1813 2065 vivas:
1836 2000 1888 2065 sin
1906 2000 2024 2077 minus,
2047 2000 2128 2065 scito

129 2086 253 2150 insuia
282 2084 432 2166 operibus
458 2091 577 2162 mutat;
605 2083 737 2147 interim
762 2105 823 2148 neo
845 2083 1016 2148 consilium
1043 2084 1101 2162 illi,
1152 2082 1238 2165 quod
1264 2083 1432 2149 moriendo
1456 2085 1605 2150 morieris
1633 2092 1685 2163 tu,
1715 2093 1749 2149 et
1771 2087 1881 2149 omnia
1902 2106 1984 2167 quae
2016 2085 2127 2151 habes.

128 2193 188 2236 nec
218 2170 369 2237 voluntas
398 2171 587 2247 invertitur,
620 2190 680 2234 nec
705 2169 841 2234 affectus
868 2176 1101 2250 commutatur;
1125 2188 1127 2206 ³
1151 2167 1254 2233 Vides
1287 2177 1325 2232 ut
1355 2170 1460 2251 primo
1493 2169 1598 2235 edicto
1631 2170 1857 2243 vehementius
1884 2171 2032 2235 animum
2058 2171 2128 2235 eius

128 2255 185 2322 scd
207 2256 293 2338 quod
315 2256 356 2320 ab
378 2264 509 2320 aeterno
531 2253 732 2337 providerat,
759 2256 967 2337 probaverat,
991 2254 1102 2320 decre-
1152 2254 1420 2337 ooncntiat„quo
1443 2256 1656 2321 satisfactioni
1676 2254 1793 2320 reddat
1818 2257 1998 2335 intentum;
2025 2257 2128 2322 altero

126 2349 234 2420 verat,
263 2350 419 2424 perpetuo
440 2349 551 2406 tenore
572 2341 793 2422 prosequitur,
815 2350 980 2422 utcunque
1002 2362 1102 2423 appa-
1152 2346 1262 2403 autem
1289 2340 1492 2405 voluntatem
1517 2340 1639 2424 liquide
1659 2362 1753 2405 suam
1774 2341 1935 2423 explicet?
1986 2340 2128 2422 Quando

127 2435 199 2492 reat
220 2428 327 2492 subita
347 2427 517 2491 hominum
539 2426 640 2491 oculis
661 2426 811 2491 varietas.
866 2490 869 2495 ,
1152 2425 1267 2490 similis
1295 2432 1345 2490 est
1372 2427 1511 2491 aliorum
1536 2427 1681 2492 locorum
1702 2427 1800 2504 ratio,
1830 2448 1872 2490 ne
1894 2448 1936 2491 cx
1957 2426 2022 2492 illis
2043 2428 2127 2493 infe-

194 2508 264 2576 64.
309 2496 377 2578 Nec
405 2534 498 2578 sacra
524 2512 675 2589 historia,
703 2511 781 2575 dum
804 2511 959 2576 Ninivitis
986 2511 1101 2576 remis·
1151 2532 1215 2590 ras,
1238 2510 1415 2594 quidquam
1435 2513 1535 2578 fuisse
1556 2513 1657 2596 priori
1680 2513 1815 2577 Domini
1836 2511 1969 2577 consilio
1991 2511 2127 2597 deroga
2234 2552 2237 2558 -

127 2620 201 2665 snm
222 2606 336 2662 narrat
355 2598 523 2680 quodiam
542 2597 784 2681 promulgatum
805 2599 912 2661 fuerat
928 2596 1100 2676 excidium,
1152 2603 1239 2675 tum;
1257 2597 1334 2678 quia
1350 2597 1436 2680 quod
1452 2598 1717 2682 promulgaverat
1727 2598 1859 2661 irritum
1871 2597 1992 2663 fecerit
2026 2598 2127 2663 Viam

128 2692 162 2749 et
191 2685 352 2750 Ezechiae
384 2685 487 2749 vitam
523 2682 715 2748 denuntiata
746 2691 851 2748 morte
882 2689 1100 2766 prorogatam,
1152 2683 1241 2746 enim
1266 2683 1375 2765 potius
1403 2692 1554 2748 aeternae
1583 2705 1662 2749 suae
1690 2683 1887 2748 ordinationi
1913 2683 2032 2747 sternit
2056 2684 2127 2748 Do-

128 2771 284 2853 abrogata
309 2771 409 2835 fuisse
430 2771 494 2835 Dei
521 2769 651 2834 decreta
672 2769 821 2834 ostendit
867 2767 934 2849 eri
958 2769 1005 2833 sic
1027 2789 1102 2833 sen·
1150 2768 1270 2845 minus,
1293 2789 1395 2851 quum
1414 2790 1554 2852 poenam
1571 2769 1792 2834 denuntiando
1810 2768 1852 2832 ad
1869 2768 2126 2850 resipiscentiam

127 2857 228 2931 liunt,
256 2857 292 2920 in
320 2856 619 2920 denuntiationibus
647 2855 904 2933 hallucinantur;
936 2875 1019 2936 quac
1051 2863 1102 2918 ta-
1150 2862 1262 2917 monet
1294 2875 1364 2933 eos,
1398 2856 1515 2936 quibus
1544 2855 1617 2920 vult
1646 2875 1795 2937 parcere3
1827 2875 1926 2936 quam
1957 2853 2126 2918 voluntate

127 2944 222 3007 metsi
244 2941 435 3024 simpliciter
453 2943 633 3018 affirmant,
662 2941 795 3006 tacitam
822 2941 857 3003 in
879 2962 914 3005 sa
936 2939 1102 3002 nihilomi·
1151 2937 1329 3021 quidquam
1350 2941 1471 3019 variet,
1492 2961 1530 3007 ac
1551 2961 1594 3005 ne
1614 2961 1765 3006 sermone
1784 2939 1930 3022 quidem,
1953 2939 2017 3004 nisi
2038 2939 2125 3022 qnod

127 3049 189 3091 nus
211 3028 430 3093 conditionem
451 3028 625 3103 continere,
648 3048 691 3091 ex
711 3028 776 3091 fine
797 3026 868 3108 ipso
890 3024 1099 3108 intelligetur.
1151 3024 1338 3108 syllabatim
1369 3047 1436 3090 non
1467 3026 1635 3108 exprimit,
1674 3025 1759 3108 quod
1797 3025 1981 3108 intelligere
2012 3031 2125 3090 tamen

128 3113 197 3178 Our
224 3114 312 3178 enim
344 3113 385 3177 ad
413 3114 577 3179 Ninivitas
604 3113 720 3177 Ionam
746 3112 909 3177 Dominus
941 3111 1099 3188 mittebat,
1150 3118 1339 3192 promptum
1360 3120 1418 3176 est
1451 3108 1622 3194 Siquidem
1642 3111 1725 3176 illud
1743 3111 1869 3177 Iesaiae
1890 3113 1957 3195 (14,
1977 3113 2033 3196 27)
2053 3132 2124 3176 ma·

18 3188 32 3236 ⁸>
127 3200 182 3281 qui
214 3200 343 3263 ruinam
375 3201 464 3265 urbis
499 3197 719 3281 praediceret?
775 3197 844 3262 Our
875 3219 934 3280 per
960 3195 1102 3261 Iesaiam
1150 3216 1229 3259 nere
1250 3218 1367 3261 verum
1387 3205 1527 3279 oportet:
1555 3197 1718 3263 Dominus
1740 3198 1943 3263 exercituum
1964 3195 2124 3264 delibera·

127 3293 266 3348 mortem
296 3284 461 3349 indicabat
480 3284 663 3350 Ezechiae?
698 3285 834 3348 Poterat
854 3284 943 3347 anim
964 3290 998 3346 et
1018 3282 1100 3360 illos,
1151 3281 1208 3359 vit,
1232 3289 1265 3346 et
1286 3283 1358 3364 quis
1378 3283 1498 3365 poterit
1523 3281 1722 3350 dissolvere?
1750 3304 1869 3349 manus
1891 3284 1961 3348 eius
1982 3288 2124 3363 extenta,

128 3379 162 3434 et
194 3369 282 3434 hunc
311 3370 460 3453 perdere,
490 3371 560 3435 sine
594 3370 696 3435 cladis
720 3371 845 3433 nuntio.
894 3366 996 3433 Aliud
1023 3388 1101 3450 crgo
1152 3374 1185 3432 et
1205 3367 1277 3449 quis
1298 3377 1425 3434 avertet
1444 3367 1538 3433 eam?

128 3457 301 3537 spectavit,
329 3477 429 3537 quam
453 3463 490 3519 ut
510 3456 624 3521 mortis
650 3476 728 3521 suae
750 3455 887 3538 praescii
916 3454 1102 3520 venientem

684 4173 888 4258 carus
919 4174 1210 4303 paemen
1241 4123 1581 4281 ocurrunt
1950 4283 1953 4293 Ι

204 4382 298 4479 DE
325 4371 683 4487 ORATIONE,
711 4370 829 4474 UBI
855 4377 940 4474 ΕΤ
967 4377 1221 4475 ORATIO
1248 4375 1589 4474 DOMINICA
1613 4376 2040 4474 ENARRATUR,

217 4572 243 4632 1.
271 4569 326 4631 le
342 4566 394 4631 his
410 4586 492 4647 quae
510 4565 669 4630 hactenus
686 4563 852 4647 disputata
869 4572 946 4628 sunt
964 4586 1031 4629 non
1047 4565 1104 4629 ob·
1154 4570 1227 4629 turn
1261 4571 1325 4642 est,
1363 4563 1545 4627 Dominum
1577 4585 1649 4630 sese
1687 4563 1773 4628 ultro
1807 4584 1845 4628 ac
1882 4561 2060 4627 liberaliter
2092 4562 2128 4626 in

128 4676 221 4719 seura
239 4653 460 4736 perspicimus,
483 4671 582 4732 quam
600 4651 643 4715 sit
665 4650 762 4714 homo
780 4650 939 4714 bonorum
957 4651 1105 4715 omnium
1154 4649 1289 4715 Christo
1316 4670 1374 4715 suo
1406 4648 1574 4729 exhibere,
1606 4650 1642 4713 in
1669 4670 1732 4732 quo
1764 4669 1823 4731 pro
1850 4654 1964 4712 nostra
1995 4648 2130 4714 miseria

129 4762 251 4823 egenus
281 4761 318 4803 ac
345 4737 468 4815 inanis,
502 4744 601 4818 utque
627 4735 675 4799 illi
706 4735 817 4798 omnia
849 4733 957 4800 desint
989 4736 1104 4801 salutis
1155 4756 1285 4800 omnem
1313 4735 1517 4815 felicitatem,
1549 4757 1609 4818 pro
1642 4742 1754 4800 nostra
1785 4734 1895 4816 inopia
1926 4732 2130 4816 opulentiam

129 4825 326 4890 adiumenta.
371 4821 483 4903 Quare
505 4823 534 4887 si
555 4820 717 4904 praesidia
737 4821 873 4903 quaerit,
896 4822 1014 4904 quibus
1031 4822 1103 4885 ino-
1154 4821 1284 4899 offerat3
1305 4821 1341 4884 in
1362 4825 1426 4903 qtro
1446 4821 1602 4887 coelestes
1622 4821 1793 4885 thesauros
1820 4818 1914 4883 nobis
1936 4819 2069 4900 aperiat,
2092 4824 2131 4884 ut

129 4911 202 4992 piae
223 4932 301 4976 suae
323 4915 501 4987 succurrat,
524 4915 675 4973 extrase
695 4913 792 4972 exeat
818 4915 959 4990 opertet,
989 4916 1023 4972 et
1044 4907 1105 4971 ali-
1156 4905 1312 4971 dilectum
1338 4906 1443 4970 filium
1471 4929 1567 4972 suum
1602 4913 1671 4971 tota
1697 4904 1778 4969 fides
1806 4910 1919 4968 nostra
1950 4905 2128 4984 intueatur,

129 4996 217 5061 unde
239 5019 278 5061 ea
299 4997 362 5076 sibi
384 5001 557 5078 comparet
601 4993 675 5058 Hoc
700 4999 813 5076 postea
840 4993 934 5060 nobis
961 4993 1104 5076 explica·
1128 5026 1132 5058 ι
1156 4992 1289 5074 abipso
1312 4996 1381 5055 tota
1399 4999 1511 5057 nostra
1527 4991 1727 5075 exspectatio
1746 4989 1896 5072 pendeat
1918 4989 2043 5072 inipso
2060 4995 2130 5054 tcta

1128 5067 1229 5165 {spes
1263 5083 1375 5141 nostra
1392 5077 1541 5142 'haereat
1571 5085 1605 5141 et
1636 5076 1827 5158 acquiescat
1871 5075 1966 5141 Haec
1997 5074 2130 5157 quidem

1129 5173 1132 5233 l
1156 5170 1281 5228 secreta
1303 5169 1352 5225 est
1378 5162 1627 5245 absconditaque
1648 5160 1868 5244 philosophia,
1896 5167 1930 5225 et
1957 5182 2040 5243 quae
2062 5159 2130 5246 syl·

200 5268 229 5336 1)
248 5268 389 5323 Editicna
406 5286 431 5322 a.
451 5269 518 5322 1539
539 5267 605 5336 cap.
624 5265 678 5319 IX.
1129 5262 1134 5313 ι
1156 5242 1302 5333 logismi‘s
1324 5248 1395 5313 erui
1417 5270 1482 5314 non
1500 5255 1615 5331 potest,
1634 5247 1692 5313 sed
1708 5246 1832 5314 scilicet
1849 5267 1923 5312 eam
1940 5246 2134 5330 perdiscunt

1871 5345 1927 5403 bl‘
