4770 6030
176 351 238 412 ree
810 349 909 415 car.
931 349 993 413 rx.
1017 347 1090 434 (V.)
1132 348 1197 416 nn
1219 348 1544 414 reinmarum
1613 425 1617 440 1
2111 351 2171 410 734
2263 391 2269 402 .

72 463 76 466 ⁴
175 461 290 529 Aren
308 460 420 529 sarm
438 449 556 537 cara]
660 449 669 477 ⁸

263 539 312 599 63.
357 535 482 600 Petunt
513 545 547 601 et
582 558 624 601 ex
656 538 753 601 Pauli
792 538 877 603 dicto
910 545 1148 621 argumentum,
1202 537 1439 601 manifestabit:
1469 536 1554 618 quod
1587 537 1624 599 in
1650 536 1727 619 igne
1759 535 1974 615 revelabitur;
2002 544 2035 601 et
2062 537 2176 601 unius·

176 622 232 687 ubi
265 621 470 700 coelestium,
505 624 710 687 terrestrium
743 631 776 688 et
807 624 1010 688 infernorum
1042 644 1151 706 genna
1202 624 1357 705 cuiusque
1386 643 1468 705 opus
1500 622 1595 705 quale
1623 622 1679 698 sit,
1715 623 1802 706 ignis
1830 621 1994 703 probabit;
2027 623 2055 687 si
2083 623 2176 687 cuius

175 707 309 773 Christo
329 708 415 771 flecti
441 709 585 773 affimat
607 707 708 794 (Phil.
730 713 757 787 2,
780 708 843 858 lt?
888 708 1039 772 Infernas
1061 710 1150 773 enim
1202 729 1283 790 opus
1305 708 1431 786 arserit,
1455 707 1686 772 detrimentum
1706 709 1864 790 patietur3
1885 709 1955 789 ipse
1978 715 2087 772 autem
2111 708 2176 787 sal·

175 816 240 858 non
262 813 356 874 posse
377 793 519 877 intelligi
547 796 603 876 qui
625 801 777 859 aeternae
828 794 1008 859 amnationi
1029 793 1150 859 addicti
1202 816 1263 878 vus
1286 795 1364 871 erit,
1387 793 1445 858 sed
1466 795 1558 875 quasi
1582 815 1641 875 per
1662 795 1782 877 ignem.
1817 791 1901 873 Quis
1923 792 1978 857 ille
1999 794 2087 876 ignis
2105 814 2175 859 esse

175 886 266 956 sunt,
289 899 349 961 pro
372 879 518 944 confesso
540 888 718 945 assumunt.
761 879 906 946 Proinde
929 886 1090 961 superest,
1113 889 1150 944 ut
1202 885 1324 962 potest,
1352 880 1416 943 nisi
1437 879 1661 962 purgatorius,
1683 900 1742 961 per
1763 900 1860 961 quem
1881 885 2086 961 peecatorum
2108 882 2176 943 sor-

174 966 242 1030 sint
263 965 393 1028 animae
414 966 450 1028 in
471 966 660 1048 purgatorio
682 966 874 1030 laborantes.
915 965 990 1029 Non
1011 966 1149 1047 pessime
1203 965 1260 1030 des
1282 965 1529 1048 abstergimtur,
1553 986 1616 1047 quo
1637 967 1712 1049 puri
1734 964 1959 1048 ingrediamur
1980 966 2015 1027 in
2038 985 2176 1047 regnum

175 1051 464 1128 ratiocinaremur,
493 1052 521 1114 si
550 1051 715 1133 apostolus
737 1073 854 1116 verum
871 1051 1003 1133 pietatis
1026 1050 1149 1114 cultum
1202 1050 1288 1115 Dei?
1339 1052 1441 1132 Atqui
1468 1050 1569 1115 alium
1597 1072 1668 1115 esse
1700 1058 1873 1115 senserunt
1901 1059 2050 1114 veterum
2076 1051 2175 1133 pleri·
2255 1059 2257 1062 '

174 1157 233 1218 per
250 1136 525 1219 geniculationem
543 1136 744 1220 designaret,
766 1136 823 1202 sed
841 1158 941 1218 quum
959 1136 1150 1218 simpliciter
1202 1158 1278 1219 que:
1297 1137 1321 1218 ¹)
1344 1156 1461 1217 nempe
1483 1135 1727 1201 tribulationem
1750 1155 1807 1200 seu
1829 1156 1973 1213 crucem,
1996 1157 2055 1218 per
2077 1156 2175 1219 quam

175 1221 301 1299 doceat,
344 1221 485 1286 delatam
525 1243 595 1286 esse
626 1222 759 1287 Christo
798 1221 1051 1287 dominationem
1086 1242 1150 1304 qua
1202 1222 1364 1287 Dominus
1390 1242 1464 1287 suos
1487 1223 1669 1300 examinat,
1698 1243 1740 1287 ne
1764 1222 1800 1285 in
1822 1223 1930 1286 carnis
1952 1221 2101 1286 sordibus
2122 1242 2175 1286 ac·

174 1306 398 1390 subiugandae
426 1308 493 1371 sint
521 1308 695 1380 universae
720 1316 904 1383 creaturae,
934 1306 1012 1389 quid
1033 1307 1148 1385 obstat,
1202 1308 1380 1391 quiescant.
1429 1306 1534 1389 quue
1560 1307 1664 1371 multo
1692 1307 1906 1390 probabilius,
1935 1328 2034 1388 quam
2055 1327 2176 1390 purga-

175 1394 347 1475 quominus
378 1413 438 1474 per
468 1393 612 1457 internos
646 1393 790 1458 diabolos
823 1392 928 1457 intelli
1004 1414 1059 1470 us,
1093 1393 1149 1474 qui
1202 1394 1323 1459 terium
1343 1392 1566 1475 confingendo.
1611 1390 1810 1476 Quanquam
1831 1414 1891 1458 nec
1919 1392 1985 1457 illis
2006 1393 2175 1471 assentior,

176 1499 255 1543 sane
285 1477 326 1542 ad
351 1478 487 1542 Domini
513 1479 658 1543 tribunal
686 1480 858 1556 sistentur,
887 1479 921 1542 iu
946 1480 1026 1544 'cem
1054 1499 1150 1542 suurn
1201 1479 1277 1562 quia
1297 1478 1381 1542 mihi
1402 1477 1515 1543 videor
1536 1479 1707 1544 certiorem
1723 1479 1827 1543 multo
1844 1485 1878 1543 et
1897 1477 2089 1544 lucidiorem
2106 1480 2176 1543 eius

176 1564 321 1647 agnituri
363 1584 450 1628 cum-
469 1571 593 1629 terrore
631 1572 665 1629 et
700 1563 940 1647 trepidatione?
997 1561 1150 1644 Qualiter
1201 1565 1263 1630 loci
1284 1563 1538 1647 intelligentiam
1559 1570 1760 1646 assequutus.
1794 1564 1970 1645 Antequam
1989 1569 2091 1627 tamen
2107 1584 2176 1628 eam

176 1648 313 1714 eandem
334 1649 541 1730 prophetiam
561 1649 687 1715 Paulus
714 1651 785 1733 ipse
811 1650 888 1715 alibi
915 1651 1150 1733 interpretatum
1196 1651 1331 1733 profero,
1353 1649 1444 1714 eelim
1465 1648 1545 1731 mibi
1564 1650 1783 1730 respondeant,
1807 1655 1953 1731 pmentne
1973 1649 2119 1731 apostolis
2139 1669 2177 1713 ac

243 1734 449 1818 m.14,10):
478 1756 600 1813 omnes,
623 1736 738 1819 inquit,
767 1737 922 1801 sistamur
944 1734 986 1800 ad
1005 1735 1150 1800 tribunal
1201 1737 1318 1801 sannis
1346 1735 1488 1799 nundus
1510 1740 1572 1817 per
1598 1734 1678 1799 tune
1706 1737 1808 1818 mnan
1827 1736 2049 1819 magnarium
2074 1740 2176 1799 trans-

205 1820 315 1900 hristi3
338 1821 497 1902 seriptum
518 1828 568 1885 est
589 1823 690 1885 enim:
714 1824 790 1887 vivo
811 1843 880 1905 ego,
901 1820 985 1885 mihi
1001 1822 1150 1886 flectetur
1201 1821 1336 1887 eundum
1354 1821 1479 1901 fuisse?
1523 1820 1694 1906 Nequeunt,
1716 1820 1795 1899 scie,·
1811 1822 1908 1885 ninus
1929 1823 2011 1884 enim
2027 1820 2177 1885 absonum

176 1927 271 1969 omne
294 1927 390 1989 genu,
413 1914 472 1971 etc.
507 1906 608 1989 Atqui
630 1909 666 1970 in
688 1928 764 1971 eum
785 1907 919 1972 modum
940 1907 1149 1989 interpretari
1200 1908 1277 1990 foret
1308 1926 1358 1970 eos
1384 1907 1524 1990 praecii
1555 1907 1742 1989 oportuisse,
1779 1925 1911 1987 quemne
1948 1908 2058 1971 mauu
2090 1907 2176 1971 ultro

175 1991 345 2068 nonlicet,
368 1991 454 2072 quod
471 1992 716 2078 inApocalypsi
734 1991 828 2077 (5,3)
847 1993 999 2058 habetur:
1019 2013 1149 2057 omnem
1202 2012 1383 2057 masuram
1415 1992 1458 2056 ad
1485 1994 1633 2056 universa
1660 1993 1802 2057 arausice
1833 1991 1969 2057 nembro
2001 1992 2177 2057 redundare

44 2154 50 2165 .
176 2085 374 2154 creaturam,
397 2098 480 2159 quae
501 2078 536 2141 in
558 2078 660 2157 coelo,
684 2086 717 2143 et
738 2099 820 2160 quae
842 2085 1093 2162 superterram,
1116 2086 1150 2142 et
1202 2079 1364 2145 mmniant.
1405 2077 1521 2142 Verum
1541 2077 1697 2160 apenolus
1718 2077 1772 2142 boc
1788 2077 1936 2160 aftirnmt.
1970 2078 2077 2159 Neque
2094 2079 2177 2142 euim

176 2184 258 2245 quae
287 2161 347 2226 sub
370 2169 471 2241 terra,
495 2169 631 2245 atquae
656 2165 692 2228 in
713 2165 811 2242 mari,
838 2173 871 2228 et
897 2185 979 2246 quae
1007 2165 1042 2227 in
1067 2163 1149 2247 ipsis
1203 2165 1287 2243 dicit
1309 2165 1504 2245 maumam
1520 2182 1598 2244 optes
1613 2162 1780 2244 probatum
1795 2163 1848 2241 iri,
1871 2164 1925 2228 sed
1939 2165 2085 2227 munium.
2116 2163 2177 2226 Ne-

176 2256 253 2312 sunt
274 2248 399 2325 omnia,
429 2248 539 2315 audivi
562 2248 717 2314 dicentia:
749 2249 874 2314 sedenti
901 2250 938 2313 in
959 2248 1093 2328 throno,
1115 2255 1150 2313 et
1203 2271 1261 2332 que
1281 2250 1335 2314 boc
1355 2269 1457 2313 mmm
1477 2253 1691 2331 argumentum
1712 2255 1769 2327 est,
1792 2250 1846 2313 sed
1868 2249 2051 2332 Augustini,
2062 2250 2091 2332 ²)
2120 2249 2176 2329 qui

176 2355 275 2417 agno,
305 2333 487 2398 benedictio
514 2341 549 2399 et
573 2334 677 2399 honor
704 2342 738 2399 et
764 2334 869 2418 gloria
891 2342 924 2398 et
950 2340 1095 2417 potestas
1113 2336 1150 2399 in
1201 2338 1247 2401 sie
1276 2335 1555 2416 interpretationem
1581 2334 1671 2398 ittam
1698 2339 1862 2416 oppugnat.
1898 2335 1942 2423 Et
1968 2336 2049 2415 qued
2072 2336 2177 2417 niuem

176 2419 305 2485 saecula
327 2420 537 2484 saeculorum.
568 2419 608 2484 Id
630 2419 761 2503 quidem
782 2420 876 2486 facile
898 2420 1046 2487 concedo.
1082 2418 1150 2485 Sed
1202 2422 1373 2487 obseretur
1414 2425 1472 2495 est,
1515 2440 1575 2484 nen
1612 2419 1688 2484 dicit
1728 2421 1916 2483 transiueros
1954 2421 1989 2483 ob
2027 2419 2176 2500 quaelibet

176 2505 287 2587 quales
310 2506 365 2569 hic
387 2512 554 2571 creahrras
575 2506 738 2571 recenseri
757 2505 898 2589 putant?
939 2505 1038 2571 Oerto
1060 2507 1150 2570 enim
1202 2529 1313 2591 operm
1356 2506 1409 2572 sed
1442 2507 1473 2570 si
1510 2505 1667 2570 amusium
1699 2525 1826 2577 surana
1853 2505 1999 2586 fidetimte
2032 2506 2175 2586 aedifica-

176 2591 297 2656 certius
319 2598 385 2669 est,
415 2599 448 2654 et
469 2593 595 2656 ratione
617 2598 766 2657 carentes
788 2599 821 2656 et
842 2592 1041 2656 inanimatas
1062 2612 1149 2656 com·
1200 2595 1274 2672 rint,
1302 2592 1468 2658 mercedem
1491 2597 1678 2673 recepturos,
1711 2591 1767 2654 ubi
1792 2610 1870 2672 epus
1892 2611 1998 2655 eorum
2020 2592 2175 2673 ignitus

175 2675 343 2759 prehendi
374 2674 448 2757 Quo
470 2697 536 2742 non
558 2676 649 2741 aliud
669 2678 860 2754 affirmatur,
883 2698 982 2760 quam
1004 2677 1149 2760 singulas
1201 2681 1245 2744 rit
1264 2680 1485 2744 examinem
1528 2678 1711 2760 Principio,
1734 2675 1883 2742 videmus
1905 2676 2086 2758 apostolum
2106 2697 2175 2740 me-

175 2763 262 2828 orbis
290 2770 416 2843 partes,
446 2784 466 2826 a
492 2783 619 2827 summo
647 2763 812 2828 coelorum
839 2763 961 2828 vertice
984 2763 1149 2846 adusque
1202 2765 1341 2846 taphora
1370 2785 1467 2828 usum
1491 2784 1578 2842 esse,
1606 2784 1707 2846 quum
1728 2761 1906 2841 doctrinas,
1930 2762 2101 2826 hominum
2122 2783 2175 2826 ea-

176 2855 281 2912 terrae
309 2856 473 2926 centrum,
508 2870 567 2913 suo
593 2847 689 2913 modo
716 2849 871 2915 creatoris
893 2848 1032 2932 gloriam
1053 2869 1149 2912 enar
1202 2851 1268 2933 pite
1290 2851 1502 2933 excogitatas,
1525 2850 1666 2932 lignum,
1693 2849 1824 2912 foenum
1846 2855 1879 2912 et
1903 2847 2058 2930 stipulam
2079 2867 2175 2913 voca·

175 2955 257 2997 rare.
302 2931 400 3013 Quod
433 2956 474 2999 ex
501 2933 778 2999 Machabaeorum
810 2934 947 3000 historia
978 2934 1012 3019 (2
1037 2934 1147 3000 Mach
1201 2938 1257 3002 vit.
1291 2937 1390 3001 Ratio
1412 2956 1538 3018 quoque
1559 2933 1769 3015 metaphorae
1787 2941 1938 3016 prompta
1954 2940 2012 2998 est.
2048 2933 2175 3016 Nempe

179 3023 227 3094 12,
239 3018 296 3101 43)
313 3021 491 3101 proferunt,
516 3021 726 3101 responsione
743 3041 809 3084 non
824 3019 992 3103 dignabor,
1010 3041 1052 3084 ne
1068 3041 1149 3102 opus
1201 3021 1296 3105 quod,
1318 3021 1410 3086 velut
1430 3021 1566 3104 lignum,
1587 3021 1700 3085 statim
1716 3027 1813 3101 atque
1833 3021 1905 3104 igni
1922 3019 2090 3095 admotum
2106 3019 2175 3083 fue-

175 3103 258 3167 illud
274 3103 388 3168 videar
404 3106 440 3168 in
460 3126 627 3170 sacrorum
641 3105 800 3170 librorum
817 3105 1000 3189 catalogum
1017 3104 1147 3170 referre.
1201 3109 1259 3186 rit,
1287 3108 1490 3173 consumitur
1517 3115 1551 3170 et
1573 3105 1777 3188 deperditur,
1805 3107 1852 3171 sio
1873 3127 1977 3187 neque
2005 3104 2081 3169 illae
2101 3126 2175 3186 per·

176 3190 222 3253 At
248 3187 448 3271 Amenanus
469 3212 530 3272 pro
556 3192 698 3256 canonae
722 3192 841 3273 recepit.
887 3191 1035 3259 Prnnum
1055 3211 1150 3272 qream
1201 3193 1320 3258 durare
1352 3198 1520 3275 potenmt,
1558 3213 1660 3274 quum
1692 3213 1747 3257 eas
1777 3192 1960 3256 examinari
1992 3191 2174 3274 configerit.

132 3278 134 3281 ’
176 3279 256 3339 certa
276 3275 361 3355 fide?
405 3275 610 3357 Scripturam,
632 3277 742 3358 inquit,
756 3275 780 3360 ¹)
806 3276 1068 3342 Macbabaeorum
1087 3297 1150 3342 non
1200 3280 1305 3344 Porro
1326 3276 1485 3342 eiusmodi
1505 3297 1645 3342 examen
1666 3297 1687 3341 a
1708 3279 1825 3360 spiritu
1841 3278 1906 3341 Dei
1925 3277 2093 3360 proficisci,
2117 3297 2175 3340 ne-

176 3360 284 3424 babent
311 3360 426 3426 Iudaei
446 3363 526 3426 aaut
546 3363 647 3444 baem,
663 3362 841 3445 propians,
862 3363 1060 3444 apameae,
1082 3363 1150 3442 qui·
1200 3366 1323 3429 minem
1351 3364 1440 3428 latet
1485 3361 1560 3443 Quo
1586 3363 1688 3446 igitur
1706 3363 1800 3428 filum
1826 3361 2036 3444 metaphorae
2064 3381 2175 3443 prose·

176 3446 233 3510 bus
259 3446 466 3510 testimonium
486 3447 627 3529 perbibet
647 3448 820 3527 Dominus,
852 3453 1002 3529 tanquam
1024 3448 1150 3513 ustibus
1200 3458 1364 3533 quereum,
1388 3471 1426 3515 ac
1447 3457 1557 3532 partes
1578 3450 1666 3513 iusta
1687 3448 1900 3514 correlatione
1921 3448 2008 3512 inter
2030 3467 2065 3511 se
2083 3452 2174 3529 apta·

176 3533 261 3610 suia,
288 3532 392 3596 dicem
412 3531 509 3608 (Luc.
529 3536 579 3612 24,
599 3533 674 3617 44).·
706 3536 857 3616 oportebat
883 3534 1007 3616 inceleri
1034 3535 1148 3614 onmia
1200 3544 1260 3615 ret,
1282 3537 1394 3620 ignem
1416 3534 1594 3619 appellavit
1614 3554 1753 3600 examen
1780 3534 1914 3615 spiritus
1936 3533 2049 3597 sancti.
2092 3532 2175 3596 Per·

177 3639 255 3699 quae
283 3619 399 3699 sarpta
426 3623 499 3682 sunt
525 3620 560 3682 in
579 3619 641 3700 leae
670 3625 697 3684 et
717 3620 856 3701 psalmis
876 3625 905 3686 et
926 3619 1086 3701 maphate
1111 3621 1149 3686 de
1200 3621 1277 3686 inde
1304 3621 1391 3686 enim
1419 3629 1516 3703 atque
1542 3641 1660 3685 aurum
1682 3629 1716 3683 et
1739 3630 1926 3703 argentum,
1955 3638 2019 3700 quo
2041 3619 2175 3701 propius

177 3725 240 3782 rue,·
261 3703 316 3768 sed
335 3708 453 3785 recepta
474 3709 518 3768 ert
538 3703 577 3768 ab
597 3704 722 3770 aulaea
743 3726 803 3770 nen
825 3705 982 3784 inutiliter,
1004 3706 1035 3770 si
1050 3705 1150 3772 sobrie
1201 3707 1243 3772 ad
1262 3703 1372 3792 ignem
1395 3706 1619 3784 admoventur,
1643 3726 1681 3769 eo
1702 3705 1873 3769 certiorem
1894 3704 2067 3785 probitatis
2083 3704 2175 3787 puri-

176 3789 295 3872 tepatnr
320 3789 367 3853 vel
405 3789 571 3868 audiatur,
608 3795 659 3854 etc.
710 3790 923 3874 Hieronymus
952 3796 1053 3856 autem
1082 3793 1150 3856 sine
1201 3794 1343 3875 tatisque
1368 3793 1592 3876 probationem
1621 3791 1781 3867 referunt,
1811 3791 1858 3853 ita
1878 3790 2015 3854 Domini
2041 3790 2173 3867 veritas,

176 3875 377 3953 (inhiatione,
403 3876 531 3940 minime
559 3875 661 3951 aalma
689 3878 757 3941 eius
783 3879 977 3942 nummum
1004 3877 1047 3943 ad
1067 3897 1149 3943 esse
1201 3899 1264 3962 quo
1285 3879 1431 3943 exactius
1453 3876 1613 3960 spirituali
1635 3877 1785 3941 examine
1806 3874 2015 3958 expenditur,
2044 3896 2082 3939 eo
2104 3895 2175 3938 ma·

176 3962 272 4024 reuda
300 3962 444 4043 dogmata
467 3963 556 4026 doce.
600 3961 645 4025 Et
671 3984 709 4026 en
735 3962 832 4028 tuan
859 3962 913 4027 itio
939 3967 1068 4041 veen,
1094 3964 1150 4045 qui
1199 3965 1303 4045 iorem
1328 3964 1428 4029 sumit
1460 3963 1644 4027 autoritatis
1677 3963 1961 4026 confirmationem.
2007 3958 2173 4040 Quemad-

176 4046 233 4109 sut
254 4048 375 4111 nemine
398 4045 548 4128 (aspriani
574 4047 613 4111 de
641 4049 826 4129 emanans
852 4048 981 4130 semma
1007 4047 1150 4114 inscribi
1200 4044 1334 4115 modum
1355 4049 1497 4129 foenum,
1519 4048 1656 4132 lignum,
1679 4046 1809 4130 stipula,
1831 4047 1900 4132 igni
1922 4045 2053 4110 admota
2072 4047 2174 4111 corri-

176 4136 236 4207 tur,
259 4137 363 4212 opens
384 4131 506 4210 mnstat
528 4133 626 4197 mcum
647 4133 767 4197 nultum
788 4135 823 4198 in
840 4136 934 4198 varri
953 4135 1078 4199 cadmia
1094 4134 1150 4200 ba-
1200 4137 1335 4218 piuntur
1363 4136 1398 4199 in
1421 4135 1564 4200 subitam
1589 4133 1888 4214 consumptionem,
1922 4133 1969 4195 ita
2001 4132 2173 4196 hominum

176 4217 286 4281 deuse.
331 4216 376 4281 Et
402 4219 480 4297 quid
504 4218 628 4300 fnestra
654 4218 704 4283 aa
728 4220 893 4285 munao?
938 4220 1037 4301 Quaen
1058 4225 1149 4285 autor
1200 4222 1338 4286 inventa
1368 4221 1505 4285 Domini
1526 4220 1627 4284 verbo
1647 4240 1714 4285 non
1736 4219 1887 4297 stabilita,
1911 4218 2046 4300 spiritus
2067 4218 2172 4282 sancti

176 4303 244 4383 ipse
264 4323 324 4367 nen
345 4305 425 4367 satis
446 4305 595 4382 eamear,
625 4310 776 4384 quantum
797 4306 859 4370 sibi
879 4307 1077 4387 dotandum
1097 4309 1147 4385 sit,
1200 4328 1339 4374 examen
1360 4307 1445 4371 ferre
1467 4312 1647 4388 nequeunt,
1674 4306 1755 4387 quin
1777 4304 1950 4370 concidant
1968 4305 2117 4388 protinus
2139 4310 2172 4366 et

176 4409 271 4468 quum
297 4389 421 4451 amima
446 4390 482 4452 in
506 4390 568 4470 fine
588 4396 749 4471 precatur,
782 4393 812 4455 si
838 4392 914 4473 quid
943 4392 1051 4456 minus
1078 4392 1149 4457 bene
1200 4393 1394 4476 dispereant.
1418 4392 1570 4474 Denique
1587 4391 1616 4456 si
1632 4391 1872 4457 commentitiae
1889 4390 2054 4455 doetrinae
2071 4389 2170 4472 ligno,

176 4475 299 4537 dieat.
344 4472 429 4538 Certe
450 4476 505 4555 qui
526 4475 644 4557 scripta
664 4496 724 4540 stra
750 4478 888 4559 indigem
908 4479 999 4542 venia
1023 4478 1147 4558 fatetur,
1198 4481 1301 4557 foeno,
1324 4477 1463 4560 stipulae
1481 4482 1721 4560 comparantia,
1743 4475 1830 4560 quod
1845 4477 1951 4542 instar
1966 4474 2057 4557 ligni,
2075 4474 2170 4553 foeni,

176 4560 309 4640 spiritus
330 4561 429 4623 sandi
450 4561 577 4625 macula
596 4581 657 4625 nen
678 4581 742 4626 esse
763 4562 883 4626 domat
1199 4564 1339 4647 stipulae
1365 4563 1598 4628 comburantur
1626 4562 1666 4628 ab
1692 4563 1782 4646 igne,
1810 4571 1844 4626 et
1865 4565 2114 4641 corrumpantur
2135 4561 2171 4623 in

263 4650 312 4709 64.
357 4646 484 4710 Verum
500 4646 624 4711 habent
640 4648 801 4714 invictum
821 4669 968 4731 cuneum,
978 4649 1015 4711 in
1031 4649 1145 4729 Paulo,
1198 4651 1383 4730 interibim,
1406 4669 1473 4714 non
1494 4656 1603 4713 autem
1626 4648 1841 4713 confidentur
1863 4655 1921 4712 aut
1946 4645 2170 4727 profligantur,

176 4732 231 4814 qui
254 4732 389 4795 nonita
408 4731 503 4797 facile
530 4733 733 4814 percellatur.
790 4731 827 4799 Si
861 4735 934 4815 quis
960 4735 1146 4816 superaedi-
1198 4736 1263 4817 pisi
1286 4757 1306 4800 a
1326 4735 1463 4799 Domini
1480 4731 1608 4818 spiritu,
1631 4734 1786 4815 sequitur,
1804 4733 1955 4815 spiritum
1973 4750 2043 4794 esse
2059 4731 2171 4813 ignem

175 4817 670 4902 ficat,inquit(100r.3,12),
693 4818 1145 4902 superfundamentumhoc,
1198 4821 1306 4899 illum,
1336 4841 1440 4902 aquo
1461 4818 1693 4902 probabuntur.
1739 4817 1842 4882 Ouius
1868 4815 2093 4898 probationem
2113 4836 2171 4879 vo-

176 4924 306 4981 aurum,
330 4911 520 4987 argentum,
542 4903 668 4987 lapides
688 4905 859 4987 pretiosos,
881 4906 982 4988 ligna,
1004 4906 1145 4985 foenum,
1199 4913 1261 4971 cat.
1278 4905 1403 4970 Paulus
1429 4905 1515 4970 diem
1542 4904 1693 4983 Domini,
1727 4903 1862 4986 vulgate
1885 4903 2072 4984 scriptume
2099 4922 2170 4964 usu.

176 4988 337 5070 stipulam,
361 4991 615 5072 uniuscuiusque
636 5011 717 5072 opus
734 4992 829 5073 quale
850 4992 902 5070 sit,
925 4990 994 5057 dies
1011 4992 1147 5057 Domini

1202 5082 1237 5087 --
1253 5076 1281 5089 4.,
1289 5081 1321 5086 ..-
1332 5080 1402 5086 ..-.-.-

1269 5195 1298 5262 1)
1316 5194 1370 5247 Chr
1390 5138 1532 5260 sostomds,
1552 5187 1720 5263 Augustinus
1738 5202 1766 5244 et
1784 5193 1837 5246 elii.
1933 5193 1964 5262 2)
1980 5194 2116 5247 Dnchirid
2136 5193 2170 5245 ad

245 5260 275 5322 1)
292 5260 393 5314 Contra
412 5263 543 5317 Gaudent.
562 5265 650 5334 Epioe
671 5267 687 5318 l.
707 5265 730 5319 1.
750 5283 771 5318 e.
790 5264 831 5318 31.
1199 5267 1326 5318 herent
1380 5303 1386 5316 .
1791 5307 1797 5312 .
