4732 6030
766 193 776 233 Ι

213 338 272 436 dil
669 434 673 442 ¹
786 334 1052 401 INSTITUTIO
1075 333 1179 397 REL.
1203 331 1385 398 OHRIST.
1413 337 1644 398 lasa-1554.
1702 427 1704 431 ,
2153 342 2216 401 812

1849 445 1962 516 A233;
1980 449 2002 501 B
2017 451 2092 518 3203
2111 450 2216 506 0821.

211 527 268 594 sed
290 528 455 590 meliorem
477 526 672 607 appetebant
679 548 686 601 ;
721 544 838 604 nempe
860 524 1039 588 coelestem.
1091 523 1187 588 Unde
1240 522 1349 584 omnia
1370 543 1429 585 sua
1452 521 1583 604 dirigit?
1628 433 2082 589 Terrestremlhabitauenem
2112 528 2216 607 quali-

211 613 303 678 Deus
320 634 385 675 non
405 611 566 675 erubescit
580 611 690 675 vocari
708 631 819 673 eorum
838 609 926 686 deus,
950 608 1078 690 quando
1091 629 1186 691 para·
1239 614 1290 670 ter
1307 608 1495 683 aestimarit,
1519 615 1658 671 testatur
1677 608 1757 672 haec
1775 610 1937 672 sententia
1954 609 2056 692 (Psal.
2070 615 2119 689 39,
2145 614 2213 696 13):

211 700 260 763 vit
279 698 343 761 illis
365 697 538 761 civitatem.
585 693 759 778 Stipitibus
789 697 876 758 enim
904 695 1083 758 obtusiores
1106 694 1185 758 fuis-
1212 754 1214 761 ,
1239 691 1366 760 611666
1391 693 1445 756 hio
1475 715 1547 757 sum
1569 702 1602 757 et
1623 695 1829 776 peregrinus,
1852 695 2122 774 quemadmodum
2145 719 2215 762 om·

211 791 295 859 sent,
336 788 404 846 tam
439 783 649 865 pertinaciter
691 781 921 862 promissiones
961 778 1184 856 consectando
1238 799 1296 841 nes
1323 786 1433 859 patres
1462 780 1540 857 mei;
1574 781 1704 844 vanitas
1732 780 1836 844 omnis
1858 780 1955 844 homo
1977 783 2100 858 vivens,
2123 785 2215 848 16161

210 889 348 950 quarum
364 868 455 931 nulla
476 889 549 949 spes
568 869 602 930 in
625 868 722 930 terris
744 867 935 948 apparebat,
958 867 1022 929 nisi
1045 866 1185 948 comple·
1237 864 1355 928 umbra
1376 867 1510 946 quisque
1532 865 1737 930 obambulat:
1772 873 1805 928 et
1830 888 1917 930 nunc
1936 886 2018 947 quae
2046 877 2215 949 exspecta·

209 960 356 1018 mentum
378 975 491 1018 earum
514 953 590 1017 alibi
611 959 861 1034 exspectassent.
907 950 944 1014 Id
965 972 1043 1016 vcro
1060 952 1096 1013 in
1117 951 1185 1032 pri·
1238 950 1283 1012 tio
1311 971 1384 1013 mea
1405 950 1567 1014 Domino?
1602 972 1675 1032 spes
1703 972 1777 1015 mea
1799 951 1840 1014 ad
1868 958 1900 1014 te
1922 953 2001 1033 ipsa.
2047 952 2135 1018 Sane
2158 957 2215 1036 qui

208 1040 357 1105 misnen
385 1040 456 1103 siue
482 1040 607 1102 rationo
637 1046 746 1121 urget,
776 1038 860 1119 quod
889 1037 1185 1119 peregrinationem
1237 1035 1321 1098 nihil
1354 1057 1424 1100 6666
1451 1037 1487 1098 16
1521 1042 1610 1099 16116
1638 1036 1778 1100 solidum
1805 1045 1862 1100 aut
1895 1038 2009 1102 stabile
2038 1041 2212 1119 confessus,

208 1125 294 1191 hanc
321 1126 424 1189 vitam
452 1132 684 1206 nuncuparunt
691 1147 698 1201 ;
730 1123 870 1205 qualiter
892 1131 925 1186 et
953 1124 1063 1186 Moses
1085 1123 1186 1186 refert
1237 1121 1306 1201 spei
1327 1131 1437 1185 tamen
1458 1122 1494 1184 in
1516 1123 1625 1185 Deum
1647 1123 1836 1186 firmitatem
1858 1124 1989 1199 retinet,
2019 1125 2096 1189 alibi
2117 1140 2214 1207 repo-v

209 1209 308 1295 (Gen.
329 1215 379 1287 47,
404 1209 447 1294 9).
492 1209 529 1274 si
552 1211 640 1274 enim
676 1210 840 1291 peregrini
867 1217 900 1273 et·
928 1208 1079 1290 inquilini
1108 1214 1185 1271 sunt
1237 1207 1334 1270 sitam
1360 1208 1421 1271 sibi
1449 1207 1636 1272 felicitatem
1664 1208 1908 1290 contemplatur.
1954 1209 2008 1273 Ad
2035 1232 2108 1274 eam
2135 1234 2212 1276 oon·

208 1297 244 1361 in
266 1303 354 1360 terra
376 1295 528 1372 Canaan,
557 1296 612 1360 ubi
642 1296 812 1377 promissio
832 1295 982 1371 Domini,
1012 1315 1077 1375 qua
1097 1292 1185 1357 illius
1236 1292 1480 1373 templationem
1501 1293 1614 1357 fideles
1635 1315 1788 1358 revocare
1810 1289 1900 1370 solet,
1923 1297 2048 1376 quoties
2070 1297 2141 1360 vult
2157 1319 2211 1362 666

209 1383 450 1448 constituuntur
468 1381 645 1445 haeredes?
691 1381 866 1444 Manifesta
885 1401 962 1462 ergo
980 1379 1184 1444 indication·
1236 1399 1313 1442 vere
1347 1379 1515 1443 consolari.
1560 1378 1647 1442 Nam
1680 1379 1757 1444 alibi
1790 1379 1892 1462 (Psal.
1915 1385 1988 1458 103,
2020 1384 2089 1464 17),
2123 1392 2211 1464 6661-

179 1469 282 1560 ι6166
315 1475 460 1549 66661616
492 1467 578 1548 quod
611 1467 651 1530 de
686 1467 888 1548 possessione
922 1465 986 1529 illis
1021 1465 1184 1529 Dominus
1236 1484 1333 1544 quam
1356 1464 1396 1528 de
1418 1465 1576 1528 brevitate
1597 1466 1751 1546 fluxaque
1774 1474 1807 1529 et
1828 1466 1967 1530 evanida
1987 1468 2130 1550 imagine
2149 1468 2210 1532 hu-

208 1555 407 1636 promiserat.
459 1551 571 1632 Quare
603 1552 719 1634 pedem
751 1552 786 1615 in
824 1559 913 1615 terra
946 1550 1084 1615 Canaan
1118 1571 1184 1614 non
1235 1569 1353 1613 manae
1375 1551 1461 1615 vitae
1484 1550 1634 1631 loquutus
1657 1561 1714 1627 661,
1738 1552 1879 1617 subiicit:
1909 1553 2130 1617 misericordia
2153 1576 2211 1618 au·

208 1640 442 1721 acquisierunt,
471 1640 534 1702 6161
562 1639 596 1702 16
627 1638 820 1720 sepulcrum.
866 1635 939 1716 Quo
969 1637 1182 1714 testabantur,
1235 1642 1301 1699 tem
1323 1637 1458 1699 Domini
1480 1657 1580 1717 usque
1599 1637 1633 1699 in
1650 1645 1821 1701 aetornum
1838 1659 1935 1718 super
1953 1639 2104 1703 timentes
2123 1660 2208 1704 eum.

207 1746 242 1790 66
264 1746 404 1807 6661616,
427 1724 569 1788 11661616
591 1723 813 1806 promissionis
831 1744 898 1786 non
917 1723 981 1787 nisi
1003 1733 1076 1803 post
1097 1742 1183 1784 mor·
1236 1719 1297 1784 Oui
1320 1721 1425 1785 simile
1442 1732 1492 1786 est
1509 1722 1594 1803 quod
1613 1721 1751 1786 habetur
1767 1725 1866 1787 etiam
1885 1724 2010 1804 psalmo
2033 1727 2209 1789 centesimo

208 1817 273 1874 tem
301 1817 518 1892 percepturos.
564 1812 672 1891 Atque
706 1808 787 1873 haee
814 1829 913 1873 eausa
940 1814 989 1872 661
1017 1831 1076 1873 661
1099 1809 1182 1871 tanti
1235 1807 1376 1871 secundo
1399 1808 1535 1892 (v.'26):
1568 1808 1660 1871 initio
1684 1809 1826 1873 Domine
1849 1817 1890 1872 tu
1911 1809 2054 1874 fundasti
2076 1819 2207 1888 terram,

208 1896 429 1961 aestimaverit
450 1895 547 1959 Iacob
565 1895 631 1960 illie
653 1895 792 1977 sepeliri,
816 1902 853 1958 ut
873 1893 1083 1958 iureiurando
1107 1893 1182 1956 ade·
1235 1899 1268 1956 61
1290 1897 1387 1974 op'era
1405 1914 1564 1957 manuum
1583 1903 1715 1957 tuarum
1733 1903 1810 1957 sunt
1832 1895 1925 1971 ooeli;
1959 1897 2022 1976 ipsi
2043 1897 2206 1978 peribunt,

206 1983 292 2065 gerit
329 1982 434 2046 filium
472 1981 592 2063 Ioseph
625 1980 666 2044 ad
699 2002 772 2044 eam
804 1980 1084 2062 pollioitationem;
1124 2001 1183 2044 cur
1235 1979 2210 2060 16661661661616666;1616116611616161666661,6161661

205 2067 339 2150 Ioseph,
379 2072 453 2149 post
485 2067 606 2149 aliquot
645 2066 774 2130 saecula
804 2065 974 2130 transferri
1008 2087 1081 2129 ossa
1113 2086 1180 2141 sua,
1234 2064 1463 2130 indumentum
1480 2066 1621 2129 mutabis
1646 2086 1714 2130 eos:
1750 2072 1787 2128 tu
1812 2074 1921 2129 autem
1946 2065 2032 2131 idem
2048 2069 2118 2149 ipse
2135 2090 2211 2149 per-

205 2152 399 2234 iampridem
419 2154 454 2216 in
473 2153 615 2216 cinerem
637 2152 779 2233 collapsa
800 2151 947 2215 voluerit.
1235 2158 1316 2226 stas,
1345 2158 1379 2214 et
1400 2152 1479 2215 anni
1500 2150 1549 2214 tui
1571 2172 1636 2215 non
1659 2151 1822 2229 deficient3
1856 2151 1915 2215 11111
1938 2174 2107 2217 6611616111
2138 2163 2210 2218 tuo-

295 2244 341 2301 14.
386 2239 537 2320 Denique
560 2247 669 2320 aperto
692 2244 834 2313 constat,
863 2238 898 2300 in
920 2236 1070 2300 omnibus
1094 2237 1182 2299 vitae
1234 2258 1307 2299 rum
1331 2236 1540 2312 habitabunt,
1570 2245 1603 2300 et
1624 2238 1744 2318 posteri
1772 2259 1882 2301 eorum
1913 2259 2022 2301 eoram
2047 2248 2079 2302 te
2109 2239 2210 2303 stabi-

207 2325 323 2390 studiis
349 2325 548 2406 propositam
576 2325 704 2387 futurae
736 2324 824 2386 vitae
859 2321 1091 2386 beatitudinem
1122 2321 1181 2385 ha-
1232 2322 1363 2385 liontur.
1410 2320 1448 2386 Si
1466 2321 1506 2385 ob
1524 2323 1659 2387 coeliae
1677 2331 1783 2386 terrae
1801 2324 1969 2386 interitum
1980 2346 2045 2387 non
2056 2325 2211 2389 desinunt

206 2411 322 2476 buisse.
368 2409 532 2489 Quorsum
568 2411 655 2472 onim
688 2409 979 2491 primogenituram
1012 2415 1180 2488 tantopere
1233 2408 1279 2490 pii
1302 2407 1441 2472 stabiliri
1462 2429 1572 2472 coram
1593 2409 1743 2485 Domino,
1768 2410 1914 2490 sequitur
1936 2431 2048 2472 eorum
2070 2411 2210 2474 salutem

207 2496 397 2573 affectasset,
420 2503 574 2577 tantoque
596 2495 740 2576 periculo
768 2495 935 2557 ambiisset
956 2493 1069 2570 Iacob,
1098 2513 1180 2573 quae
1233 2515 1307 2557 cum
1335 2493 1399 2557 Dei
1428 2495 1619 2558 aeternitate
1647 2516 1716 2558 esse
1744 2495 1958 2559 coniunctam.
2004 2496 2106 2577 Atqui
2139 2518 2209 2559 om-

206 2582 366 2658 cxsilium,
389 2589 422 2644 61
437 2587 567 2645 1661616
584 2602 650 2644 666
672 2580 909 2645 abdicationem
930 2579 978 2642 illi
1001 2579 1181 2642 conflatura
1232 2580 1309 2643 nino
1331 2601 1397 2643 non
1415 2588 1521 2661 potest
1538 2587 1624 2644 stare
1644 2601 1718 2661 spes
1735 2581 1805 2657 ista,
1825 2581 1888 2644 nisi
1910 2582 1943 2643 in
1962 2582 2209 2662 promissionem

206 2676 284 2746 erat,
306 2668 381 2731 boni
403 2688 480 2731 vero
495 2666 586 2729 'nihil
608 2687 739 2748 prorsus
762 2666 910 2742 allatura,
939 2665 1003 2727 nisi
1023 2663 1063 2728 ad
1087 2664 1180 2727 altio·
1233 2666 1401 2730 recumbat
1432 2687 1513 2746 quae
1552 2665 1638 2746 apud
1677 2665 1815 2730 lesaiam
1845 2667 1916 2748 (51,
1947 2668 1981 2747 1)
2021 2668 2205 2748 exponitur:

205 2775 276 2819 rem
308 2752 564 2818 benedictionem
596 2750 815 2833 respexisset?
865 2752 974 2832 Atque
1011 2770 1087 2814 eum
1119 2750 1179 2813 sibi
1234 2751 1332 2829 coeli,
1371 2752 1477 2832 inquit
1521 2751 1703 2828 Dominus,
1747 2753 1830 2816 siout
1868 2753 1976 2817 fumus
2014 2752 2206 2834 liquescent,

205 2860 337 2905 66666111
358 2839 467 2916 fuisse,
491 2837 669 2903 declaravit
691 2859 730 2901 ea
751 2859 846 2915 voce,
877 2857 975 2918 quam
997 2835 1180 2899 1111616111-
1233 2843 1322 2900 terra
1344 2838 1428 2902 sicut
1446 2836 1676 2901 vestimentum
1696 2843 1854 2902 atteretur
1872 2847 1905 2902 et
1921 2838 2118 2902 habitatores
2137 2839 2208 2902 eius
2285 2848 2289 2853 '

203 2946 274 2990 mos
302 2925 436 3006 spiritus
458 2923 572 2986 edidit:
603 2924 745 2987 salutare
772 2932 865 2986 tuum
894 2921 1086 3003 exspectabo
1112 2922 1180 2984 Do-
1233 2923 1316 2987 sicut
1349 2923 1429 2987 haec
1461 2923 1641 2986 interibunt
1648 2947 1656 3001 ;
1690 2924 1778 2988 salus
1807 2931 1916 2988 autem
1941 2945 2015 2988 mea
2041 2925 2076 2987 in
2104 2931 2210 2989 aeter-

204 3011 491 3092 16166((166.49,
517 3008 582 3094 118).
639 3008 748 3089 Quam
780 3009 919 3073 salutem
951 3013 1179 3088 exspectasset,
1233 3030 1313 3071 num
1336 3011 1450 3072 611161
1472 3008 1596 3072 iustitia
1624 3030 1783 3073 6166666
1811 3009 1950 3075 deliciet:
1982 3010 2039 3073 ubi
2067 3011 2210 3075 iustitiae

205 3117 306 3179 quum
328 3094 524 3177 intelligeret
546 3116 580 3158 66
592 3095 735 3159 66116616
747 3096 922 3176 exspirare,
946 3093 1009 3156 nisi
1019 3095 1054 3156 in
1077 3101 1180 3156 morte
1233 3115 1271 3159 ao
1293 3095 1389 3159 saluti
1412 3094 1565 3158 tribuitur
1586 3096 1793 3176 perpetuitas,
1823 3117 1890 3158 non
1917 3102 2077 3177 quatenus
2110 3116 2211 3177 penes

204 3182 336 3246 initium
358 3201 461 3244 novae
487 3181 575 3245 vitae
602 3180 769 3244 cerneret?
813 3178 964 3261 Ecquid
992 3178 1032 3242 de
1059 3179 1181 3243 sanetis
1232 3180 1343 3244 Deum
1370 3179 1527 3256 resident,
1556 3179 1613 3243 661
1647 3187 1807 3263 quatenus
1840 3182 1881 3245 ab
1915 3181 2102 3246 hominibus
2136 3203 2210 3246 sen-

205 3289 242 3333 ae
263 3267 338 3331 filiis
359 3267 424 3331 Dei
447 3265 674 3348 disceptamus,
698 3288 798 3348 quum
819 3265 975 3330 eiusmodi
994 3264 1190 3347 intelligen-.
1233 3266 1368 3329 tiuntur.

204 3354 268 3418 1166
301 3359 400 3436 gustu
431 3373 473 3415 66
505 3352 533 3416 16
565 3350 695 3433 quidem
728 3352 885 3426 caruerit,
918 3351 974 3432 qui
1008 3351 1178 3414 veritatem
1321 3355 1368 3414 16.
1413 3352 1532 3432 Neque
1550 3373 1626 3416 vero
1649 3351 1744 3415 aliter
1765 3354 1910 3434 66616616
1931 3353 2041 3430 116661,
2064 3373 2147 3434 quae
2169 3353 2210 3418 16

204 3459 392 3522 oppugnare
415 3437 534 3520 alioqui
555 3437 742 3502 nitebatur?
789 3436 878 3517 Quid
899 3438 987 3500 enim
1007 3436 1069 3500 6111
1090 3437 1179 3500 vole·
1225 3437 1377 3520 fidelium
1399 3458 1552 3519 prospero
1580 3459 1731 3502 successu
1751 3440 1873 3520 passim
1894 3439 1998 3517 canit,
2024 3439 2086 3502 nisi
2116 3441 2210 3502 utin

203 3525 260 3590 161
280 3525 418 3588 Balaam
440 3544 542 3605 quum
564 3522 686 3588 diceret
713 3522 825 3606 (Num.
846 3526 896 3600 23,
922 3522 991 3606 10):
1021 3523 1180 3586 moriatur
1232 3524 1379 3588 coelestis
1402 3523 1523 3606 gloriae
1541 3524 1835 3588 manifestationem
1855 3525 2071 3589 conferantur.
2117 3523 2208 3604 Qua-

204 3611 313 3674 anima
334 3632 408 3673 mea
429 3616 532 3673 morte
554 3611 727 3687 iustorum,
752 3617 785 3673 61
804 3611 887 3673 fiant
907 3609 1084 3672 novissima
1105 3629 1179 3671 mea
1230 3609 1276 3673 lia
1301 3618 1378 3673 sunt
1406 3608 1508 3692 (Psal.
1536 3614 1591 3686 97,
1616 3609 1685 3692 10):
1725 3610 1865 3674 custodit
1890 3610 2054 3674 Dominus
2083 3612 2209 3676 animas

204 3694 323 3761 similia
345 3695 478 3759 eorum?
507 3696 571 3760 nisi
593 3695 678 3777 quod
700 3695 861 3760 sentiebat
882 3695 930 3771 id,
960 3693 1046 3775 quod
1067 3696 1179 3775 postea
1231 3703 1418 3759 sanctorum
1450 3715 1598 3773 suorum;
1638 3695 1691 3760 de'
1709 3717 1810 3759 manu
1849 3697 2025 3776 peccatoris
2058 3694 2210 3759 liberabit

203 3780 313 3846 David
336 3780 493 3861 prodidit,
527 3783 702 3862 pretiosam
728 3803 798 3846 6666
825 3787 963 3844 61611661
992 3786 1179 3844 sanctorum
1231 3802 1293 3846 eos.
1339 3781 1417 3844 Lux
1450 3787 1522 3844 orta
1554 3789 1604 3844 est
1633 3782 1718 3845 iuste
1757 3792 1790 3845 61
1821 3783 1917 3846 rectis
1955 3780 2051 3845 corde
2082 3780 2210 3845 laetitia

169 3901 176 3917 ι
204 3868 424 3947 16666666616
439 3866 582 3946 Domini,
605 3874 744 3932 mortem
760 3888 838 3931 vero
855 3872 1061 3948 peccaterum
1077 3866 1178 3947 pessi·
1232 3866 1333 3951 (Psal.
1356 3870 1432 3944 112,
1453 3866 1496 3949 7).
1543 3867 1627 3930 Item
1657 3866 1701 3951 (v.
1723 3868 1771 3950 9);
1806 3868 1930 3933 16611116
1956 3866 2002 3948 pii
2033 3868 2208 3930 61666116

204 3952 510 4033 61661(Ρ661.116,
540 3957 584 4016 15.
608 3954 695 4016 Psal.
717 3958 766 4028 34,
787 3951 851 4036 2⁴2).
898 3950 936 4015 Si
957 3951 1073 4014 ultima
1092 3951 1180 4014 linea
1231 3951 1394 4017 saeculum
1418 3952 1552 4030 saeculi3
1586 3974 1687 4017 cornu
1709 3955 1779 4017 eius
1801 3953 1998 4017 exaltabitur
2023 3952 2059 4014 in
2088 3951 2206 4034 616116;

203 4044 238 4103 61
257 4046 345 4101 61616
366 4038 401 4109 16
423 4045 526 4102 616116
549 4039 663 4117 161661,
686 4040 814 4102 6611616
831 4040 865 4101 16
884 4059 923 4101 66
946 4037 1052 4100 notari
1069 4044 1179 4118 posset
1232 4037 1428 4102 desiderium
1438 4047 1644 4119 peccatorum
1656 4038 1782 4119 peribit.
1829 4039 1912 4102 Item
1931 4038 2204 4122 (Ρ661.140,14);

204 4123 378 4189 discrimen
400 4124 478 4186 iusti
499 4132 532 4187 et
552 4125 652 4206 impii.
697 4123 808 4201 Sorte,
838 4145 920 4205 quae
946 4131 1179 4204 postmortem
1230 4133 1456 4188 verumtamen
1478 4124 1554 4187 iusti
1573 4126 1814 4189 confitebuntur
1832 4124 1956 4187 nomini
1974 4134 2044 4200 tuo;
2078 4124 2206 4188 habitae

203 4217 357 4291 utrosque
380 4208 510 4273 diversa
531 4218 649 4287 manet,
673 4212 759 4274 inter
781 4231 816 4275 se
839 4209 1093 4292 distinguuntur.
1230 4210 1312 4274 bunt
1334 4209 1415 4274 recti
1435 4229 1511 4273 eum
1536 4209 1626 4273 vultu
1648 4220 1712 4275 tuo.
1758 4210 1839 4274 Item
1862 4209 1964 4294 (Psal,
1993 4213 2067 4288 112,
2087 4214 2134 4292 6):
2169 4211 2207 4272 in
2245 4260 2246 4263 ,

291 4300 339 4359 15.
390 4294 543 4359 Nondum
584 4296 671 4360 ultra
703 4297 819 4361 Mosen
857 4295 1022 4378 progressi
1054 4315 1176 4369 sumus,
1230 4296 1387 4358 memoria
1414 4302 1547 4359 aeterna
1573 4296 1634 4359 6111
1661 4297 1773 4362 iustam.
1820 4296 1905 4359 11661
1929 4294 2032 4379 (Psal.
2053 4301 2108 4372 34,
2133 4293 2202 4376 23);

203 4402 299 4464 quem
322 4381 374 4445 isti
397 4381 479 4444 nihil
502 4381 591 4446 aliud
618 4382 716 4446 officii
738 4382 890 4446 habuisse
912 4380 1050 4456 ducunt,
1080 4399 1178 4459 quam
1230 4381 1369 4445 redimet
1397 4381 1559 4445 Dominus
1596 4381 1722 4447 animas
1758 4403 1925 4446 servorum
1956 4403 2096 4446 suorum.
2150 4379 2205 4444 Si-

202 4473 240 4530 61
260 4467 423 4532 carnalem
451 4467 620 4549 666616161
634 4469 704 4551 agri
731 4469 879 4532 ubertate
906 4485 1079 4546 rerumque
1109 4485 1177 4527 om·
1230 4466 1360 4547 quidem
1383 4487 1493 4530 servos
1515 4488 1590 4531 suos
1610 4468 1772 4531 Dominus
1794 4468 1967 4549 impiorum
1988 4466 2121 4542 libidini
2137 4488 2205 4529 non

201 4553 293 4616 nium
315 4554 407 4634 copia
429 4553 468 4617 ad
492 4552 663 4618 colendum
675 4555 784 4617 Deum
801 4551 978 4627 induceret,
1002 4556 1176 4630 ettamen,
1229 4551 1395 4616 vexandos
1417 4551 1521 4629 modo,
1551 4553 1609 4617 sed
1631 4553 1820 4618 lacerandos
1842 4553 2085 4636 perdendosque
2108 4573 2204 4633 saepe

202 4638 265 4703 nisi
293 4640 365 4721 quis
398 4647 511 4720 sponte
539 4647 643 4703 semet
671 4640 861 4702 offerentem
893 4636 999 4700 lucem
1027 4635 1176 4718 refugiat,
1229 4639 1396 4719 permittit.
1441 4637 1480 4701 In
1504 4640 1646 4704 tenebris
1669 4648 1702 4703 et
1719 4639 1879 4720 squallore
1901 4640 2057 4721 languere
2078 4640 2205 4719 patitur

201 4725 458 4807 perspicaciam
487 4734 594 4789 exstat
621 4722 798 4806 spiritualis
820 4722 958 4785 foederis
992 4719 1175 4787 declaratio.
1230 4725 1339 4799 bonos,
1363 4723 1440 4787 dum
1460 4725 1550 4806 impii
1573 4747 1676 4806 paene
1697 4727 1783 4788 inter
1805 4724 1915 4788 stellas
1939 4725 2114 4808 refulgent;
2143 4744 2202 4788 noc

203 4807 299 4899 Quod
321 4811 349 4874 si
371 4810 412 4874 ad
433 4811 609 4892 prophetas
631 4808 878 4899 descendamus,
901 4806 967 4870 illie
989 4806 1177 4888 plenissimo
1229 4810 1301 4873 illos
1323 4811 1370 4873 116
1391 4810 1502 4874 161166
1525 4812 1575 4875 661
1597 4812 1771 4876 serenitate
1794 4810 1971 4889 exhilarat,
1990 4821 2027 4874 ut
2048 4810 2204 4875 diuturna

202 4895 327 4979 fulgore
350 4903 383 4959 et
404 4898 473 4960 vita
490 4903 623 4960 aeterna
640 4903 673 4959 61
690 4915 828 4978 1666616
846 4891 971 4957 christi
993 4915 1027 4956 se
1045 4895 1176 4975 profert.
1229 4895 1354 4960 laetitia
1370 4896 1530 4959 fruantur.
1576 4895 1798 4976 Quamobrem
1815 4917 1857 4959 ne
1875 4897 1943 4978 ipse
1962 4897 2093 4977 quidem
2110 4895 2204 4958 dissi-

203 4981 254 5045 Ae
274 4981 418 5061 primum
439 4981 565 5059 David,
588 4982 652 5062 qui,
676 4988 714 5044 ut
734 4989 880 5061 tempore
902 4977 974 5042 aliis
996 4979 1058 5042 fuit
1081 5001 1176 5061 6666-
1229 4981 1347 5056 616161,
1377 4982 1404 5045 61
1426 4982 1461 5044 16
1483 4991 1687 5063 praesentem
1715 5002 1826 5045 rerum
1855 4991 1976 5045 statum
1998 4983 2106 5047 oeulos
2126 4979 2205 5044 defi-

204 5067 278 5143 rior,
301 5066 347 5129 ita
368 5087 427 5149 pro
449 5066 561 5130 ordine
583 5065 712 5131 divinae
735 5065 997 5147 dispensationis,
1027 5064 1178 5131 coelestia
1230 5074 1311 5150 6661
1343 5066 1470 5146 fideles,
1505 5069 1700 5150 gravissima
1733 5067 1912 5131 tentatione
1939 5068 2126 5149 perculsum
2154 5067 2204 5144 iri,

205 5153 362 5234 mysteria
383 5153 551 5217 obscurius
568 5173 666 5234 quam
684 5152 732 5215 illi
750 5151 965 5226 adumbravit,
984 5158 1107 5232 quanta
1128 5162 1177 5216 ta—
1230 5174 1268 5218 ac
1290 5153 1319 5217 61
1342 5153 1433 5217 nulla
1455 5159 1540 5217 esset
1561 5153 1764 5218 innocentiae
1786 5152 1872 5234 apud
1890 5154 2000 5217 Deum
2018 5154 2125 5236 gratia
2147 5174 2206 5217 nee

205 5256 281 5299 men
313 5238 543 5321 perspicuitate
574 5258 612 5302 ae
639 5237 832 5302 certitudine
866 5235 908 5300 ad
939 5257 1014 5300 eum
1043 5257 1178 5321 scopum
1230 5258 1363 5303 merces.
1409 5238 1501 5303 Adeo
1519 5239 1669 5321 impietas
1687 5245 1724 5302 ut
1741 5238 1921 5319 plurimum
1937 5247 2146 5321 prosperatur
2168 5259 2206 5302 66
