4770 6030
184 375 245 438 125
868 368 968 435 CAP.
987 368 1049 436 IV.
1091 368 1157 436 DE
1179 364 1518 435 SACRAMEN'HS.
2135 377 2196 439 126

183 569 217 628 11
237 560 409 644 sanguinis
430 567 586 645 urgeant,
614 560 686 643 quis
715 566 827 624 tamen
849 580 949 624 sanus
976 564 1010 624 et
1037 560 1164 624 sobrius
1215 566 1422 643 terpretatur,
1444 565 1584 624 mortem
1601 559 1735 623 Domini
1757 559 1914 625 nunciare
1920 583 1929 639 ;
1951 560 1984 624 id
2006 569 2115 625 antem
2136 572 2196 644 est,

182 668 299 730 corpus
322 645 461 724 Christi,
492 645 663 711 Christum
685 646 746 711 sibi
767 667 839 711 csse
860 643 1075 728 persuadeat?
1123 642 1164 730 [p.
1215 645 1343 727 publice
1375 651 1471 728 atquc
1497 665 1564 709 uno
1592 644 1690 710 simul
1723 666 1835 712 omnes
1862 666 1918 710 ore
1949 645 2060 729 palam
2089 648 2195 730 fateri,

183 746 245 800 250
280 732 447 797 Videntur
457 731 589 815 quidem
598 731 631 796 id
650 732 712 797 sibi
729 732 797 797 suis
814 731 1011 816 syllogismis
1027 730 1164 812 pulchre
1216 737 1318 797 totam
1338 733 1427 797 vitae
1449 752 1487 796 ac
1504 730 1619 797 salutis
1634 731 1789 797 fiduciam
1806 732 1843 795 in
1862 738 1967 796 morte
1983 732 2118 797 Domini
2139 757 2197 818 po-

183 840 220 887 co
268 839 356 898 cere;
378 839 496 883 verum
515 818 543 882 si
564 839 678 883 eorum
695 817 909 884 conscientias
932 817 1082 900 graviore
1105 816 1164 882 ali·
1217 819 1313 882 sitam
1334 819 1427 882 nobis
1449 838 1534 896 esse;
1562 823 1601 882 ut
1621 823 1735 882 nostra
1759 816 1854 882 illum
1875 818 2076 884 confessione
2097 821 2197 902 glori·

183 926 246 989 quo
268 926 367 970 sensu
389 905 535 969 exerceri
556 905 738 987 contingat,
761 903 856 968 facile
878 925 953 968 cum
975 904 1043 967 suis
1064 902 1164 987 11111-
1215 904 1351 969 ficamus
1374 910 1407 967 et
1428 903 1508 968 ahos
1529 908 1641 969 nostro
1659 903 1808 985 exemplo
1830 902 1873 967 ad
1894 901 2036 969 dandam
2057 903 2105 968 illi
2127 907 2197 990 glo-

183 991 296 1076 gismis
306 991 534 1074 percellentur,
554 990 781 1068 dissolventur,
796 990 990 1072 liquescent;
1006 989 1064 1054 ubi
1076 996 1164 1055 certo
1216 989 1300 1053 riam
1322 990 1541 1054 exhortemur.
1586 989 1653 1055 Hic
1675 995 1810 1072 apparet
1830 1011 1977 1069 rursum,
2002 1011 2065 1072 quo
2087 1001 2197 1058 11111-

183 1077 248 1144 Dei
276 1078 377 1143 verbo
404 1076 498 1141 defici
526 1098 561 1141 se
587 1075 746 1141 videbunt
779 1073 857 1158 (quo
884 1097 950 1138 uno
980 1076 1165 1140 consistunt
1215 1076 1319 1140 menti
1335 1097 1451 1158 scopus
1473 1081 1604 1158 spectet,
1627 1096 1744 1157 nempe
1765 1082 1803 1139 ut
1818 1096 1878 1140 nos
1893 1076 1929 1139 in
1946 1078 2061 1141 mortis
2072 1074 2197 1144 Christi

184 1165 313 1229 animae
334 1169 475 1240 nostrae,
498 1183 573 1226 cum
596 1161 637 1226 ad
659 1162 820 1226 rationem
844 1168 1013 1239 vocantur,
1038 1166 1071 1225 et
1093 1162 1164 1225 sinc
1216 1163 1373 1225 memoria
1390 1168 1548 1226 exerceat.
1579 1160 1676 1242 Quod
1697 1162 1783 1225 enim
1804 1161 1956 1227 iubemur
1972 1170 2111 1227 mortem
2127 1163 2196 1229 Do·

182 1269 245 1333 quo
266 1250 372 1331 primo
394 1268 520 1331 quoquc
541 1254 706 1312 momento
726 1246 929 1331 labascunt),
958 1247 1014 1312 ubi
1036 1251 1163 1330 aposto·
1216 1248 1298 1310 mini
1319 1248 1534 1325 annunciare,
1558 1247 1661 1313 donec
1683 1246 1958 1313 adiudicandum
1978 1250 2105 1327 veniat,
2128 1271 2197 1315 non

183 1335 291 1400 lorum
312 1334 495 1399 doctrinam
515 1340 549 1398 ct
569 1333 720 1416 exempla
740 1332 802 1398 sibi
823 1332 1064 1409 adversari„se
1085 1352 1164 1398 vero
1217 1332 1305 1397 ahud
1327 1340 1385 1412 cst,
1407 1334 1470 1398 nisi
1489 1340 1528 1397 ut
1548 1334 1613 1398 oris
1635 1333 1836 1399 confessione
1855 1332 2088 1415 praedicemus,
2111 1335 2198 1416 quod

186 1421 271 1488 solos
297 1420 358 1485 sibi
387 1427 516 1484 autores
543 1441 623 1484 esse.
672 1418 840 1484 Accedent
862 1418 904 1484 ad
933 1418 1016 1483 tales
1044 1418 1164 1501 impul·
1215 1418 1298 1483 fides
1318 1426 1431 1484 nostra
1451 1421 1487 1483 in
1509 1425 1712 1485 sacramento
1733 1421 1882 1503 agnovit:
1912 1426 2052 1484 mortem
2073 1420 2196 1487 scilicet

186 1528 242 1572 sus
265 1515 298 1570 ct
325 1506 382 1570 alii
403 1527 470 1569 non
490 1505 579 1571 leves
608 1505 739 1570 stimuli.
785 1502 897 1584 Quid?
932 1505 989 1569 An
1016 1526 1069 1570 res
1093 1511 1165 1569 erat
1217 1503 1342 1569 Christi
1368 1512 1515 1570 nostram
1540 1527 1611 1570 csse
1643 1506 1754 1570 vitam.
1806 1505 1872 1570 Hic
1899 1505 2061 1570 secundus
2087 1528 2196 1572 sacra·

183 1591 308 1657 nullius
328 1591 495 1667 momenti,
516 1592 627 1656 Deum
644 1591 706 1657 hac
727 1591 833 1655 iorma
854 1590 999 1667 adorare,
1022 1598 1059 1654 ut
1079 1590 1164 1654 nihil
1216 1593 1320 1655 menti
1341 1613 1435 1670 usus,
1463 1592 1521 1673 qui
1548 1591 1590 1654 ad
1617 1599 1789 1656 externam
1810 1591 2046 1656 confessionem
2068 1594 2194 1659 attinet

184 1678 278 1744 nobis
298 1676 594 1761 praescriberem?
624 1698 667 1743 an
688 1683 783 1742 tanta
808 1677 942 1743 levitate
963 1677 1070 1741 ficerat
1091 1683 1163 1740 ten·
1216 1676 1327 1741 'Pertio
1350 1687 1383 1741 et
1404 1677 1640 1742 exhortationis
1661 1679 1732 1742 vice
1749 1677 1844 1742 nobis
1863 1677 2026 1742 Dominus
2045 1699 2116 1743 esse
2136 1700 2195 1745 vo·

184 1763 331 1842 tandum,
353 1762 393 1827 de
415 1784 478 1845 quc
499 1763 629 1828 nullum
644 1784 784 1846 usquam
798 1764 936 1828 verbum
954 1764 1077 1828 factum
1093 1763 1163 1826 fue·
1216 1762 1289 1826 luit:
1318 1785 1383 1846 qua
1411 1763 1504 1827 nulla
1530 1763 1757 1828 vehementius
1785 1761 1827 1827 ad
1856 1764 2041 1842 caritatem,
2069 1785 2193 1846 pacem,

184 1856 245 1929 rat,
270 1870 346 1914 cum
367 1848 407 1913 de
429 1848 519 1914 cultu
541 1871 579 1914 ac
600 1849 705 1933 gloria
724 1849 790 1913 Dei
811 1846 985 1932 ageretur?
1129 1921 1131 1925 ,
1215 1869 1419 1928 eonsensum,
1440 1850 1587 1913 animare
1603 1871 1664 1913 nos
1680 1850 1949 1931 inflammareque
1965 1851 2074 1931 possit.
2107 1851 2195 1915 Nam

270 1937 462 2011 Praeterea,
495 1956 571 2000 oum
598 1936 759 2018 scriptura
785 1933 911 2000 Christi
939 1935 1164 2000 ascensionem
1216 1936 1262 1999 sic
1291 1956 1387 2000 suum
1414 1935 1481 1999 illic
1509 1956 1626 2017 corpus
1655 1936 1749 1999 nobis
1775 1935 1938 2000 Dominus
1966 1938 2193 2015 communicat,

183 2020 359 2104 diligenter
384 2021 478 2085 nobis
498 2022 716 2099 enarraverit,
739 2041 804 2102 qua
831 2022 974 2103 corporis
996 2021 1046 2084 sui
1069 2041 1163 2102 prae-
1215 2029 1253 2084 ut
1273 2042 1377 2085 unum
1397 2041 1531 2103 prorsus
1552 2021 1722 2086 nobiscum
1743 2023 1809 2101 fiat,
1833 2042 1956 2104 nosque
1976 2042 2051 2085 cum
2067 2020 2131 2086 illo.

183 2107 325 2174 sentiam
358 2129 378 2171 a
411 2113 587 2189 conspectu
618 2113 730 2171 nostro
759 2106 1055 2189 consuetudineque
1087 2105 1163 2171 sub-
1301 2107 1414 2184 Porro,
1437 2127 1513 2172 cum
1533 2128 1601 2170 non
1620 2107 1685 2171 nisi
1706 2123 1811 2173 unum·
1831 2107 1881 2171 illi
1900 2128 2017 2190 corpus
2039 2108 2081 2172 sit
2102 2109 2195 2173 cuius

183 2192 291 2272 duxit3
321 2214 384 2275 quo
412 2191 505 2258 nobis
527 2214 659 2257 omnem
686 2191 727 2257 de
749 2213 787 2257 eo
808 2193 974 2258 carnalem
995 2192 1163 2275 cogitatio·
1216 2213 1276 2258 nos
1293 2213 1407 2257 omnes
1427 2193 1601 2275 participes
1620 2192 1706 2272 iacit,
1730 2215 1861 2258 necesse
1879 2201 1930 2258 est
1950 2200 1984 2257 et
2004 2215 2065 2258 nos
2082 2214 2195 2259 omnes

183 2300 262 2344 nem
289 2284 458 2344 excuteret
479 2276 563 2363 (Col.
589 2278 623 2365 3)
646 2285 679 2342 et
706 2279 830 2362 quoties
852 2276 978 2344 Christi
1004 2278 1162 2355 meminit,
1216 2300 1319 2343 unum
1348 2299 1465 2361 corpus
1488 2277 1674 2343 huiusmodi
1690 2279 1937 2361 participatione
1958 2280 2038 2343 fieri.
2085 2277 2195 2360 Quam

183 2365 349 2430 mentibus
381 2386 512 2429 sursum
539 2365 622 2448 erigi
652 2371 784 2428 moneat
813 2360 846 2428 ct
876 2365 985 2446 ipsum
1012 2365 1048 2428 in
1076 2363 1164 2429 coelo
1216 2365 1376 2429 unitatem
1396 2371 1621 2448 repraesentat
1642 2359 1684 2462 [p.
1708 2362 1785 2450 258]
1809 2365 1917 2446 panis,
1945 2367 2001 2448 qui
2028 2365 2063 2429 in
2086 2385 2194 2431 sacra

186 2472 341 2534 quaerere
363 2449 531 2514 sedentem
552 2451 588 2513 in
609 2451 712 2532 patris
734 2448 883 2528 dextera,
907 2457 978 2515 erat
998 2450 1106 2531 potius
1127 2448 1163 2512 in
1215 2458 1365 2516 mentum
1386 2450 1559 2516 exhibetur
1565 2474 1574 2530 ;
1596 2472 1651 2534 qtu
1673 2449 1765 2514 velut
1785 2471 1828 2514 ex
1848 2451 1960 2515 multis
1983 2451 2094 2534 granis
2116 2473 2194 2517 con-

185 2537 348 2602 coelorum
368 2535 472 2620 gloria
493 2537 706 2618 spiritualiter
727 2535 927 2615 adorandus,
949 2557 1048 2617 quam
1068 2555 1163 2600 exco-
1215 2536 1318 2603 fectus
1340 2543 1404 2616 est;
1426 2538 1472 2602 sic
1494 2537 1678 2602 commixtis
1700 2535 1904 2618 coniimisquc
1925 2557 1968 2600 ne
1989 2537 2130 2601 alterum
2151 2537 2192 2602 ab

186 2621 357 2706 gitandum
384 2620 472 2687 istud
493 2628 562 2686 tam
586 2620 803 2704 periculosum
827 2621 1024 2687 adorationis
1048 2642 1161 2704 genus,
1215 2623 1316 2687 altero
1334 2623 1518 2688 discernere
1534 2622 1643 2688 liceat:
1662 2624 1698 2685 in
1715 2622 1804 2687 hunc
1822 2621 1956 2685 modum
1972 2629 2006 2686 et
2022 2644 2082 2687 nos
2100 2629 2194 2688 tanta

184 2708 320 2791 plenum
341 2708 483 2773 carnalis
510 2728 701 2790 crassaeque
730 2705 770 2772 dc
791 2708 864 2772 Deo
886 2715 919 2771 ct
940 2706 1073 2772 Christo
1094 2708 1163 2790 opi·
1215 2711 1405 2773 animorum¹
1423 2710 1635 2775 consensione
1663 2709 1851 2773 coniunctos
1875 2728 2102 2790 connexosque
2122 2730 2194 2784 1111

185 2795 302 2859 nionis.
347 2792 458 2874 Quare
485 2796 541 2876 qui
563 2795 758 2860 sacramenti
786 2792 1008 2858 adorationem
1034 2793 1163 2875 excogi-
1216 2794 1316 2871 dccet,
1339 2815 1382 2859 ne
1404 2795 1483 2878 quid
1505 2794 1629 2860 dissidii
1650 2802 1708 2859 aut
1729 2793 1896 2859 divisionis
1917 2792 2107 2858 intercedat
2152 2793 2193 2857 Id

186 2887 301 2943 tarnnt
323 2877 363 2965 [p.
382 2877 477 2966 251],
508 2900 580 2944 eam
610 2902 630 2944 a
657 2901 692 2944 se
720 2881 799 2962 ipsis
828 2881 1046 2958 somniarunt,
1081 2879 1164 2943 citra
1215 2880 1312 2945 Pauli
1333 2881 1441 2947 verbis
1464 2880 1497 2966 (l
1511 2879 1585 2945 Cor.
1600 2880 1653 2979 10)
1683 2880 1840 2962 explicari
1860 2878 1955 2943 malo.
2000 2878 2111 2957 Calix,
2141 2880 2192 2942 in-

185 2966 396 3047 scripturam,
426 2967 461 3029 in
490 2986 555 3047 qua
581 2965 673 3029 nulla
699 2965 796 3030 huius
818 2965 1015 3031 adorationis
1041 2964 1163 3029 mentio
1215 2967 1300 3049 quit,
1331 2966 1565 3032 benedictionis
1594 2988 1645 3031 cur
1673 2965 1910 3044 benedicimus,
1943 2966 2193 3031 communicatio

184 3048 313 3115 ostendi
339 3058 461 3134 potest;
494 3071 577 3133 quae
604 3073 683 3116 sane
716 3073 783 3116 uon
810 3059 897 3117 esset
923 3050 1162 3133 praetenuissa,
1216 3060 1265 3117 cst
1292 3053 1463 3136 sanguinis
1484 3051 1624 3129 Christi,
1653 3059 1687 3116 et
1713 3053 1807 3135 panis
1833 3051 2067 3117 benedictionis
2095 3072 2193 3134 quem

184 3136 302 3202 siDeo
322 3144 454 3219 accepta
474 3137 597 3202 fuisset.
626 3137 740 3219 quue
756 3138 866 3202 Deum
888 3143 1162 3220 contempserunt,
1214 3139 1411 3222 frangimus,
1440 3138 1643 3220 participatio
1665 3146 1715 3202 est
1735 3139 1877 3222 corporis
1899 3136 2032 3203 Christi.
2076 3138 2193 3220 Itaque

183 3222 240 3305 qni
260 3222 441 3305 scripturae
468 3244 546 3287 suae
567 3220 687 3287 addere
714 3244 781 3287 non
802 3224 912 3288 minus
933 3230 1037 3301 vetat,
1065 3243 1164 3304 quam
1214 3246 1319 3289 unum
1339 3245 1456 3307 corpus
1477 3245 1604 3302 sumus,
1631 3244 1759 3302 omncs,
1787 3226 1842 3306 qui
1864 3223 1905 3288 de
1925 3246 1990 3288 uno
2011 3245 2095 3306 pane
2116 3244 2192 3305 par·

183 3329 226 3372 ex
248 3329 287 3372 ea
309 3308 485 3391 quidquam
502 3308 674 3373 detrahere
690 3308 802 3393 (Dent.
828 3308 892 3393 12).
922 3309 972 3374 Ac
989 3309 1069 3374 dum
1085 3330 1163 3373 snae
1215 3311 1394 3393 ticipamus.
1439 3309 1613 3374 Praeclare
1639 3330 1718 3376 vero
1739 3311 1775 3374 in
1796 3317 1999 3375 sacramento
2020 3308 2192 3391 profeceri-

184 3392 246 3458 sibi
272 3392 417 3460 libidinis
452 3394 585 3458 arbitrio
610 3394 719 3459 Deum
746 3395 894 3460 fabricati
916 3403 1021 3473 sunt,
1046 3393 1162 3460 dereli·
1214 3418 1301 3474 mus,
1331 3397 1358 3460 si
1379 3398 1538 3478 impressa
1560 3396 1786 3479 insculptaque
1808 3396 1925 3460 animis
1953 3395 2072 3459 nostris
2094 3394 2193 3457 fuerit

183 3487 326 3560 qucrrmt
345 3480 455 3544 Deum
483 3481 662 3559 viventem;
698 3481 857 3562 siquidem
887 3481 957 3546 cius
984 3480 1070 3546 dona
1103 3502 1162 3564 pro
1214 3482 1295 3548 haec
1317 3481 1482 3565 cogitatio:
1505 3503 1573 3545 non
1590 3502 1684 3564 posse
1706 3504 1726 3546 a
1747 3481 1840 3546 nobis
1862 3501 2047 3563 quenquam
2063 3501 2105 3543 ex
2126 3479 2192 3542 fra-

184 3563 296 3629 datore
317 3566 388 3649 ipso
410 3566 587 3631 colucrrmt.
632 3567 697 3632 Ubi
721 3567 891 3649 dupliciter
912 3574 1081 3649 peccatum
1102 3573 1160 3631 est.
1214 3563 2191 3646 1111111111,1111111111,11111111111111111111111111111111

183 3651 269 3716 Nam
291 3660 326 3717 ct
348 3651 454 3715 honor
474 3653 546 3717 Deo
568 3660 696 3735 raptus,
725 3652 768 3718 ad
789 3658 973 3718 creaturam
992 3652 1162 3719 traductus
1214 3653 1343 3732 offendi,
1365 3655 1445 3737 quin
1462 3653 1560 3719 simul
1577 3655 1613 3717 in
1634 3674 1672 3718 eo
1689 3653 1858 3719 Christum
1879 3650 2056 3728 laedamus,
2079 3649 2191 3714 hadu-

183 3744 247 3815 111,
268 3745 302 3801 11
322 3739 392 3820 ipse
414 3738 513 3802 etiam
534 3739 570 3801 in
591 3739 714 3821 polluto
734 3761 771 3804 ac
791 3738 961 3821 profanato
983 3739 1161 3821 suobene·
1214 3761 1341 3817 camus,
1369 3738 1549 3817 rideamus,
1579 3745 1838 3815 contemnamus;
1866 3758 1933 3801 non
1961 3757 2055 3819 posse
2084 3755 2143 3801 nos
2172 3757 2193 3801 a

183 3823 256 3887 ficio
283 3823 512 3901 inhonoratus,
541 3823 619 3889 dum
648 3846 690 3888 ex
718 3835 831 3891 sancto
859 3825 928 3889 eius
957 3831 1161 3890 sacramento
1213 3825 1368 3890 fratribus
1386 3824 1551 3905 dissidere,
1574 3826 1653 3907 quin
1670 3825 1768 3890 simul
1783 3822 1946 3890 aChristo
1963 3821 2191 3901 dissideamus;
2220 3838 2225 3854 ·

183 3908 306 3973 factum
335 3915 386 3974 est
412 3909 594 3974 execrabile
614 3910 746 3976 idolum.
790 3910 859 3975 Nos
881 3932 899 3974 1
920 3930 1090 3990 converso,
1118 3933 1161 3974 ne
1215 3911 1385 3977 Christum
1407 3932 1427 3975 a
1448 3910 1541 3976 uobis
1563 3910 1654 3994 diligi
1676 3933 1743 3975 non
1758 3931 1861 3993 posse,
1884 3910 1963 3990 quin
1983 3908 2138 3992 diligatur
2156 3908 2191 3972 in

182 3995 219 4058 in
241 3993 379 4060 eandem
400 3994 581 4060 incidamus
601 3997 745 4075 foveam,
774 4018 883 4075 aures,
907 3995 1030 4075 oculos,
1052 3996 1160 4074 corda,
1212 3997 1383 4076 fratribus;
1405 3996 1534 4079 qualem
1553 3998 1696 4078 corporis
1711 3997 1816 4061 nostri
1835 4016 1947 4060 curum
1966 3996 2118 4078 gerimus,
2141 4003 2191 4058 ta-

114 4091 118 4096 '
182 4087 324 4159 mentes,
356 4081 502 4165 linguas,
535 4083 666 4164 penitus
699 4082 879 4166 defigamus
910 4083 945 4145 in
977 4104 1070 4148 sacra
1096 4082 1162 4146 Dei
1212 4083 1278 4149 lem
1303 4083 1443 4148 fratrum
1470 4104 1596 4166 quoque
1622 4083 1815 4166 gerendam,
1851 4082 1904 4163 qui
1932 4081 2080 4146 membra
2115 4091 2191 4143 sunt

183 4165 340 4232 doctrina.
383 4167 447 4232 Est
474 4167 563 4231 enim
591 4189 631 4232 ea
652 4168 785 4251 spiritus
807 4169 926 4245 sancti,
956 4169 1070 4251 optimi
1090 4190 1161 4233 ma·
1213 4169 1355 4252 corporis
1377 4169 1489 4233 nostri.
1522 4167 1692 4250 Quomodo
1713 4169 1805 4233 nulla
1826 4168 1969 4250 corporis
1989 4168 2093 4231 nostri
2113 4184 2190 4247 pars

183 4251 286 4335 gistri,
306 4252 425 4332 schola,
443 4254 480 4317 in
496 4274 560 4335 qua
571 4255 617 4319 sic
627 4255 805 4337 proficitur,
823 4260 861 4320 ut
877 4253 961 4318 nihil
977 4254 1020 4319 sit
1031 4252 1161 4319 aliunde
1213 4255 1320 4337 aliquo
1342 4254 1461 4319 doloris
1477 4276 1575 4319 sensu
1591 4256 1746 4339 tangitur,
1769 4254 1824 4338 qui
1841 4275 1907 4317 non
1928 4254 1963 4316 in
1980 4252 2060 4316 alias
2077 4270 2190 4314 omnes

183 4338 416 4417 asciscendum,
439 4339 659 4423 ignorandum
678 4361 757 4407 vero
777 4340 925 4418 libenter,
948 4339 1103 4423 quidquid
1125 4340 1161 4404 in
1213 4340 1428 4418 diffundatur,
1461 4341 1508 4405 ita
1536 4361 1603 4405 non
1634 4340 1806 4405 ferandum
1838 4361 1909 4404 csse
1936 4340 2072 4403 11111111
2102 4333 2189 4400 malo

182 4444 223 4487 ea
243 4444 310 4488 non
332 4423 473 4490 docetur.
1213 4427 1320 4510 aliquo
1353 4427 1454 4505 affici,
1488 4428 1579 4492 cuius
1611 4448 1677 4491 non
1710 4433 1743 4491 et
1775 4428 1838 4508 ipsi
1864 4424 2084 4506 compassione
2114 4428 2188 4483 tan·

268 4509 438 4576 Hactenus
468 4509 696 4591 dissenumus,
726 4511 886 4596 quomodo
912 4518 1044 4576 nostrae
1074 4511 1160 4595 apud
1213 4535 1338 4598 gamar.
1921 4510 1926 4522 '

180 4594 293 4659 Deum
319 4595 395 4661 fidei
422 4598 552 4662 serviat.
597 4596 738 4679 Quando
765 4603 874 4663 autem
900 4599 936 4662 in
957 4604 1160 4663 sacramento
1300 4597 1340 4685 [p.
1361 4596 1437 4685 254]
1472 4596 1694 4679 Quamobrem
1715 4619 1783 4662 non
1815 4597 1872 4662 abs
1904 4615 1940 4658 11
1972 4592 2186 4675 Augustinus,

149 4697 156 4717 *
181 4680 243 4746 hoc
263 4687 392 4747 tantam
408 4703 486 4748 suae
503 4683 657 4748 bonitatis
673 4683 869 4767 largitatem,
891 4691 1049 4767 quantam
1068 4684 1160 4767 prius
1211 4686 1307 4751 toties
1329 4690 1570 4751 sacramentum
1591 4684 1654 4750 hoc
1675 4682 1818 4767 appellat
1842 4679 1987 4746 caritatis
2008 4676 2185 4743 vinculum.

180 4769 422 4847 enarravimus,
451 4769 544 4833 nobis
570 4770 606 4833 in
632 4771 824 4835 memoriam
842 4770 1007 4834 Dominus
1028 4777 1160 4835 revocat
1211 4769 1295 4852 Quis
1317 4772 1405 4836 enim
1433 4771 1538 4836 acrior
1564 4769 1730 4836 admoveri
1751 4766 1901 4833 stimulus
1922 4770 2049 4846 poterat
2069 4762 2112 4828 ad
2129 4785 2186 4828 ex·

181 4861 214 4916 et
236 4853 278 4917 ad
300 4875 373 4919 eam
395 4853 636 4938 agnoscendam
653 4877 713 4921 nos
735 4856 864 4935 excitat,
888 4856 984 4921 simul
1007 4856 1160 4922 admonet
1211 4856 1377 4922 citandam
1397 4864 1547 4922 mutuam
1571 4857 1659 4920 inter
1685 4875 1744 4919 nos
1773 4854 1956 4929 caritatem,
1984 4871 2082 4932 quam
2108 4849 2187 4913 dum

180 4959 222 5003 nc
243 4947 313 5004 tam
332 4941 455 5006 effusae
483 4941 678 5023 benignitati
700 4943 823 5026 ingrati
844 4943 954 5007 simus.
993 4940 1084 5022 Quin
1101 4963 1158 5024 po-
1211 4941 1364 5008 Christus
1386 4964 1421 5007 se
1442 4943 1551 5025 ipsum
1570 4941 1665 5006 nobis
1682 4939 1817 5018 donans,
1840 4958 1907 5001 non
1928 4935 2024 5001 modo
2046 4956 2104 5000 suo
2126 4955 2186 4999 nos

181 5024 247 5090 tius
268 5047 349 5105 cam,
372 5026 489 5108 quibus
510 5047 570 5109 par
586 5034 637 5092 est
657 5026 816 5107 laudibus,
842 5025 1158 5178 [11191111εῶ11-
1211 5027 1375 5110 exemplo,
1403 5036 1441 5092 ut
1461 5028 1544 5093 alter
1571 5027 1665 5092 alteri
1686 5047 1746 5090 nos
1767 5030 1881 5089 mutuo
1908 5022 2127 5089 devovcamus
2148 5040 2187 5085 ac

180 5130 255 5175 mus
283 5119 317 5176 et
337 5114 518 5196 gratiarum
547 5113 673 5178 actione
695 5113 902 5180 celebremus.
966 5120 1062 5198 taque
1084 5134 1159 5179 cum
1210 5113 1378 5180 tradamus
1393 5115 1520 5192 invitat,
1540 5112 1597 5178 scd
1614 5118 1773 5195 quatenus
1791 5130 1826 5175 se
1841 5109 1920 5174 facit
1936 5109 2082 5172 omnium
2098 5126 2186 5171 com·

182 5199 378 5263 sacramenti
396 5199 498 5280 ipsius
519 5199 705 5264 institutum
727 5199 879 5282 apostolis
896 5198 1048 5279 traderet,
1070 5206 1109 5264 ut
1125 5198 1159 5264 id
1209 5221 1357 5280 munem,
1386 5221 1447 5266 nos
1474 5220 1600 5283 quoquc
1625 5218 1737 5262 omnes
1763 5217 1868 5261 unum
1891 5196 1928 5259 in
1955 5216 1990 5260 se
2017 5195 2088 5278 ipso
2116 5213 2187 5257 esse

181 5282 218 5345 in
239 5284 289 5348 sni
310 5285 501 5350 memoriam
521 5285 676 5365 lacerent,
699 5284 815 5352 docuit
844 5284 943 5366 Quod
963 5285 1089 5353 Paulus
1107 5285 1158 5350 in-
1210 5285 1308 5353 facit?
1353 5286 1401 5351 At
1421 5280 1693 5369 quamadmodum
1714 5302 1845 5349 sacrum
1864 5281 1954 5347 hunc
1975 5301 2094 5364 panem
2115 5298 2187 5345 coe·
