4770 6030
211 331 273 393 315
767 322 1052 391 ,INSTITUTIO
1074 323 1178 388 aaa.
1203 321 1641 392 mammatae-1554.
2155 327 2217 389 316

1917 436 2116 507 lambam
2135 437 2217 492 021.

211 538 282 582 case
315 516 396 581 duas
428 516 591 579 humanae
622 514 750 578 animae
783 521 908 597 partes,
940 533 1023 596 quae
1056 511 1187 595 quidem
1211 510 1214 539 '
1239 511 1343 576 fenrla
1365 511 1490 577 domari
1513 520 1546 577 et
1571 513 1730 596 paulatim
1757 425 1923 597 profligaii
1944 521 2049 596 queat
2090 513 2219 579 Volun-

210 604 373 685 praesenti
394 602 542 666 instituto
565 600 773 666 conveniant:
797 599 998 664 intellectum
1020 605 1053 664 et
1070 598 1186 663 volun·
1239 603 1341 662 tatem
1366 619 1463 680 porro
1491 600 1577 663 inter
1603 600 1763 664 rationem
1785 606 1818 663 et
1845 620 1979 664 sensum
2005 598 2147 665 mediam
2168 600 2216 665 lo-

209 694 318 753 tatem
364 684 418 750 Sit
439 694 549 752 autem
575 686 718 751 officium
744 685 929 751 intellectus
954 685 1041 749 inter
1062 684 1187 749 obiecta
1239 691 1331 762 eant,
1361 684 1412 748 sui
1440 684 1563 750 scilicet
1589 685 1670 750 iuris
1696 692 1731 749 et
1755 684 1915 750 libertatis
1937 693 2118 767 compotem
2146 688 2215 752 sive

209 773 407 853 discernere,
430 778 528 854 prout
548 771 800 854 unumquodque
821 770 1026 854 probandum
1047 777 1105 834 aut
1124 770 1186 833 im-
1239 769 1359 834 rationi
1380 769 1619 852 obtemperare,
1649 771 1717 835 sive
1739 771 1849 836 sensui
1872 768 2062 853 rapiendam
2084 793 2120 837 se
2140 793 2216 854 pro-

207 857 412 942 probandum
439 859 548 923 visum
575 858 687 936 fuerit3
720 859 897 926 voluntatis
930 864 1040 922 autem
1066 856 1186 939 eligere
1239 855 1373 920 stituere
1394 855 1502 920 hbeat
1614 905 1620 918 .
2325 911 2331 922 .

208 952 242 1009 et
270 944 362 1026 sequi
383 943 469 1027 quod
496 944 618 1008 bonum
646 944 835 1010 intellectus»
859 943 1044 1022 dictaverim
1075 962 1185 1024 asper·
1327 944 1377 1004 21.
1421 939 1496 1006 Νοιι
1518 943 1707 1007 inficiantur
1728 941 1859 1025 quidem
1876 939 2050 1019 interdum,
2074 943 2145 1024 ipsa
2165 947 2216 1010 ni·

207 1031 282 1095 nari
303 1051 341 1095 ac
362 1030 484 1113 fugere,
507 1029 593 1112 quod
614 1028 670 1093 iile
691 1030 890 1113 improbarit
936 1028 1030 1092 Nihil
1051 1028 1104 1093 hic
1125 1048 1186 1091 uos
1237 1027 1358 1091 mirum
1380 1028 1580 1109 experientia
1601 1028 1755 1107 convicti,
1783 1035 1906 1111 quanta
1927 1049 2002 1092 cum
2025 1028 2216 1096 difficultate

207 1121 414 1181 remorentur
446 1115 521 1179 illae
549 1115 735 1180 Aristotelis
760 1116 932 1191 minutiae,
961 1115 1088 1179 nullam
1115 1134 1186 1179 esse
1237 1113 1356 1177 rationi
1382 1112 1469 1195 apud
1496 1135 1531 1178 se
1557 1135 1699 1198 regnum
1720 1113 1818 1180 homo
1840 1112 1997 1192 stabiliat,
2027 1113 2107 1179 dum
2127 1138 2216 1183 nunc

207 1202 311 1266 menti
337 1222 396 1284 per
422 1222 457 1266 se
485 1201 677 1278 motionem,
704 1200 761 1265 sed
790 1201 980 1266 electionem
1009 1221 1079 1265 esse
1101 1220 1185 1282 qnae
1238 1198 1390 1263 titillatur
1411 1198 1617 1283 voluptatum
1637 1199 1813 1279 illecebris,
1842 1222 1930 1265 nunc
1952 1199 2035 1265 falsa
2056 1201 2216 1267 bonorum

207 1294 352 1359 moveat,
385 1308 484 1370 quam
506 1286 645 1351 eandem
666 1288 835 1369 nuncupat
861 1286 1063 1351 intellectum
1087 1305 1185 1368 appe·
1237 1284 1380 1367 imagine
1408 1283 1586 1365 deluditur,
1615 1307 1704 1352 nunc
1730 1287 1926 1368 impotenter
1952 1287 2133 1368 perentitur
2154 1289 2216 1352 im·

208 1373 354 1450 titivum,
377 1394 419 1437 ne
441 1373 614 1455 superfluis
641 1373 882 1455 quaestionibus
904 1373 1110 1451 intricemur;
1133 1391 1185 1435 sa-
1238 1369 1413 1435 moderatis
1435 1370 1613 1451 affectibus,
1637 1380 1670 1436 et
1691 1378 1847 1455 tanquam
1869 1371 2002 1437 funibus
2023 1372 2077 1438 vel
2095 1375 2215 1448 nervis,

207 1459 249 1523 tis
279 1459 322 1523 sit
350 1458 442 1524 nobis
469 1458 671 1523 intellectum
698 1480 769 1523 esse
797 1459 890 1542 quasi
912 1459 1041 1523 animae
1069 1457 1186 1522 ducem
1237 1462 1276 1520 ιιι
1301 1456 1348 1520 ait
1374 1456 1480 1534 Plato,
1495 1456 1520 1541 ¹)
1549 1458 1583 1521 in
1611 1456 1777 1523 divorsum
1804 1458 1972 1540 abripitur.
2020 1457 2096 1540 Qua
2117 1461 2217 1524 etiam

177 1592 179 1597 -
207 1551 241 1609 et
261 1545 527 1628 gubernatorem:
556 1544 759 1608 voluntatem
785 1546 820 1609 in
846 1544 934 1609 illius
961 1550 1078 1609 nutum
1100 1563 1184 1608 sem·
1237 1542 1364 1606 ratione
1387 1539 1500 1606 Cicero
1523 1543 1609 1620 dicit,
1619 1543 1649 1624 2)
1671 1543 1744 1610 illos
1763 1565 1783 1609 a
1799 1550 1919 1609 natura
1936 1543 2029 1610 datos
2046 1545 2216 1628 igniculos,

207 1651 266 1713 per
287 1631 448 1713 respicere
470 1637 503 1694 et
524 1629 681 1695 iudicium
708 1631 744 1694 in
771 1631 840 1696 suis
862 1631 1030 1696 desideriis
1052 1650 1184 1712 exspec-
1236 1627 1348 1709 pravis
1365 1628 1579 1710 opinionibus,
1601 1628 1759 1712 malisque
1779 1629 1925 1696 moribus
1944 1650 2022 1694 mox
2043 1632 2217 1717 exstingai.

206 1723 286 1781 tare.
332 1715 408 1796 Qua
429 1716 554 1780 ratione
576 1738 654 1781 vere
677 1716 812 1781 tradidit
829 1717 853 1798 ¹)
876 1714 1119 1800 Aristoteles,²)
1142 1714 1185 1778 si·
1237 1713 1304 1780 Ubi
1315 1735 1393 1800 vero
1403 1713 1505 1778 semel
1515 1723 1717 1797 occupanmt
1725 1714 2120 1802 inanimisdominium⁸)
2133 1719 2218 1783 eius-

207 1803 284 1866 mile
306 1801 462 1884 quiddam
484 1823 554 1866 csse
576 1803 611 1865 in
634 1803 792 1886 appetitu,
816 1802 933 1886 fugam
955 1809 988 1866 et
1008 1822 1185 1884 persequu-
1237 1798 1326 1864 modi
1346 1799 1461 1877 morbi,
1483 1800 1694 1882 impotentius
1718 1801 1861 1884 grassari
1882 1802 2037 1881 fatentur,
2060 1824 2159 1884 quam
2181 1813 2219 1868 ut

208 1888 344 1965 tionem,
372 1887 468 1969 quale
496 1894 546 1952 eat
572 1888 608 1951 in
633 1895 744 1953 mente
772 1888 945 1953 affirmatio
967 1896 1025 1952 aut
1046 1888 1184 1973 negatio.
1237 1886 1332 1951 facile
1365 1905 1513 1951 coercere
1546 1907 1600 1951 ecs
1632 1885 1743 1966 liceat3
1766 1908 1844 1960 ⁴nee
1877 1886 2029 1952 dubitant
2055 1888 2217 1955 ferocibus

206 1973 312 2037 Porro
331 1994 432 2061 guam
453 1981 543 2038 certa
565 1975 607 2038 sit
629 1973 671 2039 ad
693 1973 897 2057 dirigendam
914 1974 1118 2039 voluntatem
1134 1974 1185 2037 in·
1239 1972 1329 2054 equis
1351 1991 1555 2053 comparare,
1584 1973 1640 2054 qui
1662 1973 1836 2038 exturbata
1857 1974 1996 2052 ratione,
2019 1994 2079 2039 ceu
2100 1975 2216 2058 auriga

140 2140 144 2149 Ι
208 2057 357 2123 tellectus
385 2059 590 2141 gubernatio,
619 2081 697 2125 mcx
720 2060 893 2125 videbitur.
936 2059 1002 2125 Hic
1024 2059 1186 2125 duntaxat
1238 2078 1384 2135 excusso,
1403 2057 1659 2140 intemperanter
1677 2080 1715 2124 ac
1732 2059 1802 2123 sine
1819 2058 1915 2124 modo
1931 2058 2111 2127 lasciviant
2141 2060 2215 2126 Hoc

207 2143 367 2222 volumus,
391 2144 517 2208 nullam
538 2146 674 2227 reperiri
695 2166 788 2227 posse
809 2146 977 2231 manime
993 2148 1183 2227 potentiam,
1238 2150 1350 2208 tamen
1369 2151 1463 2207 extra
1484 2145 1739 2209 controversiam
1759 2151 1900 2226 ponunt,
1922 2145 2060 2210 virtutes
2082 2153 2116 2210 et
2135 2147 2217 2212 vitia

208 2250 291 2312 quae
309 2251 376 2294 non
393 2231 456 2295 rite
476 2229 518 2295 ad
535 2230 730 2296 alterutrum
747 2233 884 2296 istomm
895 2232 1117 2296 membrorum
1134 2239 1201 2296 rc-'
1231 2226 1273 2293 *in
1290 2235 1403 2294 nostra
1419 2250 1490 2293 esse
1507 2234 1675 2311 potestate.
1704 2231 1792 2295 Nam
1810 2231 1837 2295 si
1855 2237 1996 2309 nostrae,
2015 2232 2176 2314 inquiunt,
2185 2232 2215 2316 ⁴)

206 2315 341 2380 feratur.
370 2315 474 2381 Porro
492 2316 666 2391 hccmodc
685 2339 817 2382 sensum
835 2318 895 2382 sub
912 2317 1079 2383 intellectu
1098 2340 1184 2383 com-
1238 2314 1404 2379 electionis
1426 2322 1476 2379 est
1497 2314 1558 2379 hoc
1576 2322 1634 2380 aut
1652 2315 1735 2380 illud
1752 2337 1858 2400 agere,
1876 2336 1954 2400 ergo
1972 2323 2006 2381 et
2022 2338 2089 2382 non
2107 2339 2213 2400 agere.

208 2400 450 2484 prehendimus,
480 2423 578 2483 quem
605 2402 661 2467 alii
689 2404 736 2468 sic
759 2402 978 2487 distinguunt,
1002 2403 1087 2485 quod
1110 2425 1184 2469 sen·
1238 2401 1400 2479 Rursum,
1431 2401 1547 2464 sinon
1569 2422 1679 2484 agere,
1709 2423 1787 2486 ergo
1809 2410 1842 2467 et
1862 2423 1968 2486 agere.
2012 2403 2136 2469 Libera
2156 2425 2214 2468 au-

209 2508 283 2552 sum
305 2486 346 2551 ad
368 2487 567 2570 uoluptatem
588 2488 791 2570 propendere
814 2488 940 2567 dieunt,
968 2511 1027 2572 prc
1049 2512 1113 2572 qua
1135 2491 1185 2553 in-
1239 2493 1305 2552 tem
1328 2485 1484 2551 electione
1508 2508 1605 2570 agere
1627 2487 1777 2553 videmur
1798 2509 1880 2570 quae
1898 2488 2092 2572 agimusfet
2112 2490 2152 2555 ab
2173 2490 2215 2554 iis

209 2571 357 2638 tellectus
381 2573 504 2638 bonum
533 2581 695 2655 sequatur.
746 2574 830 2639 Inde
856 2575 944 2654 fieri,
973 2581 1010 2639 ut
1032 2577 1185 2659 appetitio
1239 2572 1401 2638 abstinere
1422 2573 1540 2654 quibus
1563 2573 1762 2639 abstinemus
1768 2598 1777 2654 ;
1799 2595 1878 2658 ergo
1898 2575 1927 2638 si
1946 2573 2025 2658 quid
2046 2576 2122 2640 boni
2144 2576 2214 2659 agi·

209 2679 323 2723 sensus
351 2660 612 2743 concupiscentia
639 2662 699 2724 fiat
726 2667 759 2725 et
785 2659 900 2740 libid0;
935 2661 1062 2725 affectio
1089 2663 1185 2726 intel·
1238 2679 1330 2736 mus,
1358 2658 1414 2723 ubi
1442 2658 1557 2736 libeat,
1583 2680 1755 2741 possumus
1781 2659 1863 2725 illud
1885 2660 2047 2740 omittere;
2080 2662 2108 2727 si
2135 2661 2213 2743 quid

205 2742 327 2820 lectus,
357 2744 519 2809 voluntas.
575 2746 723 2810 Rursum
755 2767 814 2829 pro
847 2748 1010 2829 appetitus
1043 2749 1184 2827 nomine,
1238 2744 1316 2809 mali
1349 2751 1590 2827 perpetramus,
1622 2766 1796 2827 possumus
1833 2745 1868 2809 id
1894 2767 2020 2829 quoque
2046 2747 2168 2830 fugere.
2183 2746 2213 2831 ⁶)

206 2829 292 2911 quod
320 2829 368 2893 illi
395 2830 538 2910 malunt,
567 2831 745 2897 voluntatis
767 2854 904 2911 nomen,
921 2817 1012 2917 huod
1033 2834 1185 2899 usitatius
1239 2828 1330 2910 Quin
1357 2831 1457 2895 etiam
1483 2851 1521 2894 eo
1548 2830 1698 2896 licentiae
1726 2830 1896 2917 queant)
1923 2853 2038 2899 eoram
2057 2853 2213 2915 prorupe-

205 2920 264 2991 est,
287 2937 493 2998 usurpamus.
715 2971 717 2976 ,
1240 2922 1332 2993 runt,
1378 2924 1416 2980 ut
1458 2917 1613 2982 iactarint
1651 2916 1787 2982 deorum
1820 2918 1951 3000 quidem
1987 2938 2058 2984 csse
2094 2939 2214 2984 munus

293 3004 344 3064 20.
389 3001 487 3067 Nunc
509 3002 750 3069 consideremus
769 3003 848 3087 quid
864 3027 942 3087 pars
959 3012 1098 3086 utraque
1115 3006 1184 3087 pol·
1237 3001 1323 3085 quod
1352 3001 1508 3081 vivimus;
1538 3010 1687 3068 nostrum
1710 3025 1801 3081 vero,
1829 3003 1916 3086 quod
1937 3005 2020 3071 bene
2040 3012 2215 3087 sancteque

207 3086 281 3150 leat.
325 3086 518 3170 Philosophi
544 3110 622 3153 sane
644 3111 764 3174 magno
786 3111 946 3156 consensu
968 3091 1128 3155 rationem
1150 3093 1185 3155 in
1237 3088 1388 3153 vivimus.
1439 3087 1533 3153 Haec
1562 3109 1639 3171 crgo
1671 3088 1938 3172 philosophorum
1965 3089 2112 3155 omnium
2140 3085 2219 3155 sen?

209 3179 319 3236 mente
341 3172 507 3247 considere
528 3176 673 3259 fingunt,
696 3197 779 3259 quae
800 3177 905 3241 instar
926 3176 1086 3259 lampadis
1108 3198 1185 3242 con-
1210 3178 1213 3268 ι
1238 3174 1359 3238 tentiae
1393 3195 1522 3238 summa
1555 3181 1620 3239 est:
1660 3174 1798 3239 humani
1837 3174 2022 3242 intellectus
2054 3177 2236 3257 rationem,

209 3256 291 3322 siliis
312 3259 463 3323 omnibus
488 3260 674 3342 praeluceat
695 3269 728 3325 et
753 3263 857 3328 instar
881 3263 1014 3345 reginae
1035 3262 1186 3328 volunta
1238 3266 1345 3325 rectae
1368 3259 1596 3343 gubernationi
1622 3261 1786 3339 sufficere;
1813 3260 2016 3326 voluntatem
2037 3261 2085 3325 illi
2107 3262 2215 3327 aubia

209 3353 275 3408 tem
295 3345 490 3409 moderetur.
522 3346 576 3410 Ita
597 3348 686 3410 enim
703 3348 775 3412 luce
793 3347 905 3412 divina
922 3349 1088 3430 perfusam
1105 3370 1184 3427 esse,
1238 3352 1366 3411 centem
1388 3365 1409 3409 a
1429 3366 1528 3410 sensu
1556 3345 1689 3428 quidem
1715 3345 1758 3411 ad
1779 3345 1867 3411 mala
1888 3347 2071 3428 sollicitari;
2100 3347 2157 3414 sed
2178 3354 2216 3412 ut

209 3435 246 3493 ut
265 3430 385 3512 optime
407 3432 600 3510 consulere,-
615 3454 653 3497 eo
674 3434 787 3516 rigore
807 3440 984 3515 praestare,
1007 3441 1045 3497 ut
1066 3436 1186 3517 optime
1237 3432 1375 3498 liberam
1395 3430 1585 3496 electionem
1605 3431 1713 3511 habet,
1731 3431 1882 3514 impediri
1899 3454 2105 3516 nequaquam
2121 3454 2216 3516 posse

207 3516 1187 3689 ttftttffit·cittttntnttpttttttttt·
1239 3515 2204 3687 ‘⁹¹³³2l³fi⁰liirdutildit⁰¹lllidilllt¹¹iafaaa

208 3686 269 3750 bus
296 3687 429 3753 obiectis
456 3689 637 3771 volutetur,
667 3713 729 3757 nec
759 3688 904 3774 unquam
931 3713 967 3756 se
995 3692 1122 3757 attollat
1144 3692 1186 3756 ad
1239 3689 1369 3754 tametsi
1391 3710 1488 3753 nemo
1512 3690 1638 3755 exstitit
1659 3691 1715 3772 qui
1737 3711 1804 3755 non
1826 3700 2017 3775 agnosceret
2037 3697 2071 3755 et
2091 3690 2216 3754 sanita·

208 3791 321 3835 veram
347 3776 590 3856 perspicaciam
642 3778 851 3860 Appetitmm,
881 3778 909 3843 si
930 3777 1049 3842 rationi
1070 3799 1186 3860 parere
1239 3784 1307 3840 tom
1328 3775 1463 3839 rationis
1488 3775 1524 3838 in
1552 3775 1683 3840 homine
1711 3777 1856 3860 gravitm
1877 3799 1920 3842 ex
2044 3783 2078 3840 tc
2098 3775 2215 3840 vulne-

209 3857 382 3937 sustineat,
410 3881 470 3925 nec
493 3864 604 3927 sensui
630 3863 848 3947 subigendum
870 3886 905 3930 sc
933 3864 1116 3947 permittat,
1144 3862 1186 3929 ad
1239 3870 1354 3940 ratam,
1376 3868 1409 3926 et
1430 3861 1632 3927 voluntatem
1653 3861 1955 3945 praviscupiditati
1975 3883 2015 3928 us
2034 3860 2132 3926 valde
2153 3863 2215 3926 im·

210 3941 354 4007 studium
382 3946 541 4011 virtuhun
570 3948 664 4027 ferri,
691 3956 816 4016 rectam
835 3952 925 4017 viam
946 3956 1073 4029 tenere,
1096 3957 1129 4015 et
1150 3951 1186 4014 in
1238 3947 1384 4031 plicitam
1405 3968 1493 4025 esse,
1515 3947 1611 4012 multi
1632 3954 1745 4013 tamen
1764 3969 1877 4014 eorum
1897 3947 1994 4032 longe
2015 3947 2090 4031 plus
2112 3968 2216 4031 aequo

209 4027 685 4184 3333&st
699 4036 736 4185 ἒξ
752 4036 1001 4187 dissidii
1018 4057 1187 4187 tutat
1238 4032 1946 4186 llliffiffilawffllcdhffl
1976 4033 2216 4187 attat&

209 4220 287 4265 nem
309 4165 492 4351 dffiperet
526 4206 635 4288 Atque
643 4143 786 4272 liamniuo
794 4144 908 4290 pquum
927 4173 969 4272 dr
987 4228 1101 4273 eorum
1116 4208 1185 4289 cpi·
1237 4227 1281 4270 ne
1310 4206 1338 4271 si
1365 4205 1591 4286 impotentiam
1618 4205 1738 4272 diserte
1760 4213 1870 4273 essent
1890 4192 2043 4284 confessi,
2070 4169 2217 4289 primuni

206 4286 307 4351 nione
331 4287 337 4299 ‘
405 4337 413 4365 ,
435 4309 515 4370 quas
526 4312 626 4373 supra
645 4291 763 4377 dixit)
784 4294 911 4359 animae
927 4293 1098 4358 facultates
1109 4314 1186 4358 con-
1238 4290 1505 4375 philosophorum
1532 4291 1679 4373 ipsorum
1700 4293 1892 4371 cachinnos,
1921 4292 2116 4376 quibuscum
2136 4297 2216 4357 tunc

209 4369 376 4450 cedantur,
399 4373 597 4455 intellectus,
621 4400 736 4443 sensus
757 4382 812 4443 et⁴
849 4379 1026 4463 appetitus,
1049 4400 1107 4443 seu
1129 4399 1186 4444 vo-
1238 4384 1405 4444 certamen
1425 4376 1600 4456 habebant,
1624 4386 1828 4458 excuterent;
1851 4378 1969 4444 deiude
1988 4377 2080 4444 carni
2101 4383 2216 4476 empto

208 4456 318 4523 luntas
339 4457 445 4608 (pluas
474 4461 646 4548 appellatio
671 4464 738 4527 iam
822 4467 945 4549 gaticre
967 4485 1030 4529 usu
1056 4471 1187 4546 recepta
1238 4470 1354 4546 sponte
1385 4462 1484 4528 nimis
1511 4463 1553 4528 ad
1579 4464 1702 4530 bonum
1728 4465 1887 4546 torpenti,
1920 4485 2041 4531 novam
2074 4460 2216 4530 desidrae

208 4542 272 4628 est)
295 4545 365 4608 inte
390 4551 499 4612 ectum
520 4549 646 4612 ratione
671 4548 855 4631 praeditum
877 4557 1042 4629 asserunt,
1065 4550 1187 4633 optima
1651 4608 1654 4612 ⁸

208 4627 251 4693 ad
271 4629 355 4695 bene
376 4630 534 4716 beateque
555 4634 734 4700 vivendum
751 4635 978 4715 moderatrice;
1000 4636 1070 4718 ipse
1089 4635 1185 4701 modo

208 4715 381 4814 ainana
403 4720 603 4799 prasentia
623 4722 798 4801 sustinet
821 4745 859 4788 a
880 4723 949 4789 vim
969 4722 1030 4788 sibi
1051 4729 1185 4787 aaut
1240 4701 1755 4826 achaea-sama
1773 4701 2060 4828 tithlbtafl
2082 4699 2216 4827 eet·

207 4798 282 4864 htor
310 4801 449 4868 mdrtam
476 4813 614 4871 exserat
664 4807 859 4874 Interiorem
886 4816 996 4874 autem
1018 4809 1186 4899 eiuassmo-
1237 4812 1384 4895 homilium.
1441 4812 1563 4908 mid„
1581 4857 1597 4893 α
1617 4841 1653 4893 ud
1671 4841 1757 4894 Arist
1775 4841 1815 4894 lib
1841 4840 1859 4894 3
1884 4841 2008 4895 athico
2051 4789 2075 4846 Ψ
2119 4838 2150 4909 5)
2169 4811 2218 4894 ,522

206 4885 344 4965 tionem,
380 4910 463 4971 quae
496 4914 611 4958 sensus
641 4893 776 4973 dicitur,
809 4917 874 4979 qua
902 4893 944 4960 ad
976 4916 1120 4960 errorem
1153 4901 1187 4959 ct
1237 4910 1337 4980 epam
1353 4909 1420 4963 iada
1435 4925 1455 4962 a
1472 4906 1548 4964 1550.
1604 4925 1623 4962 n
1640 4909 1700 4964 edd.
1720 4907 1794 4963 1539.
1814 4881 1882 4963 '154'3
1898 4881 2135 4979 mats'si‘quid
2151 4909 2218 4962 boni

207 4970 495 5042 hallucinationem
518 4979 733 5059 abstrahitur,
757 4981 857 5048 talem
878 5003 962 5061 esse,
990 4988 1028 5046 ιιι
1049 4981 1185 5047 rationis
1238 4980 1355 5049 agimus,
1378 4979 1416 5043 δί»
1435 4979 1482 5031 ubi
1499 4980 1597 5043 libeat,
1615 4978 1749 5047 possimus
1772 4979 1840 5033 illud
1863 4979 2005 5045 omittere,
2028 4978 2137 5048 siquid
2153 4978 2219 5031 mali

208 5112 252 5118 .„.
280 5115 393 5121 ...Q
683 5118 688 5129 ,
1237 5054 1434 5118 perpetramus,
1450 5047 1593 5127 ‘possimus
1616 5052 1663 5102 etc.
1690 5045 1769 5101 Idem
1786 5047 1867 5103 babet
1889 5046 1959 5101 1545
1982 5044 2149 5129 commodo
2167 5063 2218 5116 po.

276 5177 305 5259 1)
323 5176 389 5235 add.
408 5181 465 5251 ipse
484 5184 556 5265 idem
575 5183 643 5238 1543
661 5191 687 5240 et
702 5201 772 5257 seqq.
841 5184 871 5266 2)
890 5186 949 5240 Lib.
968 5186 1056 5240 Ethic.
1075 5185 1099 5239 6.
1119 5203 1140 5240 c.
1160 5184 1184 5239 2.
1238 5116 1981 5266 ildariamdmmdib'dtdidduihoeddildddadiddw?
1993 5131 2218 5242 ctdddintts'wictid

206 5242 684 5317 3)opmroneduaean1mae1539.
754 5252 785 5321 4)
803 5260 887 5311 aaa.
905 5273 999 5310 sensus
1017 5262 1046 5311 et
1063 5253 1138 5311 1539.
1238 5259 1378 5310 roceam.
1462 5250 1603 5319 >Seneca
