4732 6030
753 333 1018 402 6666166616
1041 335 1146 400 666.
1169 332 1351 430 etiamr.
1378 337 1610 400 rese-1554.
1952 434 1967 523 [
2103 336 2193 398 1646

1967 447 1992 501 Δ
2005 448 2194 502 eea—360.

981 627 1204 740 [66666
1237 627 1382 740 mu]

708 818 801 912 DE
828 815 1205 913 LIBERTATE
1234 814 1654 913 CHRISTIANA.

211 1003 307 1072 [Quot
325 1004 449 1058 barloco
466 1005 603 1057 66616116
619 1003 738 1056 editione
754 1003 826 1056 anni
842 1001 917 1067 1539,
936 1003 967 1055 ic
981 1001 1179 1069 posterioribus
1196 1001 1282 1054 aliam
1300 1001 1400 1055 61111661
1417 1007 1442 1054 ct
1459 1015 1546 1069 capra
1563 957 1720 1069 museum
1736 1008 1776 1056 ert
1792 1017 1904 1057 numero
1924 1001 1992 1055 XII
2001 1001 2152 1071 notatum]

960 1278 1183 1392 [66666
1215 1278 1358 1390 mu]
1375 1276 1400 1359 ¹>

651 1468 745 1563 66
770 1425 1154 1576 ’66666666
1180 1465 1704 1564 6666666666.

263 1673 376 1755 Quum
397 1693 475 1754 ergo
497 1670 539 1736 ad
561 1671 623 1736 boc
643 1671 814 1752 spirituale
835 1691 972 1752 regnum
992 1669 1155 1752 pertineat
1206 1669 1339 1733 vissimc
1377 1677 1529 1733 aeternae
1562 1671 1676 1735 mortis
1709 1671 1958 1738 denunciatione
1991 1683 2187 1752 sanxerrmt,

179 1757 334 1845 quidquid
356 1759 396 1823 de
418 1757 599 1823 christiana
619 1755 771 1820 libertate
792 1777 812 1819 a
832 1755 926 1819 nobis
948 1754 1073 1820 dictum
1096 1763 1153 1833 cst,
1206 1775 1286 1836 quas
1314 1756 1518 1820 severissime
1545 1757 1695 1838 exigunt,
1724 1779 1784 1822 ceu
1809 1757 2011 1824 adsalutem
2033 1781 2189 1826 necessa·

176 1848 212 1912 in
240 1847 300 1910 hoc
328 1865 478 1910 sermone
506 1843 635 1906 nullum
662 1841 819 1906 adversus
846 1841 1017 1923 politicum
1045 1841 1155 1923 legum
1194 1840 1287 1918 ‘rias3
1306 1842 1391 1903 etin
1409 1840 1461 1905 his
1478 1841 1660 1923 permultae
1679 1852 1756 1907 sunt
1772 1844 1947 1909 observatu
1962 1846 2185 1924 difficillimae,

178 1941 235 1998 aut
261 1931 486 2014 legislatorum
511 1927 659 1992 ordinem
686 1927 779 1993 nobis
806 1935 972 1992 certamen
1001 1934 1065 2000 est;
1098 1926 1156 1991 sed
1206 1945 1319 1990 omnes
1346 1947 1440 2003 vero,
1469 1927 1497 1990 si
1525 1928 1560 1991 in
1587 1928 1717 1992 16611666
1745 1951 1839 1994 suam
1861 1940 2095 2015 congerantur,
2122 1933 2187 1996 im-

177 2025 292 2082 contra
313 2023 511 2099 potestatem
532 2034 631 2096 quam
655 2022 817 2095 usurpant
839 2012 908 2088 sibi,
932 2013 989 2095 qui
1007 2022 1155 2095 pastores
1206 2011 1390 2093 possibiles,
1420 2021 1533 2078 tantus
1563 2021 1612 2077 est
1640 2035 1783 2080 acervus.
1829 2015 1896 2097 Qui
1925 2039 2002 2101 ergo
2031 2019 2187 2100 1166166-

177 2103 332 2168 eeclesiae
359 2099 464 2166 rideri
494 2100 624 2175 volunt,
657 2120 693 2162 re
726 2105 838 2162 autem
865 2119 944 2162 vera
973 2098 1156 2162 saevissimi
1207 2097 1286 2160 terit
1313 2105 1351 2160 ut
1379 2119 1445 2161 non
1472 2110 1610 2162 externa
1636 2101 1800 2165 anxietate
1828 2111 1861 2166 et
1886 2111 2012 2168 terrore
2033 2103 2186 2187 perplexi

177 2197 257 2254 sunt
274 2187 450 2251 carnifices.
481 2184 574 2265 Quas
592 2185 680 2248 enirn
697 2184 787 2267 leges
805 2182 951 2248 condunt
968 2184 1156 2267 spirituales
1207 2190 1361 2261 urantur,
1391 2184 1508 2266 quibus
1534 2193 1628 2249 tanta
1655 2185 1855 2251 difficultatis
1877 2188 1979 2254 moles
2000 2189 2185 2255 incumbit?

178 2295 250 2338 esse
273 2274 375 2351 aiunt,
400 2271 442 2336 ad
463 2271 607 2336 animam
625 2271 841 2353 pertinentes,¹
861 2280 894 2333 et
916 2291 971 2335 cas
994 2269 1034 2333 ad
1052 2270 1156 2335 vitam
1207 2266 1323 2347 Quare
1351 2269 1495 2334 breviter
1525 2292 1567 2334 ex
1592 2271 1633 2334 iis
1660 2292 1741 2352 quae
1769 2273 1836 2337 iam
1864 2273 2033 2340 docuimus
2061 2276 2186 2340 consti·

178 2368 349 2425 aeternam
371 2358 570 2423 necessarias
592 2357 767 2420 affirmant.
803 2354 859 2421 Sic
882 2365 993 2420 autem
1016 2377 1156 2438 regnum
1208 2353 1366 2417 tuendum
1397 2362 1458 2419 est:
1497 2356 1595 2419 nullis
1634 2357 1754 2422 talibus
1787 2360 2074 2426 constitutionibus
2108 2383 2186 2426 con·

178 2445 306 2511 Christi
324 2441 507 2521 invaditur3
531 2443 578 2506 sic
594 2442 738 2519 libertas,
762 2443 801 2506 ab
826 2442 895 2525 ipso
914 2441 1062 2505 fidelium
1079 2462 1155 2506 con·
1207 2440 1358 2504 scientias
1381 2453 1509 2506 nostras
1531 2441 1617 2523 apud
1639 2443 1747 2507 Deum
1770 2446 1939 2529 obstringi,
1963 2467 2045 2528 quae
2065 2448 2101 2510 in
2123 2447 2187 2512 hoc

178 2531 323 2597 scientiis
346 2529 432 2607 data,
455 2528 653 2612 opprimitur
674 2527 805 2609 penitus
827 2548 865 2592 ac
887 2528 1057 2592 disiicitur.
1093 2528 1156 2591 Ta·
1207 2525 1357 2589 feruntur
1370 2564 1372 2568 ·
1385 2535 1422 2590 ut
1449 2529 1576 2592 animas
1598 2529 1687 2593 intus
1707 2549 1816 2594 coram
1838 2531 1909 2595 Deo
1929 2532 2048 2614 ligent,
2078 2541 2112 2597 et
2132 2555 2186 2597 re-

178 2638 235 2683 666
268 2637 357 2680 6666
389 2623 514 2697 quanta
546 2614 715 2696 impietate
742 2614 853 2696 legum
883 2635 1019 2677 suarum
1047 2613 1156 2677 obser·
1207 2610 1362 2693 ligionem
1392 2613 1555 2690 inliciant,
1584 2634 1621 2678 ac
1649 2616 1674 2678 si
1704 2614 1744 2678 de
1772 2617 1868 2681 rebus
1897 2616 1938 2680 ed
1966 2617 2106 2682 salutem
2125 2640 2184 2682 ne·

177 2703 347 2769 rationem
368 2701 532 2777 sanciant,
562 2699 641 2763 dum
662 2721 704 2763 ex
725 2700 797 2782 ipsa
818 2707 853 2762 et
873 2712 1084 2780 peecatorum
1105 2720 1156 2762 re·
1208 2698 1356 2762 cessariis
1382 2700 1615 2782 praeciperent.
1633 2700 1657 2783 ¹)
1701 2701 1797 2766 Tales
1831 2711 1940 2767 antem
1968 2712 2047 2767 sunt
2071 2724 2183 2768 omnes

177 2788 367 2853 missionem
390 2795 423 2850 61
445 2786 607 2850 iustitiam
628 2806 785 2867 quaerere
808 2782 932 2860 docent,
956 2784 1035 2849 dnm
1054 2795 1156 2849 totam
1209 2803 1292 2864 quae
1328 2783 1564 2860 aeclesiasticae
1596 2787 1844 2852 constitutiones
1881 2788 1979 2853 hodic
2014 2796 2181 2867 vocantur,

177 2873 346 2957 religionis
368 2879 402 2936 et
423 2872 554 2956 pietatis
574 2893 738 2935 summam
755 2872 791 2935 in
809 2871 881 2954 ipsa
897 2878 1055 2935 statuunt.
1084 2870 1157 2935 Hoc
1208 2889 1291 2950 quae
1318 2890 1378 2952 pro
1406 2891 1484 2934 vcro
1513 2892 1550 2935 ac
1571 2875 1754 2937 necessario
1776 2873 1840 2939 Dei
1868 2874 1958 2938 cultu
1979 2876 2182 2959 ingeruntur.

178 2981 285 3024 unum
302 2957 464 3024 contendo
482 2957 709 3022 necessitatem
726 2957 851 3040 imponi
866 2956 1073 3021 conscientiis
1089 2977 1157 3021 non
1208 2955 1318 3037 Atque
1339 2964 1377 3018 ut
1396 2965 1474 3020 sunt
1494 2957 1700 3035 innumerae,
1729 2961 1776 3023 ita
1797 2961 1926 3024 infinita
1947 2970 2026 3025 sunt
2046 2960 2088 3024 ad
2109 2980 2186 3044 cap-

179 3045 313 3123 dcbere,
343 3044 378 3107 in
400 3043 520 3126 quibus
547 3041 646 3107 rebus
669 3064 688 3106 a
711 3042 844 3108 Christo
872 3042 1069 3120 liberantur,
1097 3064 1157 3107 666
1208 3039 1325 3105 tandas
1346 3040 1631 3125 illaqueandesque
1653 3045 1778 3109 animas
1799 3046 1939 3110 vincula

177 3133 242 3195 nisi
269 3129 426 3193 liberatae
454 3129 507 3212 (ut
534 3135 631 3192 antea
658 3127 843 3213 docuimus)
876 3128 1042 3211 quiescere
1069 3126 1157 3212 apud
1295 3124 1383 3206 Quid
1400 3127 1523 3211 igitur?
1551 3127 1693 3194 Nullane
1715 3139 1765 3196 est
1784 3139 1928 3213 potestas
1946 3132 2187 3199 ecclesiastica?

177 3217 290 3282 Deum
319 3221 464 3297 possunt.
520 3214 663 3279 Unicum
693 3236 805 3298 regem
832 3223 1023 3297 agnoscant,
1059 3234 1157 3280 suum
1207 3212 1301 3277 Haec
1318 3213 1406 3277 enim
1424 3214 1576 3296 cogitatio
1593 3215 1804 3297 simpliciores
1822 3216 1942 3282 multos
1960 3218 2190 3284 anxioshabet

176 3303 387 3368 liberatorem
404 3300 589 3378 Christum
602 3309 645 3383 Ι61
666 3322 734 3364 666
755 3300 916 3365 libertatis
935 3302 1017 3383 lege,
1039 3321 1158 3384 nempe
1208 3299 1326 3381 quibus
1359 3319 1419 3362 nos
1451 3300 1654 3380 potissimum
1687 3303 1868 3367 scribimus.
1924 3303 2188 3386 Respondemus,

178 3409 271 3454 sacro
294 3407 379 3452 evan
402 3386 457 3451 elii
480 3387 589 3463 verbo,
613 3393 771 3469 regantur
793 3393 932 3470 oportet,
956 3387 984 3449 si
1006 3388 1157 3470 gratiam,
1208 3405 1279 3449 esse
1302 3405 1396 3462 sane;
1413 3384 1474 3449 sed
1496 3406 1579 3468 quae
1600 3386 1636 3450 in
1658 3387 1914 3454 aedificationem
1936 3389 2012 3454 data
2032 3390 2085 3469 sit,
2098 3388 2127 3474 ²)
2150 3397 2190 3454 nt

177 3496 277 3557 quam
299 3474 334 3536 in
354 3407 487 3538 obusto
510 3471 610 3536 semel
627 3472 850 3549 obtinuerunt,
873 3472 1015 3536 retinere
1032 3471 1155 3537 volunt
1208 3470 1334 3534 Paulus
1355 3479 1494 3536 testatur
1515 3472 1550 3555 (2
1569 3470 1642 3536 Cor.
1666 3478 1719 3551 10,
1739 3479 1758 3537 8
1780 3482 1812 3539 et
1833 3478 1887 3553 13,
1908 3475 1958 3559 7),
1982 3476 2108 3539 66616
2131 3475 2188 3540 (16-

176 3560 278 3626 Nulla
295 3559 455 3625 servitute
478 3567 661 3635 teneantur,
684 3558 786 3623 nullis
808 3558 949 3623 vinculis
971 3559 1157 3641 astringan-
1209 3557 1420 3622 structionem
1427 3581 1435 3635 ;
1464 3577 1528 3638 qua
1548 3558 1603 3640 qui
1626 3557 1771 3642 legitime
1789 3569 1928 3624 6166166
1948 3561 2033 3625 nibil
2054 3583 2090 3626 se
2111 3561 2190 3644 plus

179 3655 243 3709 tur.
273 3645 426 3728 Ningunt
444 3643 575 3726 quidem
587 3641 724 3709 Solones
741 3645 797 3708 isti
815 3665 891 3708 suas
909 3645 1157 3709 constitutiones
1208 3663 1279 3706 esse
1306 3643 1496 3707 existimant
1523 3665 1623 3726 quam
1649 3645 1817 3710 ministros
1839 3646 1965 3711 Christi
1993 3654 2027 3710 61
2054 3647 2189 3730 dispen-

177 3730 267 3814 legcs
295 3752 366 3795 esse
393 3729 568 3808 libertatis,
598 3749 699 3794 snare
726 3730 857 3813 iugum,
881 3751 965 3794 onus
986 3730 1071 3795 leve:
1100 3729 1158 3793 sed
1209 3737 1333 3793 satores
1361 3729 1590 3814 mysteriorum
1612 3728 1675 3794 Dei
1699 3730 1731 3813 (l
1752 3730 1826 3796 Cor.
1846 3737 1875 3808 4,
1899 3731 1940 3816 l).
1985 3734 2070 3797 Eam
2099 3741 2188 3799 recte

177 3836 270 3880 mera
291 3837 361 3880 esse
382 3815 554 3880 mendacia
581 3817 654 3899 quis
676 3838 741 3879 non
763 3815 894 3881 rideat?
939 3815 1073 3880 Nullam
1095 3814 1158 3898 ipsi
1209 3813 1374 3878 definierit
1395 3816 1450 3896 qui
1473 3815 1646 3898 appellarit
1668 3818 1759 3881 verbi
1776 3816 1842 3882 Dei
1862 3819 2090 3883 ministerium.
2122 3819 2189 3884 His

179 3898 312 3985 quidem
333 3900 444 3984 legum
466 3922 600 3965 suarum
623 3903 819 3985 gravitatem
842 3903 990 3966 sentiunt
1011 3903 1079 3983 qui,
1102 3902 1158 3966 ab·
1209 3901 1298 3963 enim
1324 3900 1444 3964 finibus
1473 3923 1493 3965 a
1520 3900 1653 3966 Christo
1681 3904 1857 3968 terminata
1889 3914 1939 3967 est
1965 3925 2065 3986 quum
2093 3926 2190 3970 man·

179 3988 262 4053 ieoto
284 3986 349 4051 Dei
371 3987 501 4064 timore,
530 3997 598 4050 tam
626 4009 702 4052 suas
746 4009 823 4051 uam
845 3987 974 4053 divinas
996 3988 1086 4071 leges
1108 4008 1158 4051 se-
1210 3984 1301 4050 davit
1318 3986 1480 4068 apostolis,
1499 3987 1585 4050 irent
1603 4008 1640 4052 ac
1657 3987 1813 4053 docerent
1829 4011 1941 4054 omnes
1959 3997 2072 4074 gentes
2088 4011 2190 4073 quae-

180 4095 258 4140 cure
280 4093 318 4136 ac
341 4080 472 4136 strenue
494 4073 677 4156 negligunt.
718 4010 785 4154 Cui
809 4094 886 4138 vero
910 4073 1020 4156 aliqua
1042 4072 1158 4138 salutis
1210 4092 1340 4153 cunque
1369 4071 1434 4135 illis
1461 4081 1673 4154 praeceperat
1699 4075 2073 4159 (Matth.2e,1aseq.).
2120 4075 2191 4141 Cu·

180 4181 257 4239 suae
276 4179 355 4224 cura
372 4166 562 4241 tanguntur,
581 4159 760 4242 plurimum
778 4159 870 4224 abest
888 4161 967 4241 quin
988 4182 1022 4224 se
1040 4159 1158 4224 liberos
1209 4158 1261 4221 ius
1283 4156 1430 4222 mandati
1451 4157 1558 4242 legem
1580 4161 1707 4224 utinam
1730 4158 1791 4223 sibi
1808 4163 2009 4244 propositam
2027 4183 2098 4227 esse
2119 4183 2191 4226 rne-

180 4246 383 4322 existiment,
417 4243 574 4325 quamdiu
603 4245 654 4309 his
682 4246 806 4327 laqueis
834 4244 1052 4327 implicantur.
1097 4245 1158 4307 Vi·
1209 4243 1398 4320 minissent,
1431 4245 1487 4326 qui
1521 4243 1674 4310 ecelesiae
1705 4246 1770 4310 Dei
1800 4247 1878 4310 olim
1910 4248 2124 4330 praefuerunt
2156 4254 2192 4312 et

180 4331 295 4397 demus
328 4339 451 4413 quanta
479 4330 628 4394 cantione
656 4340 806 4397 versatus
839 4333 882 4397 sit
914 4333 949 4395 in
976 4331 1038 4399 hac
1065 4339 1158 4413 parte
1209 4331 1417 4394 nuncetiam
1437 4340 1602 4412 praesunt
1647 4331 1701 4396 Ita
1723 4339 1757 4395 et
1776 4333 1864 4397 veris
1886 4334 2071 4416 pastoribus
2093 4354 2192 4416 prae-

179 4418 318 4495 Paulus,
346 4425 385 4479 ut
414 4436 456 4478 66
482 4437 549 4480 666
570 4414 702 4497 quidem
729 4418 761 4481 in
788 4439 824 4482 re
852 4417 1004 4500 laqueum
1026 4418 1158 4480 iniicere
1210 4413 1296 4480 clare
1325 4437 1385 4480 666
1411 4424 1575 4480 constaret
1596 4416 1753 4500 dignitas,
1781 4439 1841 4483 666
1863 4418 1903 4482 (16
1923 4427 2083 4501 potestate
2106 4417 2192 4484 falso

181 4525 278 4568 ausus
305 4503 403 4567 fuerit
432 4502 464 4585 (l
487 4501 560 4566 Cor.
582 4507 610 4579 7,
630 4504 694 4584 35).
739 4503 853 4585 Neque
881 4504 915 4568 id
938 4502 1030 4567 nulla
1051 4523 1156 4567 causa.
1210 4501 1436 4585 gloriarentur,
1459 4502 1514 4584 qui
1535 4503 1691 4586 populum
1713 4504 1777 4568 Dei
1798 4503 1874 4587 plns
1895 4525 1994 4586 quam
2015 4504 2194 4590 tyrannica

179 4589 403 4671 Prospiciebat
425 4597 511 4652 certe
534 4596 694 4670 qnantum
714 4589 834 4653 vulnus
855 4589 1061 4671 infligeretur
1083 4608 1158 4651 con·
1209 4588 1381 4669 iniquitate
1403 4596 1534 4652 vexant.

180 4676 324 4740 scientiis
342 4676 369 4737 61
389 4695 503 4738 earum
520 4696 631 4738 rerum
649 4674 825 4739 necessitas
842 4674 907 4738 illis
925 4677 1157 4757 imponeretur,
1295 4675 1327 4738 N
1329 4695 1382 4738 am
1404 4674 1457 4739 hic
1478 4676 1636 4739 memoria
1665 4674 1879 4758 repetendum
1903 4684 1954 4739 est
1975 4676 2060 4757 quod
2082 4674 2195 4740 obiter

180 4781 318 4842 quarum
350 4759 465 4825 relicta
498 4769 583 4825 esset
612 4780 631 4823 a
663 4760 805 4825 Domino
838 4760 981 4825 libertas.
1034 4758 1160 4824 Contra
1210 4761 1350 4841 quodam
1378 4760 1447 4824 loco
1469 4759 1699 4826 indicavimus:
1726 4762 1755 4844 ⁸)
1763 4760 1919 4843 quidquid
1943 4761 2130 4826 autoritatis
2152 4781 2196 4827 ac

181 4846 346 4910 numerari
368 4847 426 4909 rin
447 4854 584 4928 possunt
605 4847 870 4922 constitutiones,
899 4867 979 4927 quas
1006 4846 1062 4910 isti
1085 4865 1159 4929 gra·

251 5120 279 5184 1)
304 5119 397 5172 Totum
415 5119 464 5173 boo
481 5125 564 5185 caput
584 5120 660 5172 abest
685 5121 719 5173 ab
737 5120 797 5172 edd.
817 5117 884 5172 1543
903 5134 973 5188 seqq.
995 5119 1043 5171 eod
1060 5134 1160 5186 mapsa
1212 5126 1271 5174 tata
1294 5122 1436 5174 transtulit
1459 5127 1554 5176 auctor
1582 5122 1612 5174 ia
1640 5120 1700 5174 edd.
1719 5136 1758 5188 po
1885 5135 1919 5173 as
1946 5119 1984 5172 ad
2010 5118 2075 5187 Cap.
2097 5118 2198 5178 XIII.

181 5194 309 5255 exparte
327 5191 357 5240 in
375 5187 447 5240 alias
460 5194 555 5256 partes
574 5189 664 5255 operio
682 5190 793 5242 transiit
811 5205 882 5257 qaas
900 5190 929 5241 in
940 5188 1065 5256 margine
1081 5193 1159 5241 aota-
1211 5189 1298 5259 (quod
1314 5196 1354 5243 est
1371 5189 1404 5244 do
1422 5191 1631 5251 traditionibus)
1652 5190 1675 5255 §.
1694 5189 1717 5241 1.
1736 5187 1760 5242 2.
1830 5187 1847 5240 2
1880 5187 1989 5242 Similia
2006 5204 2080 5242 nana
2099 5187 2203 5261 legati·

181 5256 275 5310 bimus.
640 5297 643 5304 .
1212 5264 1258 5313 tar
1282 5257 1368 5312 VIII.
1388 5256 1446 5311 131.
1516 5258 1547 5327 3)
1566 5259 1674 5313 Abbius
1692 5258 1793 5343 eirailia
1811 5259 1930 5326 teporat
1953 5255 2120 5312 V111.138.

1280 5050 1309 5119 l)
1331 5050 1408 5120 Quae
1422 5053 1591 5120 praecedunt
1612 5052 1677 5105 indo
1695 5053 1728 5106 ab
1746 5052 1944 5174 emtis
1956 5050 2112 5119 parilitatem
2132 5069 2197 5107 ma·

1848 5190 1861 5256 )
