4770 6030
191 385 254 447 444
757 378 856 449 444.
879 381 940 447 vl
962 380 1055 468 (IV.)
1098 378 1315 450 44444041
1334 375 1632 447 sxemamo
2133 385 2196 449 444

189 493 417 637 bdoderlffisidil.18¹⁵
518 569 586 635 44444
613 588 671 634 uos
692 569 833 635 admonet
852 570 1025 669 4444144444,
1047 591 1099 649 44,
1122 574 1168 635 ta-
1219 574 1337 650 oonatu,
1358 570 1412 636 sod
1432 569 1471 634 de
1490 568 1596 650 effectu
1617 517 1746 633 tuntum
1783 569 1913 652 944444
1933 571 2016 636 enim
2036 569 2197 654 improbus

189 657 249 722 bern
269 657 422 722 4444444444
450 677 471 720 4
492 655 561 720 Deo
576 655 748 737 prodiisse,
773 654 880 721 Deo
868 658 933 738 ipsi
953 655 1168 723 adscribamus
1219 659 1264 721 est
1288 660 1406 720 notura
1432 654 1590 734 diabolus,
1617 655 1747 720 minime
1774 655 1818 720 ad
1843 655 2043 722 obedientiam
2070 655 2197 725 44444444

188 743 272 825 quod
300 747 345 807 est
371 741 410 805 ab
431 762 464 806 eo
486 741 723 806 alienissimum.
774 741 846 807 Hae
866 743 986 807 ratione
1007 742 1169 807 denuntiat
1219 741 1387 807 uoluntatis
1401 759 1578 823 propensus
1599 745 1659 818 est,
1684 721 1740 805 sed
1759 746 1840 807 totus
1861 743 1904 807 ad
1923 743 2196 810 contumaciamot

191 828 336 896 04444444
366 828 471 913 (Ι444.
496 831 531 906 8,
557 827 615 910 44)
653 832 798 892 satanam
835 848 874 893 ea
897 829 1042 910 propriis
1072 829 1166 926 44444,
1218 827 1409 893 rebellionum
1435 827 1547 917 444444,
1588 824 1658 891 Hae
1684 827 1783 910 ipitur
1809 850 1831 892 a
1850 847 1883 893 se
1909 829 1977 911 ipso
2006 848 2125 910 niaque
2144 849 2195 896 ne·

188 935 286 998 quum
313 914 509 978 4444444444
535 913 688 994 loquitur,
720 918 748 977 et
775 914 927 978 rotronem
953 912 1059 996 ponit,
1090 914 1168 994 quia
1219 914 1320 996 444444
1340 912 1438 992 itabat,
1458 917 1494 976 ut
1510 903 1678 994 eupiditate
1698 915 1900 996 etproposito
1921 913 1990 980 Deo
2006 916 2195 981 adversetur.

187 1021 249 1066 non
270 1000 351 1066 stetit
377 1000 413 1064 iu
438 1000 572 1063 onitate.
620 995 706 1063 Certe
726 1018 822 1097 44444
848 1000 1032 1064 inveritate
1053 1001 1168 1082 persti-
1219 999 1291 1064 Hae
1312 963 1505 1081 improbitate
1531 997 1749 1063 exstimulatur
1775 1001 1818 1064 ad
1850 1006 1991 1065 oonatum
2019 1020 2129 1077 444444
2149 1022 2195 1066 44-

188 1088 262 1152 44444
280 1091 382 1170 nepai,
411 1085 516 1148 innuit
542 1085 753 1165 aliquando
739 1106 776 1148 44
796 1106 834 1150 eo
853 1086 962 1166 fnisse
1006 1084 1051 1150 Et
1071 1106 1168 1166 qutun
1218 1105 1304 1163 rum,
1327 1105 1409 1167 quas
1429 1084 1565 1148 4444444
1586 1084 1789 1149 adversarias
1809 1106 1876 1151 esse
1896 1085 1965 1151 Deo
1986 1091 2087 1168 putat.
2133 1085 2195 1153 Sed

183 1177 307 1271 patrem
327 1172 406 1270 fauit
425 1171 588 1247 4444444444,
610 1169 665 1234 boe
686 1169 737 1234 4444
758 1171 885 1249 adunit,
859 1176 946 1235 444
966 1169 1034 1236 Deo
1055 1172 1168 1235 uitium
1217 1172 1294 1252 quia
1321 1169 1412 1235 Deus
1440 1169 1531 1234 illum
1551 1170 1706 1251 potentiae
1731 1192 1808 1236 snae
1833 1172 1942 1253 fraeno
1970 1174 2107 1236 sinotum
2128 1192 2195 1237 eon-
2234 1222 2238 1233 ,

187 1258 324 1340 imprdet,
347 1257 439 1321 ouius
459 1257 528 1339 ipse
547 1220 610 1320 sibi
631 1275 730 1343 eausa
748 1256 820 1338 fuit.
856 1257 1042 1338 Quanquam
1063 1262 1167 1324 autem
1217 1257 1417 1338 strictumque
1433 1261 1518 1334 tenet,
1535 1277 1573 1322 oa
1593 1256 1683 1321 modo
1699 1258 1884 1339 eusequitur,
1905 1279 1986 1339 quae
2002 1257 2064 1322 sibi
2080 1258 2195 1323 diuini·

188 1344 264 1409 4444
284 1343 414 1426 44444444
433 1347 562 1407 suntet
587 1339 694 1405 minus
715 1341 798 1407 ctare
816 1343 915 1421 diota,
945 1343 988 1408 ad
1008 1343 1044 1408 id
1064 1348 1166 1408 tamen
1217 1347 1268 1408 tus
1289 1362 1430 1408 44444444
1447 1342 1582 1441 fuerint:
1603 1347 1695 1422 utone
1715 1344 1762 1407 ita
1779 1344 1909 1408 creatori
1929 1365 1994 1423 suo,
2016 1344 2087 1409 uelit
2107 1343 2192 1425 nolit,

188 1429 310 1497 abunde
331 1429 504 1511 sufficiunt,
531 1433 567 1492 nt
587 1426 651 1492 Dei
671 1429 821 1493 maiestas
842 1428 881 1492 ab
901 1429 986 1492 omui
1007 1428 1166 1493 4444444444
1217 1428 1409 1510 4444444444,
1429 1428 1505 1508 auia
1525 1428 1643 1511 eopdur
1658 1428 1872 1494 ministerium
1884 1429 2040 1511 praebere,
2056 1443 2194 1512 444444-

187 1516 368 1586 vindicetur
423 1514 469 1579 Et
494 1515 570 1595 quid
591 1517 699 1577 nostro
721 1514 828 1595 refert,
862 1513 910 1579 ael
924 1513 1041 1597 plura,
1063 1515 1143 1579 oel'
1130 1535 1166 1578 44
1216 1535 1275 1595 que
1295 1514 1347 1579 ille
1367 1513 1536 1596 inpulerit.

189 1602 290 1668 ulium
319 1602 412 1682 finem
444 1600 482 1665 de
512 1599 646 1664 diabolis
676 1599 779 1664 seire?
831 1598 984 1664 Frununt
1014 1600 1165 1680 nonnulli,
1291 1604 1355 1665 44.
1406 1598 1480 1665 Iam
1512 1620 1582 1664 uero
1614 1601 1692 1681 quio
1723 1599 1814 1665 Deus
1843 1601 2020 1668 immundos
2050 1602 2192 1684 spiritus,

188 1689 271 1770 qnod
300 1708 361 1752 non
395 1686 504 1751 ordine
534 1689 561 1750 et
588 1685 728 1750 distinete
754 1684 879 1768 lapsum
906 1686 1010 1766 444444,
1040 1687 1167 1768 eiusque
1211 1691 1308 1769 prout
1336 1685 1459 1750 libitum
1480 1691 1537 1765 est,
1565 1685 1625 1751 bue
1646 1685 1722 1752 illue
1748 1687 1887 1767 inflectit,
1916 1687 2125 1771 lnoe'repimen
2146 1688 2193 1754 ita

188 1793 326 1853 eausam,
349 1773 483 1851 modum,
505 1776 634 1853 tempus,
656 1771 786 1852 speeiem
801 1771 953 1854 pluribus
973 1771 1048 1837 loeis
1068 1772 1166 1855 sonp—
1216 1775 1372 1854 444444444,
1394 1777 1430 1836 ut
1448 1772 1555 1853 fideles
1569 1773 1741 1855 4449444444
1758 1779 1924 1853 4444444444,
1944 1774 2129 1840 adoriantur
2145 1774 2193 1838 in-

52 1905 54 1908 ,
188 1865 262 1924 tura
292 1864 432 1958 exponat.
484 1857 546 1923 Sed
577 1858 654 1956 quia
685 1856 760 1922 4444
790 1857 873 1922 nibil
893 1859 936 1923 ad
955 1878 1026 1937 nos,
1053 1858 1166 1979 melius
1215 1858 1324 1936 sidiis,
1350 1857 1582 1923 inmrsionibus
1600 1857 1773 1937 sollicitent,
1789 1860 1960 1942 propriando
1980 1865 2122 1942 urpeant,
2142 1860 2193 1942 fa·

185 1946 258 2044 (444,
280 1946 393 2010 sinon
413 1943 592 2009 4444444444
578 1965 614 2008 44
634 1948 737 2022 totum,
759 1948 793 2007 at
814 1949 891 2009 certe
911 1943 1017 2009 leniter
1037 1944 1163 2027 ottinpi,
1158 1944 1308 2026 444444
1337 1943 1431 2008 etiarn
1457 1964 1563 2025 saepe,
1591 1943 1778 2025 oonturbent,
1800 1945 2014 2028 maduerunt,
2042 1964 2078 2010 44
2099 1947 2192 2010 inter-

188 2032 264 2132 quia
285 2051 338 2096 neo
359 2031 476 2112 spiritu
493 2034 596 2094 saneto
613 2030 742 2112 44444444
756 2031 829 2111 suit,
809 2028 998 2094 444444444
1014 2029 1164 2109 historiis,
1215 2030 1291 2094 dum
1311 2029 1481 2108 4444444444,
1508 2030 1563 2094 sed
1584 2049 1746 2110 nunquam
1769 2031 1894 2118 vineant
1918 2050 1971 2096 444
1996 2031 2191 2128 opprimant,¹

187 2118 256 2183 sine
274 2118 387 2199 frudu,
406 2116 614 2180 annositatem
625 2135 771 2197 passere,
792 2121 820 2179 et
835 2116 976 2180 sidemus
993 2113 1048 2180 boo
1064 2115 1165 2197 luisse
1215 2116 1331 2197 impios
1358 2120 1460 2180 autem
1485 2114 1627 2180 44444444
1658 2115 1798 2195 trabant,
1826 2115 1861 2181 44
1889 2137 1996 2202 eorum
2023 2117 2192 2181 animisot

187 2202 324 2268 Domino
340 2204 552 2285 propositum,
573 2200 688 2264 44444
674 2221 710 2263 44
731 2202 832 2265 saeris
853 2202 923 2265 suis
943 2201 1080 2266 44444444
1101 2205 1164 2265 tro-
1215 2201 1434 2300 4444444
1420 2201 1589 2282 imperium
1615 2206 1785 2280 444444444,
1812 2203 1855 2266 od
1875 2204 1981 2267 omnia
1990 2194 2123 2286 flapitia
2143 2223 2192 2268 44-

93 2352 99 2364 ,
186 2290 270 2368 dere,
302 2288 383 2370 quod
409 2309 471 2351 non
497 2288 540 2353 ad
570 2287 812 2385 4444444444
837 2288 1033 2352 disceremus.
1077 2287 1164 2371 Erpa
1214 2286 1261 2351 444
1280 2287 1449 2368 mancipiis
1476 2286 1651 2351 4444444444
1699 2251 1856 2385 (44444444
1882 2289 1925 2352 ad
1948 2289 2055 2369 fidens
2075 2290 2190 2368 attinet,

186 2396 225 2440 ne
250 2375 453 2458 superoaouis
484 2372 549 2455 ipsi
574 2373 788 2451 immoremur,
824 2374 951 2437 44444444
983 2374 1085 2438 simus
1109 2372 1164 2437 boo
1213 2374 1291 2454 quia
1316 2371 1356 2438 ab
1383 2373 1536 2438 eiusmodi
1561 2371 1698 2438 44444444
1717 2373 1943 2454 inquietantur,
1972 2374 2040 2439 ideo
2060 2373 2120 2438 bas
2141 2394 2192 2439 en·

186 2460 317 2525 44444444
343 2460 452 2525 babere
477 2461 515 2525 de
546 2457 739 2523 diabolorum
764 2422 898 2522 dmurn:
931 2459 1110 2541 fuissepm
1110 2479 1164 2524 ma
1214 2459 1400 2524 4444444444
1420 2459 1568 2524 audiunt:
1604 2458 1709 2524 Nolite
1729 2458 1828 2524 loo‘nrn
1848 2459 1926 2524 dare
1946 2459 2066 2524 diabolo
2088 2461 2189 2559 (Eph.

186 2548 336 2612 creatione
363 2545 486 2629 anpebss
505 2543 586 2623 Dei,·
612 2544 667 2609 sed
688 2544 898 2642 depenerando
919 2564 953 2609 44
974 2545 1161 2642 perdidisse,
1214 2550 1244 2623 4,
1265 2544 1340 2629 27),·
1366 2544 1511 2610 diabolus
1539 2544 1636 2610 bostis
1663 2548 1760 2609 uester
1786 2549 1822 2609 ut
1847 2544 1893 2609 leo
1919 2546 2047 2627 rupious
2071 2547 2190 2625 oireuit,

185 2638 214 2698 et
233 2633 311 2697 aliis
328 2632 426 2730 faotos
447 2652 512 2696 esse
537 2631 589 2694 ins
589 2634 742 2694 trumenta
757 2630 953 2710 perditionis.
998 2630 1066 2695 Hae
1086 2631 1163 2711 quio
1213 2651 1366 2712 qumrerrs
1382 2651 1473 2712 quun
1488 2632 1622 2696 deuoret:
1641 2630 1696 2695 eui
1712 2629 1845 2695 resistite
1861 2630 1955 2711 fortes
1972 2630 2034 2711 pide
2051 2628 2085 2716 (1
2099 2633 2189 2696 Petr.

185 2719 261 2783 44444
281 2739 335 2801 cop
334 2720 379 2782 nit
380 2741 401 2782 u
366 2722 497 2796 terat,
528 2716 610 2781 44444
631 2716 718 2796 apud
741 2715 870 2779 Petrum
891 2721 918 2780 44
941 2714 1059 2781 Iudam
1080 2717 1163 2781 dooe-
1215 2722 1243 2795 5,
1263 2715 1309 2801 8).
1353 2717 1398 2781 Ε4
1418 2716 1575 2782 similiter
1584 2716 1623 2780 ab
1642 2715 1732 2799 boo1)
1751 2737 1860 2799 ponere
1880 2717 2060 2781 4444444444
2076 2737 2109 2780 44
2129 2737 2190 2782 444

184 2804 295 2889 444(2
314 2806 403 2869 Patr
423 2808 458 2881 2,
477 2767 507 2867 4.
542 2802 613 2865 Iud.
640 2801 682 2884 6).
731 2800 877 2900 Anpelis,
913 2803 1074 2883 inquiunt,
1107 2803 1163 2884 qui
1211 2802 1347 2883 fuisse'
1333 2823 1503 2868 4444444444
1522 2802 1638 2884 fatetur
1660 2801 1794 2882 Paulus,
1815 2823 1911 2883 quum
1932 2800 2038 2866 scribit
2059 2801 2093 2886 (2
2113 2799 2188 2867 Cor

179 2896 388 2972 peomoeraut,
410 2910 463 2954 nee
480 2892 644 2953 servarant
662 2908 755 2951 suam
776 2889 935 2984 oripinem,
958 2888 1012 2952 sed
1032 2887 1162 2969 relique·
1217 2892 1265 2966 12,
1286 2888 1321 2971 7)
1348 2889 1393 2953 ad
1411 2888 1582 2953 remedium
1602 2888 1775 2953 dunandae
1795 2887 1972 2970 superbiae,
1999 2887 2060 2952 sibi
2080 2888 2190 2953 datum

183 2981 258 3040 rant
280 2995 373 3038 suum
393 2975 594 3052 domicilium,
616 2994 678 3038 4444
692 2974 831 3055 pepercit
819 2972 950 3038 t.Deus
1213 2940 1342 3038 4444444
1363 2973 1520 3058 anysium,
1548 2995 1570 3038 a
1590 2994 1651 3054 qno
1671 2973 1901 3038 humiliaretur.
1948 2972 2099 3039 04444444
2119 2995 2190 3058 erpo

271 3065 322 3124 43.
371 3061 527 3142 Quantum
547 3080 617 3124 nero
638 3061 681 3124 ad
702 3059 892 3124 discerdiam
912 3065 1098 3158 etpupnam
1115 3063 1162 3124 at
1211 3060 1290 3141 filiis
1316 3058 1380 3125 Dei
1412 3080 1568 3123 commune
1600 3064 1646 3125 444
1673 3060 1709 3122 id
1736 3061 1923 3124 4444444444.
1977 3060 2061 3141 Quia
2087 3065 2190 3126 autem

182 3147 273 3224 tinet,
301 3167 395 3226 qnam
417 3150 547 3210 satanae
566 3165 631 3209 esse
649 3166 719 3210 oum
741 3144 808 3210 Deo
829 3145 978 3224 diuinus,
992 3144 1017 3230 ¹)
1045 3147 1091 3209 sio
1112 3164 1162 3210 ao-
1208 3146 1377 3228 4444444444
1404 3146 1463 3209 illu
1488 3145 1527 3210 de
1555 3145 1732 3210 oonterendo
1760 3151 1891 3211 satanae
1916 3148 2015 3229 eapite
2036 3146 2188 3231 ((4443,

183 3234 285 3330 cipere
310 3237 437 3312 oportet,
466 3237 501 3295 44
524 3231 623 3312 finum
644 3232 769 3296 interim
790 3230 872 3295 illud
892 3237 1029 3309 4444444,
1059 3231 1159 3311 illum,
1216 3229 1287 3315 15),
1314 3231 1358 3296 ad
1381 3231 1539 3296 Christum
1561 3223 1589 3297 et
1609 3232 1716 3296 munia
1741 3232 1811 3297 eins
1831 3231 1969 3297 membra
1990 3234 2190 3297 communiter

182 3319 248 3383 nisi
269 3317 381 3382 volente
402 3323 430 3381 44
450 3322 602 3381 annuente
622 3316 705 3397 Deo,
735 3316 816 3381 nillil
833 3317 936 3398 faeere
957 3316 1161 3400 44444144-
1207 3318 1354 3400 pertinet,
1381 3317 1449 3383 ideo
1476 3337 1550 3402 nepo
1576 3317 1658 3381 44444
1685 3337 1826 3398 unquam
1852 3317 1899 3382 444
1925 3319 2061 3399 opprimi
2088 3317 2128 3382 ab
2155 3339 2189 3383 eo

181 3405 287 3487 pimus
313 3403 451 3468 enimin
480 3401 611 3467 historia
631 3402 687 3501 Iob
727 3408 753 3481 1,
775 3406 809 3481 6;
828 3407 856 3480 2,
879 3401 928 3486 1),
952 3403 1043 3467 illum
1063 3423 1097 3467 se
1117 3404 1161 3468 44-
1209 3402 1315 3484 fideles
1337 3423 1439 3486 posse.
1491 3402 1732 3469 Consternantur
1757 3405 1882 3485 44444444
1908 3424 2012 3485 saepe,
2047 3403 2101 3468 sed
2127 3424 2190 3468 non

182 3495 260 3554 stere
281 3509 385 3553 ooram
406 3487 475 3552 Deo
501 3488 544 3552 od
571 3489 636 3552 4444
730 3510 752 3552 4
772 3451 936 3567 munidato,
963 3509 1018 3554 nee
1031 3509 1160 3572 perpere
1211 3490 1447 3567 mmuimantur,
1476 3491 1554 3571 quin
1575 3510 1608 3554 se
1634 3489 1827 3572 4444444444,
1799 3490 2016 3555 4444444444
2043 3488 2189 3554 4444444444

182 3576 297 3640 audere
323 3577 365 3639 ad
390 3574 516 3655 4444444
543 3574 669 3654 aliquod
696 3575 879 3653 obeundum,
907 3576 973 3640 nisi
993 3576 1160 3656 impetrata
1210 3574 1339 3656 iduum,
1360 3577 1415 3641 sed
1430 3581 1539 3656 postea
1560 3576 1738 3658 44444444,
1760 3576 1969 3653 amoenantur,
1992 3577 2046 3642 sed
2066 3595 2128 3639 nou
2149 3573 2190 3641 le·

181 3661 335 3743 fatuitate.
382 3659 435 3724 Sic
455 3664 483 3724 et
503 3680 600 3741 quum
621 3659 819 3742 decipiendus
840 3625 883 3725 est
905 3660 1029 3740 Anao,
1050 3661 1160 3742 resipit
1210 3660 1343 3726 44444444.
1387 3660 1531 3743 14444144
1550 3661 1597 3725 sie
1618 3660 1765 3738 laborant,
1788 3666 1846 3725 toto
1867 3660 2190 3740 munumentum

182 3767 216 3812 se
245 3748 312 3829 fore
343 3747 493 3829 spiritum
519 3747 673 3810 4444444444
698 3748 733 3810 in
761 3768 813 3811 ore
834 3748 973 3812 omnium
994 3746 1160 3828 proplieta-
1210 3747 1246 3810 iu
1270 3748 1333 3828 fine
1359 3747 1521 3811 nidoriam
1549 3746 1709 3810 obtineant.
1755 3744 1830 3811 Idm
1859 3745 1984 3811 Paulus
2003 3747 2220 3829 proruissio,

181 3853 269 3912 4444;
291 3839 320 3899 et
341 3855 361 3897 a
382 3831 518 3897 Domino
540 3832 728 3896 amandatus
748 3833 784 3897 id
798 3838 941 3915 praestat
962 3831 994 3983 (1
1009 3833 1092 3916 Reg.
1105 3835 1157 3913 22,
1209 3853 1279 3898 nem
1301 3835 1449 3915 stupemus
1470 3834 1596 3897 44444444
1612 3831 1754 3896 inclinari
1775 3832 1810 3896 44
1830 3831 1889 3896 bae
1905 3833 1978 3912 uita,
2000 3833 2055 3898 ubi
2072 3832 2189 3899 luctan-
2269 3891 2273 3898 .

183 3923 250 4006 20).
294 3918 369 3983 Hae
399 3918 519 3982 4444444
545 3922 574 3981 et
599 3917 733 3998 spiritus
758 3917 891 3983 Domini
912 3941 965 3983 ma
978 3940 1019 3984 us
1045 3919 1160 3984 dudm
1209 3919 1286 3983 diem
1307 3925 1366 3998 est,
1387 3919 1520 3983 ostendit
1527 3943 1537 3997 ‚·
1559 3923 1633 3998 post
1655 3917 1768 3981 4444444
1790 3917 1971 4000 adimpleri,
1995 3940 2092 4001 quum
2113 3920 2190 3985 444444

182 4005 215 4091 (1
236 4004 327 4071 Sam.
350 4009 398 4083 16,
421 4009 459 4067 14
479 4010 513 4070 ai
533 4005 582 4079 18,
604 4001 673 4087 10),
700 4005 756 4084 qui
783 4005 939 4087 4444444444
959 4005 1055 4083 Sani,
1077 4005 1159 4087 quod
1210 4004 1321 4088 (Rom.
1346 4008 1394 4083 16,
1413 4002 1480 4088 20),
1502 4003 1593 4067 Deus
1614 4009 1718 4067 autern
1733 4004 1828 4084 poois
1848 4002 1933 4068 brevi
1954 4011 2100 4070 satanam
2121 4025 2189 4071 eori-

180 4112 215 4156 eo
235 4092 329 4156 ueluti
346 4089 467 4173 (lapido
487 4088 701 4172 puniebantur
721 4091 814 4172 impii
835 4092 919 4174 repis
934 4095 1069 4174 peoeata
1113 4089 1158 4156 Et
1209 4094 1283 4155 teret
1308 4090 1366 4155 444
1387 4089 1521 4172 pedibus
1552 4090 1671 4154 4444444.
1728 4088 1771 4153 14
1803 4091 1903 4172 eapite
1934 4091 2057 4171 quidun
2086 4096 2189 4156 nostro

180 4176 258 4243 44444
280 4176 383 4263 (Ρ441.
404 4181 455 4255 78,
474 4176 531 4259 49)
553 4175 713 4254 44444444,
735 4177 852 4260 plaqas
871 4177 1037 4260 Aepyptiis
1055 4177 1158 4260 fuisse
1208 4196 1330 4258 sernper
1352 4176 1539 4258 adplenum
1559 4175 1675 4240 exstitit
1696 4174 1770 4240 4444
1790 4175 1933 4255 44444444,
1955 4179 2032 4259 quia
2052 4176 2133 4240 nibil
2153 4176 2189 4241 in

180 4285 202 4329 a
223 4262 292 4329 Deo
324 4262 458 4342 inflictas
482 4283 544 4344 per
575 4261 699 4346 anpelos
730 4262 837 4327 malos.
883 4263 1058 4328 Souondum
1083 4263 1158 4329 4444
1209 4283 1242 4327 eo
1262 4261 1371 4327 babuit
1388 4263 1535 4344 princeps
1555 4261 1684 4340 mundi;
1709 4262 1746 4325 in
1765 4260 1853 4326 nobis
1874 4266 1991 4341 444444,
2020 4263 2075 4343 qui
2095 4281 2188 4326 44444·

173 4349 389 4432 particularia
414 4348 567 4430 maniplo,
605 4347 730 4412 Paulus
749 4350 932 4432 9444444444
956 4354 1085 4423 testatior
1107 4370 1158 4414 eu-
1209 4348 1267 4413 bra
1283 4349 1352 4413 eius
1368 4367 1487 4426 sumus,
1506 4351 1653 4429 exparte
1668 4366 1752 4412 nune
1767 4352 1914 4429 apparet:
1930 4349 2111 4432 perfitietnr
2131 4367 2188 4411 au

178 4437 381 4500 sanationem
400 4434 629 4499 irurodutorum
650 4454 728 4516 opus
756 4455 820 4498 esse
840 4434 919 4513 Dei,
947 4455 1044 4516 quum
1066 4440 1158 4500 antea
1208 4439 1283 4514 teni,
1304 4455 1401 4516 44444
1422 4454 1514 4499 eamn
1534 4437 1641 4498 nostra
1666 4434 1766 4513 44444,
1792 4433 1960 4499 seeundum
1981 4454 2076 4514 quom
2101 4434 2189 4515 infir·

179 4526 315 4586 vocasset
330 4521 535 4603 operationum
552 4525 681 4585 satanae
703 4519 737 4599 (
759 4520 872 4585 Thess.
893 4525 921 4599 2
935 4525 963 4585 9
982 4519 1158 4619 11).(144-
1208 4485 1312 4586 mitdti
1343 4520 1467 4585 4444444
1493 4518 1596 4584 444444
1627 4539 1753 4598 snmus,
1786 4520 1921 4602 spiritus
1949 4521 2048 4584 saneti
2075 4520 2189 4584 m’rtute
2263 4573 2265 4578 .

179 4611 243 4673 stat
264 4628 334 4691 erpo
355 4605 413 4671 444
434 4605 499 4670 Dei
515 4608 677 4688 potestate
683 4625 748 4670 esse
769 4611 922 4685 satanam,
945 4608 1067 4672 etsie
1052 4606 1158 4689 ipsius
1206 4607 1293 4688 pleni
1320 4605 1540 4672 4444444144
1567 4603 1648 4670 buno
1673 4607 1799 4671 modum
1826 4605 1880 4671 ubi
1906 4606 2076 4669 siscitatur
2095 4606 2189 4689 eripi·

178 4699 258 4758 nutu
284 4694 366 4777 repi,
395 4697 431 4756 ut
457 4692 632 4774 obsequium
658 4692 785 4757 rnldere
806 4692 840 4756 ei
873 4698 1007 4776 aopatur.
1057 4693 1158 4758 Porro
1209 4698 1320 4773 tueque
1346 4712 1477 4777 reponem
1501 4690 1632 4769 0444444,
1660 4697 1753 4757 satan
1779 4711 1849 4755 oum
1869 4711 1930 4756 sua
1951 4695 2100 4773 potestate
2120 4710 2188 4757 eon·

179 4801 275 4862 quum
295 4780 433 4845 4444444
458 4783 606 4843 satanam
626 4777 695 4844 Deo
716 4779 871 4857 resistere,
900 4784 927 4842 et
953 4777 1043 4845 illius
1063 4800 1157 4860 opera
1209 4779 1292 4844 sidit.
1329 4777 1592 4860 Quenmdmodum
1609 4740 1656 4840 dit
1672 4777 1860 4841 Dominus
1847 4797 1914 4858 ipse
1934 4776 2030 4861 (Lus.
2052 4782 2091 4841 10
2092 4776 2188 4863 ,1.·8)

178 4886 249 4931 oum
277 4865 375 4930 buius
396 4864 541 4946 operibm
566 4864 734 4943 dissidere,
759 4864 839 4929 bano
864 4866 1105 4947 repupnantiam
1129 4869 1158 4929 et
1208 4863 1350 4929 44444444
1386 4870 1534 4930 satanam
1572 4863 1685 4944 quasi
1703 4863 1815 4944 fulpm
1845 4862 1884 4927 de
1914 4862 1992 4928 coelo
2023 4863 2187 4928 cadentem.

80 4952 87 4961 '
178 4951 234 5017 boe
260 4958 413 5017 certamen
441 4972 462 5014 o
484 4950 549 5015 Dei
569 4951 776 5049 permissione
795 4950 932 5032 pendere
957 4950 1054 5015 simul
1075 4970 1158 5015 4444
1210 4948 1279 5014 Hos
1305 4970 1389 5015 44444
1414 4967 1560 5032 responso
1588 4948 1748 5029 4444444444
1775 4948 1856 5027 meod
1883 4948 1921 5012 de
1941 4946 2189 5031 4444444444444

178 5039 291 5104 444444
339 5037 391 5102 De
416 5036 607 5102 minutato
593 5057 660 5102 4444
685 5057 747 5101 non
773 5037 892 5117 444444,
920 5056 974 5102 444
1000 5037 1094 5102 mam
1120 5036 1158 5103 de
1209 5056 1287 5101 4444
1310 5037 1451 5119 potentio
1478 5034 1647 5101 rdulerunt
1672 5033 1811 5115 apostoli.
1862 5033 1936 5099 Non
1958 5055 2028 5118 erpo
2055 5036 2091 5100 44
2119 5035 2189 5100 oni·

251 5310 281 5379 1)
298 5311 412 5364 dicimus
431 5308 500 5364 1550
518 5315 543 5365 et
560 5325 630 5381 seqq.
1281 5310 1311 5379 1)
1328 5310 1393 5375 flde;
1412 5315 1441 5364 et
1457 5308 1567 5371 similes.
1602 5308 1648 5362 Ab
1664 5307 1717 5362 hoo
1734 5314 1785 5380 444
1813 5305 1884 5361 1444
1901 5313 1927 5364 et
1944 5323 2015 5378 seqq.
