4770 6030
175 353 235 413 aa
759 344 859 412 car.
882 346 924 411 a.
969 347 1033 411 ns
1053 345 1221 413 sanare
1244 344 1585 414 sroarrmrrrs.
1763 427 1767 437 ,
2028 297 2032 301 ’
2121 355 2183 416 us

171 538 291 620 scripta
315 558 352 602 ac
370 535 604 619 comprehensa
626 557 706 600 esee.
750 533 856 615 Nunc,
888 543 925 601 ut
949 526 1059 615 vrdeo,
1088 537 1148 600 ali·
1203 537 1294 616 dunt,
1318 536 1395 602 solis
1412 539 1570 620 episcopis
1588 543 1830 603 sacramentum
1849 540 2065 623 sanguinisin
2080 561 2185 607 coena

170 622 256 688 unde
273 643 373 706 quam
394 643 436 686 ex
458 621 642 703 scriptmis,
672 643 752 686 vera
777 621 945 705 religionis
966 622 1071 686 forma
1092 643 1149 704 pe-
1201 623 1337 689 Domini
1358 623 1587 707 attingendum
1607 645 1687 704 esse,
1709 624 1796 707 quod
1811 625 1901 691 laicis
1918 624 1991 690 ideo
2008 624 2182 710 denegant,

169 708 269 774 tanda
290 706 506 790 dhcendaque
528 713 585 772 est.
630 708 695 772 Dei
713 728 791 791 ergo
809 709 977 790 sapientia,
1001 707 1148 772 coelestis
1202 710 1279 792 quia
1300 709 1376 774 solis
1399 709 1552 792 apostolis
1569 710 1746 774 aDomino
1769 710 1883 775 datum
1903 711 2023 776 fuerit?
2069 710 2108 778 Si
2130 734 2183 778 so-

168 796 306 873 veritas,
336 799 406 858 tota
427 792 553 858 Christi
575 793 735 871 doctina,
763 791 969 858 Christianos
988 792 1151 858 duntaxat
1202 795 1242 860 lis
1264 795 1426 878 apostolis,
1449 817 1508 860 cur
1528 816 1595 860 non
1614 796 1773 877 inferrmt,
1801 817 1879 880 ergo
1901 796 1978 862 solis
1998 797 2180 880 episcopis?

168 882 310 960 inchoat,
332 879 441 944 oleum
456 880 599 962 perficit.»
1203 879 1271 946 Sed
1288 880 1454 964 apostolos
1476 902 1514 945 eo
1534 881 1605 947 loco
1626 882 1789 965 simplices
1817 883 2024 968 presbyteros
2044 883 2179 963 faciunt,

254 967 329 1032 Hac
350 966 512 1030 sententia
533 962 732 1030 damnantur
753 986 865 1029 omnes
888 964 1024 1047 apostoli
1046 972 1080 1030 et
1100 972 1149 1031 tot
1201 988 1289 1032 nunc
1311 967 1426 1049 capitis
1447 967 1574 1051 vertigo
1597 966 1660 1032 alio
1677 989 1732 1032 eos
1755 969 1850 1052 rapit,
1866 975 1911 1032 'ut
1927 969 2034 1034 subito
2056 970 2180 1052 episco-

168 1061 346 1138 martyres,
378 1072 459 1134 quos
491 1071 659 1133 nunquam
686 1051 785 1115 fuisse
815 1050 1024 1130 chrismatos,
1059 1061 1147 1116 certo
1201 1073 1260 1134 pos
1280 1061 1400 1118 creent.

169 1141 289 1206 certius
315 1144 380 1216 est,
413 1136 543 1220 quando
571 1136 717 1200 nondum
744 1144 816 1201 erat
847 1143 997 1201 sanctum
1029 1137 1146 1218 oleum,
1287 1139 1472 1217 Postremo,
1496 1160 1561 1203 non
1583 1144 1655 1204 erat
1674 1140 1838 1221 apostolus
1859 1141 2008 1205 Ananias
2048 1142 2120 1206 Act
2135 1140 2181 1226 9),

168 1247 232 1309 quo
248 1225 380 1307 perfirsi,
403 1244 516 1288 omnes
536 1222 768 1288 christianismi
792 1243 946 1287 numeros
962 1222 1147 1306 implerent,
1200 1226 1256 1307 qui
1277 1232 1389 1289 tamen
1410 1224 1453 1288 ad
1473 1223 1617 1289 Paulum
1637 1225 1757 1290 missus
1773 1234 1832 1305 est,
1855 1232 1893 1291 ut
1913 1227 2022 1292 visum
2080 1225 2180 1315 aaa]

168 1312 222 1378 vel
248 1311 369 1394 potius,
400 1306 440 1395 [p.
460 1306 537 1395 294]
561 1307 742 1373 Christiani
761 1309 892 1388 fierent,
921 1309 977 1390 qui
1002 1308 1148 1373 nondum
1200 1312 1266 1376 reci
1309 1318 1373 1388 ret,
1400 1310 1621 1393 baptisaretur
1642 1317 1676 1375 et
1702 1310 1894 1393 impleretur
1919 1312 2036 1394 spiritu
2058 1319 2180 1377 sancto.

167 1407 271 1463 erant
314 1397 451 1472 Verum,
474 1400 511 1458 ut
531 1402 672 1472 taceam,
695 1393 824 1459 abunde
845 1416 881 1459 se
902 1395 965 1477 ipsi
985 1395 1146 1460 refellunt.
1199 1395 1254 1460 Ad
1278 1418 1332 1460 am
1353 1403 1387 1461 et
1406 1395 1468 1462 hcc
1489 1395 1724 1461 adcumulum:
1748 1397 1776 1462 ei
1792 1398 1864 1461 iure
1884 1396 1994 1463 divino
2013 1398 2182 1480 proprium

169 1482 312 1564 Quotam
340 1483 429 1546 enim
460 1480 573 1563 populi
604 1481 654 1544 sui
686 1485 816 1562 partem
848 1487 922 1563 post
949 1481 1149 1564 baptismtun
1200 1482 1261 1548 hoc
1288 1502 1408 1547 munus
1432 1483 1656 1565 episcopcrum
1687 1482 1809 1561 tuerat,
1843 1504 1902 1548 cur
1935 1485 2007 1548 ausi
2033 1490 2111 1548 sunt
2138 1483 2180 1548 ad

167 1568 376 1652 penmgrmt?
406 1567 476 1631 Gur
495 1567 597 1649 igitur
617 1567 788 1649 patiuntur
808 1566 844 1630 in
867 1588 925 1631 suo
947 1587 1047 1650 grege
1065 1567 1147 1632 tales
1199 1567 1341 1651 plebeios
1362 1568 1569 1653 presbyteros
1593 1568 1793 1633 transferre?
1835 1566 2120 1649 Quemadmodum
2141 1570 2177 1634 in

169 1654 457 1731 semichristianos,
486 1672 624 1735 quorum
652 1651 888 1734 imperfectioni
908 1651 1032 1717 mederi
1052 1652 1147 1718 facile
1199 1653 1341 1737 quadam
1368 1653 1521 1738 Gregorii
1555 1652 1692 1736 epistola
1721 1653 1850 1738 legitur.
1871 1653 1895 1738 ¹)
1948 1654 2065 1720 Altera
2095 1657 2180 1720 ratio

168 1739 261 1806 erat?
306 1738 376 1805 Our
402 1746 469 1803 tam
497 1739 615 1820 supina
634 1737 835 1821 negligentia
856 1739 1004 1806 omittere
1027 1760 1081 1804 eos
1104 1739 1147 1803 si·
1199 1761 1299 1823 quam
1318 1739 1444 1818 frivola,
1467 1740 1578 1821 inepta
1599 1745 1633 1805 et
1653 1739 1771 1805 stolida
1789 1740 1860 1804 est?
1904 1741 2100 1824 Digniorem
2120 1762 2179 1805 vo-

167 1832 265 1904 nunt,
293 1825 379 1909 quod
407 1825 512 1889 omitti
541 1825 611 1888 sine
638 1824 733 1906 gravi
758 1823 886 1906 piaculo
913 1844 979 1888 non
1005 1823 1145 1890 licebat?
1200 1847 1275 1892 care
1303 1847 1398 1891 suam
1424 1827 1719 1906 confirmationem,
1750 1847 1849 1909 quam
1876 1826 1942 1890 Dei
1970 1827 2177 1909 baptismum,

168 1911 237 1978 Gur
257 1933 326 1977 non
348 1911 492 1977 severius
510 1911 648 1993 exigunt
673 1930 745 1974 rem
772 1908 853 1974 adeo
874 1912 1092 1976 necessariam
1115 1917 1148 1975 et
1200 1913 1277 1994 quia
1303 1913 1338 1976 in
1365 1932 1405 1976 ea
1432 1912 1522 1976 frons
1550 1911 1621 1976 oleo
1647 1913 1826 1991 inficiatur,
1853 1913 1889 1976 in
1917 1912 2078 1994 baptismo
2106 1933 2179 1976 cra-

173 1999 243 2064 sine
275 2018 340 2080 qua
360 1997 448 2061 salue
480 1995 620 2060 obtineri
641 2017 706 2060 non
734 2001 855 2078 potest,
884 1998 948 2062 nisi
968 1997 1051 2061 forte
1076 1998 1149 2079 φύε
1201 1999 1302 2062 nium.
1343 1995 1447 2078 Quasi
1465 2019 1543 2062 vero
1559 1998 1741 2080 baptismus
1759 1997 1874 2062 oleoet
1894 2018 1961 2062 non
1980 2019 2064 2080 aqua
2085 2018 2180 2081 pera·

171 2085 279 2150 subita
300 2090 405 2147 morte
425 2080 633 2164 praepeditus
661 2079 780 2145 brerit?
826 2079 974 2162 Scilicet,
1003 2082 1082 2147 dum
1102 2085 1149 2147 ita
1201 2092 1305 2167 gatur.
1351 2085 1467 2148 Testor
1486 2104 1566 2148 vero
1586 2085 1657 2166 pios
1679 2104 1807 2162 omnes,
1835 2106 1877 2148 an
1905 2092 1972 2148 non
1993 2083 2055 2148 hoc
2076 2104 2181 2148 unum

170 2171 305 2238 licenter
326 2168 490 2235 contemni
506 2168 685 2250 patiuntur,
707 2168 805 2232 tacite
822 2169 966 2234 fatentur
982 2192 1049 2234 non
1065 2169 1149 2234 tanti
1201 2169 1419 2234 admoliantur
1439 2170 1495 2234 isti
1516 2169 1708 2248 nebulones,
1732 2179 1770 2233 ut
1791 2177 2069 2234 sacramentorum
2090 2170 2180 2251 puri-

169 2277 242 2321 esee
261 2256 375 2338 quanti
396 2253 575 2320 venditant.
678 2289 680 2294 ·
1068 2266 1073 2272 '
1201 2262 1302 2320 tatem
1323 2255 1483 2320 fermento
1503 2277 1561 2320 suo
1581 2255 1706 2321 vitient
1750 2255 1832 2319 Diri
1860 2255 1921 2321 hoc
1944 2255 2036 2332 alibi,
2065 2256 2123 2320 vix
2144 2256 2180 2318 in

256 2341 427 2407 Postremo
437 2340 651 2405 constituunt:
671 2338 695 2424 ¹)
714 2360 842 2404 sacram
860 2339 945 2407 banc
961 2344 1149 2408 unctionem
1201 2342 1413 2407 sacramentis
1437 2362 1497 2424 per
1519 2340 1655 2405 rimulae
1681 2340 1892 2419 interlucere,
1921 2341 2007 2424 quod
2027 2342 2092 2406 Dei
2120 2350 2179 2419 est,

170 2427 287 2493 maiori
306 2427 341 2492 in
363 2427 572 2517 veneratione
595 2424 780 2489 habendam
801 2447 881 2504 esse,
904 2448 1004 2510 quam
1024 2430 1148 2512 baptis·
1201 2429 1287 2492 inter
1307 2427 1529 2493 humanarum
1538 2426 1766 2491 inventionum
1786 2427 1927 2502 turbam,
1958 2424 1997 2491 Si
2017 2428 2091 2509 quis
2111 2427 2181 2491 eius

170 2534 277 2592 mum,
296 2512 384 2595 quod
404 2512 461 2577 illa
482 2532 685 2576 summorum
706 2513 897 2594 pontificum
918 2516 1069 2580 manibus
1091 2537 1147 2598 pe-
1201 2515 1249 2578 rei
1276 2521 1347 2578 tum
1372 2513 1473 2578 fidem
1499 2511 1582 2577 mihi
1604 2533 1670 2577 non
1696 2511 1854 2588 habebat,
1882 2513 1949 2578 suis
1972 2511 2088 2577 saltem
2109 2533 2182 2577 ma-

169 2598 336 2665 culiariter
358 2598 613 2675 administrata,
636 2597 816 2680 baptismus
838 2598 880 2663 ab
902 2601 1052 2666 omnibus
1074 2601 1147 2666 vnl-
1201 2600 1312 2683 gistris
1333 2621 1423 2665 nunc
1445 2599 1573 2664 habeat.
1612 2598 1713 2676 Ecce,
1735 2599 1912 2680 praeterita
1933 2619 2018 2680 aqua
2036 2606 2070 2662 et
2089 2597 2180 2662 nullo

169 2685 293 2770 gariter
321 2683 541 2750 sacerdotibus
574 2681 787 2747 distribuitur.
840 2681 929 2764 Quid
962 2685 1016 2750 hic
1049 2685 1147 2766 dicas,
1201 2707 1337 2750 numero
1367 2685 1493 2763 habita,
1527 2706 1631 2749 unum
1644 2683 1770 2749 ‘oleum
1802 2684 1837 2747 in
1875 2684 2035 2766 baptismo
2067 2685 2182 2766 magni

168 2771 234 2836 nisi
258 2770 356 2854 plane
373 2771 511 2835 firriesos
537 2790 622 2847 esse,
656 2769 807 2851 quisuis
834 2771 1075 2839 inventionibus
1101 2774 1148 2838 ite
1200 2773 1332 2837 faciunt
1393 2772 1463 2837 Nos
1501 2792 1578 2854 ergo
1612 2777 1725 2835 contra
1759 2768 1910 2847 dicimus,
1950 2769 1986 2832 in
2018 2769 2180 2851 baptismo

168 2855 397 2935 blandiuntru,
424 2862 462 2920 ut
483 2876 562 2938 prae
586 2855 666 2937 ipsis
688 2863 910 2922 sacrosanctas
931 2858 996 2922 Dei
1017 2859 1148 2924 institu·
1201 2859 1341 2922 frontem
1365 2879 1449 2940 aqua
1469 2857 1562 2941 tingi.
1606 2857 1694 2921 Prae
1715 2856 1794 2933 hac,
1816 2861 1964 2920 vestrum
1985 2853 2093 2920 oleum
2113 2874 2181 2918 non

168 2943 273 3008 tiones
295 2963 408 3008 secure
429 2939 659 3007 contemnant?
689 2938 737 3005 Os
754 2940 958 3026 sacrilegum,
981 2951 1060 3009 tune
1075 2946 1149 3027 pin·
1200 2944 1299 3008 unius
1326 2946 1478 3008 stercoris
1498 2944 1649 3020 facimus,
1679 2944 1748 3007 sive
1776 2942 1812 3005 in
1841 2942 2019 3023 baptismo,
2048 2941 2117 3005 sive
2144 2940 2181 3004 in

169 3028 345 3112 guedinem
366 3029 487 3093 foetore
505 3026 666 3091 duntaxat
688 3025 852 3091 anhelitus
874 3029 922 3092 tui
944 3031 1149 3112 inquinatam
1201 3031 1454 3095 confirmatione.
1507 3027 1605 3108 Quod
1633 3030 1661 3093 si
1688 3029 1761 3111 quis
1794 3028 1898 3110 pluris
1925 3026 2025 3092 vendi
2052 3025 2181 3126 alleget,

167 3122 204 3180 et
237 3115 410 3180 verborum
440 3133 608 3178 murmure
639 3113 855 3190 incantatam,
892 3114 992 3181 audes
1024 3116 1149 3181 Christi
1200 3115 1396 3198 respondere
1416 3124 1603 3197 promptum
1624 3121 1687 3190 eet,
1710 3112 1931 3180 venditionem
1952 3121 2098 3178 vestram
2119 3134 2183 3176 rm-

167 3205 372 3266 sacramento
399 3219 576 3282 opponere,
605 3204 639 3261 et
665 3199 810 3264 conferre
838 3221 912 3264 cum
938 3221 1022 3284 aqua
1048 3203 1149 3268 verbo
1200 3211 1369 3285 posturam
1387 3221 1473 3280 esse,
1495 3200 1675 3281 nequitiam
1691 3221 1774 3278 esse,
1797 3200 1922 3264 furtum
1944 3220 2023 3264 esse.
2069 3199 2183 3263 Tertia

165 3286 234 3352 Dei
261 3284 484 3351 sanctificata?
528 3285 576 3348 At
607 3305 725 3366 pamm
747 3284 809 3350 hcc
837 3287 946 3368 ipsum
973 3295 1044 3352 erat
1072 3294 1148 3352 tuae
1201 3289 1326 3352 ratione
1347 3287 1548 3371 impietatem
1570 3307 1665 3363 suam
1681 3284 1867 3363 traducunt,
1888 3285 1967 3349 dum
1988 3285 2094 3349 maius
2116 3285 2185 3349 vir·

167 3372 383 3455 improbitati,
433 3371 496 3436 nisi
535 3371 634 3435 etiam
673 3371 864 3452 praeferres.
931 3373 1024 3439 Haec
1072 3380 1150 3439 sunt
1201 3380 1310 3438 tutum
1331 3378 1545 3456 augmentum
1569 3369 1609 3522 Rp.
1624 3369 1700 3458 297]
1723 3370 1863 3436 conferri
1885 3373 1920 3434 in
1938 3369 2184 3436 confirmatione

169 3469 304 3523 sanctae
325 3457 411 3522 sedis
436 3453 477 3542 [p.
493 3453 569 3542 295]
594 3477 763 3539 responsa,
792 3457 873 3523 haec
901 3459 1067 3542 apostolici
1089 3461 1148 3523 tri·
1201 3460 1367 3543 garriunt,
1395 3477 1494 3539 quam
1516 3458 1552 3522 in
1596 3458 1752 3540 aptismo:
1790 3457 2001 3538 impositione
2023 3474 2184 3519 manuum

167 3542 264 3628 podis
284 3542 424 3608 oracula.
470 3539 538 3607 Sed
564 3541 697 3624 quidam
724 3564 837 3607 eorum
858 3545 958 3622 hanc,
988 3568 1048 3610 sua
1069 3567 1149 3629 quo-
1202 3545 1338 3627 apostoli
1356 3543 1500 3608 visibiles
1515 3543 1648 3625 spiritus
1668 3543 1791 3626 gratias
1803 3541 2082 3606 administrarant.
2107 3536 2185 3619 Qua

170 3651 236 3712 que
251 3630 411 3713 opinione,
430 3629 623 3692 effrenatam
640 3629 803 3694 insaniam
821 3639 997 3713 coeperunt
1013 3631 1149 3714 paulum
1201 3633 1236 3696 in
1258 3653 1294 3695 re
1316 3632 1453 3694 istorum
1474 3628 1637 3712 pinguedo
1660 3650 1694 3693 se
1714 3626 1908 3692 foecundam
1921 3624 2085 3691 ostendit?
2115 3623 2185 3690 Sed

167 3715 340 3781 moderari.
360 3715 488 3791 Maiori,
500 3715 660 3796 inquiunt,
671 3713 702 3798 2)
712 3717 921 3780 veneratione
932 3716 1068 3782 colenda
1084 3726 1148 3797 est;
1201 3716 1335 3782 valeant
1352 3715 1406 3780 isti
1427 3714 1657 3792 moderatores,
1678 3715 1733 3797 qui
1754 3713 1869 3778 sacrilc
1894 3713 1960 3777 'um
1977 3733 2081 3775 unum
2097 3710 2184 3774 mul-

167 3802 253 3867 forte
275 3822 341 3866 non
360 3800 400 3865 ob
428 3800 586 3864 maiorem
606 3801 763 3865 virtutem
789 3808 823 3866 et
850 3802 1024 3868 utilitatem
1050 3825 1150 3887 quam
1203 3805 1244 3867 tis
1266 3801 1445 3883 sacrilegiis
1467 3801 1625 3884 operiunt.
1670 3799 1785 3864 Nodus
1808 3734 1984 3882 gorganus
2004 3804 2063 3876 est,
2086 3817 2185 3879 quem

168 3888 325 3967 conferat,
348 3885 406 3951 sed
427 3885 504 3968 quia
521 3906 541 3950 a
559 3884 759 3968 dignioribus
778 3886 882 3967 datur,
906 3890 991 3953 etin
1008 3889 1149 3973 digniori
1202 3888 1397 3971 abrumpere
1420 3887 1523 3952 satius
1540 3886 1591 3964 sit,
1612 3906 1711 3968 quam
1733 3885 1768 3949 in
1786 3882 1992 3949 dissolvendo
2013 3889 2185 3965 tantopere

166 3980 264 4057 parte
285 3972 499 4071 corpor-istit,
522 3970 642 4048 idest,
665 3973 700 4035 in
720 3973 827 4072 fronte
834 3997 842 4054 ;
872 3973 926 4039 vel
946 3977 1023 4057 quia
1043 3977 1150 4041 maius
1200 3974 1359 4040 laborare.
1791 4057 1798 4069 ·
2002 4055 2033 4068 ..
2112 4055 2118 4067 Ι

168 4065 750 4223 {igmffibf‘bltfipffi
772 4059 1150 4228 lfilttttfit
1203 4061 1363 4212 att
1377 4054 2183 4226 ttulttrtttttttttttt?

169 4252 208 4296 se
222 4231 414 4297 Donatistae
430 4228 581 4312 produnt,
604 4231 660 4311 qui
672 4230 740 4294 vim
759 4234 954 4297 sacramenti
971 4254 991 4297 a
1007 4235 1149 4298 ministri
1202 4254 1292 4297 mam
1314 4254 1385 4298 esse
1400 4231 1492 4308 ,banc
1513 4229 1787 4306 observationem,
1816 4236 1850 4292 et
1870 4226 2049 4291 multorum
2071 4246 2184 4290 saecu-

169 4315 331 4400 dignitate
354 4314 550 4381 aestimant?
595 4313 689 4379 Faxo
712 4325 838 4394 tamen,
868 4327 1003 4384 vocetur
1022 4319 1150 4402 dignior
1202 4318 1310 4383 lorum
1332 4339 1492 4385 consensu
1512 4317 1686 4381 firmatam.
1732 4314 1873 4379 Etiamsi
1894 4312 1929 4377 id
1951 4333 2067 4378 verum
2088 4316 2182 4388 esset,

169 4403 374 4468 confirmatio
402 4423 423 4466 a
448 4400 606 4484 dignitate
633 4401 741 4484 episco
763 4402 823 4468 alis
852 4425 977 4469 manus.
1032 4402 1100 4470 Sed
1122 4407 1150 4470 ei
1203 4405 1286 4470 nihil
1308 4411 1428 4469 tamen¹
1441 4403 1594 4468 efficiunt.
1624 4401 1699 4466 Non
1720 4407 1844 4465 eterra
1861 4404 1912 4464 est
1933 4402 2183 4474 sacramentum,

169 4489 246 4571 quis
279 4489 319 4554 ab
351 4487 416 4553 illis
451 4486 646 4566 sciscitetur,
681 4509 768 4552 une
802 4495 895 4555 tante
923 4492 1151 4574 praerogativa
1203 4490 1261 4556 sed
1288 4512 1307 4555 e
1334 4490 1437 4568 coelo;
1470 4509 1538 4552 non
1566 4508 1608 4551 ex
1627 4487 1830 4564 hominibus,
1861 4484 1918 4549 sed
1945 4484 1986 4548 ab
2015 4502 2080 4546 uno
2099 4480 2182 4545 Deo.

168 4574 329 4656 episcopis
345 4573 453 4638 delata
469 4573 576 4651 brorit,
597 4594 696 4655 quam
713 4575 872 4639 rationem
890 4577 1037 4654 afferent,
1055 4598 1151 4660 prae-
1202 4578 1314 4642 Deum
1335 4597 1413 4642 suae
1436 4574 1691 4640 confirmationis
1713 4583 1860 4637 autorem
1887 4569 2026 4652 probent
2047 4572 2183 4649 oportet,

170 4669 224 4724 ter
245 4658 552 4726 suamlibidinem?
589 4657 660 4724 Soli
682 4661 817 4743 apostoli
839 4682 877 4725 ec
898 4661 969 4726 iure
990 4663 1042 4727 usi
1064 4669 1149 4740 sunt,
1204 4663 1232 4727 si
1249 4666 1491 4728 sacramentum
1508 4659 1624 4725 haberi
1640 4658 1762 4724 volunt
1802 4655 1870 4722 Sed
1891 4653 1970 4737 quid
1986 4658 2185 4718 vetustatem

171 4747 229 4846 qui
256 4746 317 4845 soli
349 4746 500 4844 spiritum
527 4754 678 4815 sanctum
709 4746 951 4811 distribuerunt.
1003 4749 1058 4813 An
1091 4747 1151 4812 soli
1204 4749 1381 4825 obiectant,
1412 4767 1489 4813 cum
1514 4753 1647 4812 veteres·
1669 4764 1831 4843 nusquam
1857 4741 1954 4839 plura
1980 4738 2106 4804 duobus
2131 4759 2186 4803 sa·

171 4829 998 5002 ttttttttlttttntttttlttlt
1019 4834 1152 4984 diti?
1205 4841 1393 4984 atta
1408 4826 1987 5000 ttttfflltttllttltt
2000 4823 2187 4975 tttdll

1206 5004 1472 5088 expugnabilem:
1496 5023 1664 5085 nunquam
1685 4998 1850 5065 veteribus
1872 4997 1985 5081 agnita
2004 4996 2105 5061 fuisse
2126 5015 2187 5077 pro

1207 5091 1436 5168 sacramentis,
1458 5111 1541 5173 quae
1562 5089 1618 5152 isti
1639 5090 1844 5152 sacramenta
1866 5083 2098 5148 ementiuutur.
2133 5080 2190 5147 De

248 5206 399 5273 l)1)ecret.
420 5207 495 5261 Grat.
515 5224 537 5260 c.
556 5209 621 5278 spir.
641 5226 663 5261 s.
684 5210 746 5263 dist.
765 5208 789 5263 5.
835 5208 865 5277 2)
882 5209 942 5262 Lib.
960 5208 986 5263 l.
1004 5217 1073 5262 sent.
1091 5209 1154 5272 dist.
1179 5222 1182 5271 Ι
1238 5213 1412 5219 *D

172 5275 200 5328 7.
219 5291 241 5330 a
259 5274 284 5327 2.
1179 5278 1182 5309 ¹
1280 5275 1309 5343 1)
1330 5277 1436 5330 Deerat.
1455 5277 1531 5330 (irat.
1549 5276 1612 5329 dist
1630 5272 1672 5329 95.
1690 5291 1712 5328 c.
1731 5273 1864 5345 pervenit.

248 5361 358 5416 Calvisi
373 5344 464 5430 opero.
506 5363 560 5417 Vol.
578 5361 603 5417 1.
1093 5354 1094 5357 ’
1945 5356 1979 5410 10
