4770 6030
181 341 242 403 189
753 339 865 405 4ΟΑΡ,
888 340 930 403 V.
974 338 1038 405 DE
1060 336 1228 405 nutele
1251 336 1590 406 SAORAMEN'HS.
2125 351 2186 412 loo

70 534 73 539 '
181 535 327 612 pastores
350 527 504 594 ecclesiae
526 529 649 607 vocari,
672 529 728 611 qui
747 529 875 595 nullum
896 551 1040 612 unquam
1062 551 1080 594 θ
1100 550 1158 594 suo
1210 528 1360 606 inimice,
1388 527 1474 610 quod
1501 550 1604 594 unum
1631 530 1781 598 omnibus
1809 531 1973 597 veteribus
2000 533 2188 601 sacerdotiis

113 619 116 623 ’
181 635 281 700 grege
302 613 460 693 viderint,
489 615 544 697 qui
565 615 725 679 violenter
752 616 787 679 in
807 616 962 680 ecclesiae
982 616 1158 697 possessio-
1211 612 1442 705 adumbratum
1463 616 1704 698 figuratumque
1726 618 1796 682 fuit.
1837 617 1878 681 In
1900 638 1938 682 eo
1959 619 2060 703 igitur
2077 621 2187 686 omnia

180 722 257 767 nem
279 701 371 783 quasi
393 701 429 764 in
446 700 564 765 hostile
580 701 752 782 praedium
768 703 955 785 irruperint,
978 702 1034 783 qui
1050 702 1158 766 foren-
1210 700 1268 764 illa
1289 699 1440 765 conclusa
1462 707 1495 764 et
1508 701 1650 784 impleta
1670 703 1820 782 firenmt,
1842 705 1877 768 in
1900 725 1937 768 eo
1959 714 2128 770 cessarunt
2148 707 2204 771 ut‘

180 787 270 854 sibus
299 786 415 870 iurgiis
443 787 614 865 evicerint,
644 787 699 869 qui
727 788 832 869 pretio
862 786 1074 866 redemerint,
1102 787 1158 868 qui
1210 786 1277 849 iam
1297 785 1466 868 aliquoties
1488 808 1508 851 a
1529 788 1622 853 nobis
1643 790 1819 872 repetitum
1839 796 1903 867 est,
1925 797 1959 854 et
1987 792 2123 873 epistola
2144 792 2190 857 ad

180 872 321 947 sordidis
341 872 503 955 obsequiis
523 873 730 951 emeruerint,
753 874 809 955 qui
826 874 919 957 pueri
935 872 1072 938 vixdum
1088 871 1158 938 bal-
1210 871 1388 949 Hebraeos,
1410 871 1509 938 nullis
1529 873 1646 956 glossis
1668 874 1788 954 adiuta,
1811 882 1958 940 testatur.
2133 943 2139 959 ,

181 960 359 1039 butientes,
392 959 427 1022 in
455 979 529 1023 eam
562 980 622 1024 ceu
652 958 888 1024 haereditatem
923 981 942 1023 a
970 959 1096 1041 patruis
1125 965 1159 1023 et
1297 955 1394 1037 Quod
1405 959 1432 1022 si
1444 964 1612 1041 tantopere
1624 960 1778 1026 Moesicis
1797 963 2009 1028 eaeremoniis
2021 961 2185 1029 oblectan-

181 1046 338 1129 cognatis,
361 1043 545 1110 creverint?
575 1046 630 1109 An
652 1066 797 1126 unquam
819 1066 857 1110 eo
878 1066 1051 1128 progressa
1073 1053 1159 1110 esset
1210 1050 1277 1106 tur:
1302 1065 1361 1108 cur
1382 1065 1448 1108 non
1470 1045 1578 1123 boves,
1601 1047 1729 1125 vitiles,
1753 1068 1865 1130 agnos,
1888 1047 1930 1112 ad
1952 1050 2111 1114 sacrificia
2132 1071 2187 1115 ra·

180 1131 300 1214 populi,
324 1131 534 1214 quantumvis
555 1132 699 1213 corrupti
720 1139 754 1196 et
773 1131 897 1215 exlegis
918 1130 1070 1195 licentia?
1210 1129 1329 1210 piunt‘l
1372 1129 1507 1195 Habent
1530 1131 1660 1213 quidem
1688 1133 1807 1198 bonam
1833 1140 1960 1216 partem
1990 1135 2113 1218 antiqui
2135 1143 2185 1200 ta·
2258 1180 2267 1192 .

266 1215 332 1297 Qui
367 1216 453 1281 hanc
478 1216 632 1282 ecelesiae
665 1217 781 1282 faciem
804 1239 887 1300 quae
912 1225 1025 1282 nostra
1052 1223 1158 1282 aetate
1210 1214 1391 1293 bernaculi,
1419 1224 1453 1279 et
1473 1216 1572 1282 totius
1595 1216 1720 1283 Iudaici
1741 1219 1856 1284 cultus.
1902 1217 1970 1285 Sed
1992 1220 2053 1285 hoc
2076 1229 2186 1286 tamen

179 1304 311 1379 visitur,
336 1303 429 1368 siccis
451 1302 590 1367 oeuliss
650 1311 721 1367 tare
742 1311 887 1386 possunt,
911 1302 1058 1368 crudeles
1081 1310 1159 1368 sunt
1210 1320 1323 1363 eorum
1355 1302 1412 1366 re'
1441 1303 1504 1366 'oni
1537 1301 1641 1382 deest,
1674 1304 1759 1388 quod
1790 1306 1911 1371 vitulos
1937 1313 1970 1373 et
1995 1307 2094 1371 boves
2120 1328 2186 1371 non

178 1398 213 1455 et
234 1389 341 1471 impii;
360 1389 509 1471 quicum
526 1322 651 1453 mallii
667 1390 801 1472 possint,
825 1389 1005 1474 negligunt,
1027 1411 1158 1454 omnem
1208 1385 1388 1450 immolant.
1449 1389 1501 1453 uis
1522 1409 1589 1453 non
1610 1389 1720 1455 videat
1741 1390 1827 1456 hano
1849 1391 2011 1457 unctionis
2033 1393 2185 1458 observa·

178 1475 454 1540 inhumanitatem
470 1471 510 1560 [p.
527 1472 604 1560 387]
617 1483 780 1557 superant.
804 1476 910 1554 Nunc,
933 1474 1019 1558 quod
1040 1497 1156 1541 secun-
1209 1471 1331 1536 tionem
1352 1473 1596 1540 circumcisione
1614 1475 1717 1540 multo
1732 1473 1778 1626 gp.
1793 1475 1868 1563 889]
1888 1499 1959 1542 esse
1977 1479 2184 1561 perniciosio-

178 1561 257 1626 dum
281 1570 332 1625 est
358 1561 394 1624 in
428 1560 694 1645 presbyterorum
725 1563 907 1640 vocatione,
941 1582 1155 1645 exequamur:
1209 1557 1301 1621 rem?
1345 1559 1555 1638 Praesertim,
1577 1562 1634 1627 ubi
1656 1583 1731 1627 acce
1756 1563 1781 1625 't
1801 1565 1996 1645 superstitio,
2019 1572 2053 1628 et
2073 1564 2186 1646 phari·

176 1668 240 1730 quo
271 1648 493 1712 caeremoniae
526 1667 645 1730 genere
676 1647 828 1712 initiandi
866 1648 940 1713 sint
995 1647 1157 1713 Dominus
1209 1643 1297 1708 saica
1317 1645 1425 1726 opinio
1447 1645 1487 1710 de
1509 1646 1668 1730 dignitate
1693 1649 1809 1731 operis.
1854 1647 1967 1714 Iudaei
1989 1651 2026 1713 in
2047 1651 2185 1715 circum-
2227 1725 2259 1735 ,Ι

178 1739 303 1818 poster,
327 1754 402 1797 cum
424 1732 584 1815 apostolos
602 1732 794 1801 emendaret
815 1733 857 1798 ad
879 1733 1041 1818 evangelii
1062 1755 1157 1816 prae·
1209 1729 1328 1794 cisione
1345 1730 1498 1796 fiduciam
1515 1733 1657 1798 iustitiae
1678 1735 1887 1816 reponebant,
1910 1736 1965 1800 isti
1981 1737 2016 1800 in
2033 1737 2186 1801 unctione

179 1819 384 1896 dicationem,
407 1819 589 1883 insufflavit
609 1820 644 1883 in
665 1840 720 1884 eos
740 1818 846 1904 (Ioan.
860 1818 926 1903 20).
972 1817 1046 1900 Quo
1067 1841 1156 1905 sym-
1209 1815 1393 1898 spirituales
1420 1820 1551 1900 gratim.
1600 1819 1674 1885 Hoc
1704 1821 1792 1884 enim
1818 1829 1881 1899 est,
1915 1822 1943 1886 si
1969 1823 2041 1887 Deo
2068 1822 2184 1904 placet,

176 1905 249 1971 bolo
272 1904 406 1986 spiritus
427 1905 532 1969 sancti
552 1905 722 1983 virtutem,
751 1927 815 1989 qua
836 1906 909 1970 illos
926 1905 1156 1986 donabat,'re-
1208 1902 1465 1981 sacrumoleum,
1477 1903 1791 1986 quodcharecterem
1801 1907 2008 1972 indelebilem
2017 1907 2183 1989 imprimit

177 1991 408 2089 praesentavit.
453 1990 551 2056 Hanc
577 1991 831 2056 insufflationem
853 1991 1059 2056 retinuerunt
1080 1991 1168 2063 boni¹
1209 1985 1312 2067 Quasi
1334 2009 1412 2053 vero
1429 1988 1537 2054 oleum
1557 1991 1692 2073 pulvere
1715 2001 1748 2057 et
1768 1993 1835 2057 sale
1857 1994 2001 2077 abstergi
2023 2014 2090 2057 non
2110 2014 2187 2076 pos-

177 2077 232 2141 1sti
260 2077 393 2154 viriet,
416 2077 509 2159 quasi
538 2077 688 2158 spiritum
721 2088 871 2143 sanctum
898 2099 916 2141 e
943 2083 1076 2161 gutture
1097 2098 1156 2142 suo
1208 2073 1266 2150 sit,
1294 2082 1351 2138 aut
1372 2075 1400 2139 si
1421 2077 1566 2141 tenacius
1589 2076 1752 2155 adhaesit,
1775 2099 1904 2161 sapone.
1947 2080 1996 2144 At
2016 2080 2187 2145 character

178 2169 329 2253 egerant,
357 2183 456 2245 super
483 2183 573 2241 suos,
603 2184 683 2244 quos
710 2163 852 2228 formant
879 2163 1077 2229 sacrificulos
1100 2163 1155 2227 de-
1208 2157 1263 2222 ille
1297 2159 1474 2241 spiritualis
1505 2168 1563 2226 est
1615 2160 1720 2250 Quid,
1737 2163 1807 2229 oleo
1839 2187 1914 2231 cum
1948 2164 2078 2230 animal
2128 2167 2184 2231 An

176 2255 398 2313 murmurant:
427 2249 562 2330 accipite
584 2250 734 2331 spiritum
756 2255 912 2314 sanctum.
957 2249 1051 2314 Adeo
1072 2248 1155 2313 nihil
1207 2244 1298 2309 obliti
1320 2253 1410 2324 sunt,
1442 2246 1534 2329 quod
1549 2268 1591 2311 ex
1616 2249 1801 2332 Augustino
1820 2252 1990 2317 occinunt:
2025 2252 2053 2316 si
2076 2250 2184 2317 detra·

176 2340 400 2418 praetereunt,
434 2334 520 2416 quod
551 2355 618 2400 non
650 2342 856 2418 praepostere
885 2357 903 2399 e
1030 2344 1059 2414 t,
1089 2356 1156 2399 non
1208 2329 1307 2395 hatur
1327 2332 1466 2397 verbum
1487 2334 1528 2398 ab
1546 2354 1638 2416 aqua,
1660 2334 1745 2398 nihil
1761 2336 1830 2400 fore
1851 2338 1914 2401 nisi
1932 2337 2102 2423 aquam;¹)
2123 2338 2184 2403 ha-

178 2420 251 2486 dico
266 2421 371 2485 instar
388 2419 593 2499 histrionum,
615 2422 672 2503 qui
683 2422 842 2486 rationem
852 2429 885 2485 et
902 2443 956 2485 mo
979 2441 1037 2484 um
1053 2441 1155 2503 quen·
1207 2416 1284 2481 bere
1309 2424 1420 2482 autem
1445 2440 1465 2483 a
1490 2419 1606 2499 verbo,
1637 2428 1675 2483 ut
1700 2421 1744 2485 sit
1772 2423 2034 2488 sacramentum?
2087 2422 2184 2504 Quod

179 2505 255 2570 dam
277 2505 400 2570 habent
427 2526 506 2571 suae
527 2507 798 2589 gesticulationis,
829 2506 886 2572 sed
912 2507 1016 2572 instar
1044 2507 1155 2571 simia-
1207 2503 1344 2568 verbum
1376 2504 1549 2569 ostendent
1580 2506 1616 2569 in
1648 2526 1708 2571 sua
1740 2507 1958 2590 pinguedine?
2008 2511 2064 2573 An
2097 2509 2183 2592 quod
2239 2500 2248 2513 ’

176 2613 260 2669 rum,
283 2612 367 2674 quae
387 2591 508 2658 lascive
521 2601 554 2656 et
564 2592 685 2674 absque
701 2592 769 2658 ullo
787 2592 913 2659 delectu
931 2591 1059 2676 quidvis
1081 2592 1154 2656 imi-
1207 2588 1293 2653 Mosi
1314 2589 1506 2656 mandatum
1523 2599 1583 2671 est,
1604 2591 1644 2656 de
1666 2593 1743 2657 filiis
1759 2595 1872 2657 Aaron
1888 2594 2051 2678 ungendis
2062 2595 2182 2678 (Exod.

176 2686 297 2742 tantur,
1207 2676 1257 2738 28.
1278 2677 1329 2739 29.
1343 2675 1421 2759 30)?
1465 2677 1514 2741 At
1531 2677 1598 2743 illic
1620 2678 1719 2742 etiam
1741 2677 1916 2743 mandatur
1938 2679 1977 2744 do
1999 2681 2119 2758 tunica,
2143 2681 2184 2746 de

263 2760 456 2843 Servamus,
491 2764 657 2847 inquiunt,
691 2765 877 2848 exemplum
909 2764 1052 2830 Domini
1108 2765 1156 2828 At
1207 2759 1328 2842 ephod,
1357 2761 1398 2826 de
1419 2761 1546 2845 galera
1574 2763 1614 2828 de
1635 2784 1755 2829 corona
1776 2766 1972 2844 sanctitatis,
1994 2766 2111 2848 quibus
2131 2788 2183 2832 or-

175 2848 282 2914 multa
303 2850 370 2934 egit
391 2850 566 2929 Dominus,
595 2871 678 2932 quae
705 2851 799 2916 nobis
826 2851 977 2933 exempla
1004 2872 1074 2916 esse
1096 2872 1154 2915 no-
1206 2844 1335 2910 nandus
1357 2854 1428 2912 erat
1444 2849 1571 2929 Aaron3
1594 2849 1634 2914 de
1651 2851 1779 2929 tunicis,
1802 2850 1950 2929 baltheis,
1974 2852 2089 2929 mitris,
2112 2854 2183 2935 qui-

175 2935 247 2999 luit.
301 2935 397 3000 Dixit
427 2937 590 3001 Dominus
622 2936 802 3020 discipulis:
837 2936 972 3019 accipite
1004 2937 1155 3019 spiritum
1206 2931 1268 2996 bus
1295 2940 1390 2998 erant
1415 2934 1574 2999 vestiendi
1601 2936 1670 3000 eius
1696 2936 1763 3000 filii.
1815 2937 1995 3003 Mandatur
2028 2936 2067 3001 de
2095 2960 2184 3004 mao-
2314 2981 2324 2997 ·
2354 2969 2362 2987 ·

176 3027 341 3100 sanctum3
369 3020 453 3085 dixit
474 3028 507 3086 et
527 3024 668 3087 Lauare:
696 3024 1044 3102 lineamentarem
1071 3022 1155 3087 dixit
1206 3016 1306 3082 tando
1328 3019 1444 3099 vitulo,
1474 3019 1514 3084 de
1542 3021 1612 3085 eius
1640 3020 1798 3087 adolendo
1825 3022 1932 3106 adipe,
1961 3023 2001 3088 de
2029 3025 2185 3091 arietibus

174 3107 370 3192 paralytico:
401 3129 498 3192 surge
526 3116 559 3173 et
585 3109 724 3174 ambula.
775 3108 845 3174 Gur
871 3131 937 3173 non
964 3108 1079 3174 eadem
1105 3108 1154 3172 di·
1206 3103 1355 3169 eeeandis
1376 3114 1410 3169 et
1435 3105 1671 3186 comburendis,
1699 3107 1739 3172 de
1760 3109 2001 3176 sanctificandis
2029 3111 2184 3178 auriculis
2207 3148 2210 3153 v

175 3199 257 3258 cunt
277 3193 428 3259 omnibus
448 3195 585 3259 mortuis
607 3203 640 3259 et
659 3194 869 3294 paralyticis?
913 3194 1056 3260 Divinae
1076 3215 1154 3259 suae
1206 3196 1240 3253 et
1260 3191 1474 3269 vestimentis,
1498 3191 1632 3257 alterius
1654 3194 1764 3259 arietis
1787 3195 1956 3279 sanguine,
1978 3203 2012 3260 et
2032 3197 2184 3263 innume·

175 3279 307 3344 virtutis
329 3280 492 3361 specimen
515 3278 630 3359 edidit,
653 3302 730 3347 cum
750 3281 947 3347 insufflando
968 3282 1004 3345 in
1026 3287 1153 3364 aposto·
1205 3297 1261 3339 rao
1283 3275 1365 3340 aliae
1387 3277 1641 3357 observationes,
1664 3279 1781 3362 quibus
1801 3283 2055 3363 praetermissis,
2082 3284 2184 3349 miror

174 3364 234 3443 los,
256 3365 390 3447 spiritus
412 3366 517 3431 sancti
539 3367 646 3450 grath
667 3366 739 3432 illos
760 3367 905 3450 replevit.
950 3367 1024 3432 Hoc
1046 3367 1153 3449 ipsum
1205 3383 1264 3426 our
1284 3383 1352 3427 una
1373 3363 1483 3428 unctio
1508 3362 1571 3428 olei
1592 3365 1656 3430 illis
1677 3366 1812 3448 placeat.
1857 3365 1895 3432 Si
1922 3374 2031 3432 autem
2054 3371 2182 3453 aspergi

176 3451 206 3515 si
231 3457 391 3516 conantur
417 3452 557 3530 efficere,
591 3453 702 3517 Deum
731 3452 938 3518 aemulantur
965 3462 999 3518 et
1025 3460 1153 3517 tantum
1247 3447 1357 3527 udent,
1377 3470 1435 3513 cur
1451 3448 1521 3514 oleo
1538 3451 1646 3532 potius
1661 3454 2180 3536 aspergimturqunmsauguine'l

175 3557 243 3601 non
267 3534 308 3601 ad
330 3544 495 3602 certamen
517 3545 703 3620 provocant.
734 3536 802 3604 Sed
823 3539 1011 3623 longissime
1034 3540 1154 3604 absunt
1232 3533 1339 3599 oilioet
1359 3555 1430 3598 rem
1450 3535 1654 3618 ingeniosam
1675 3545 1847 3603 conantum:
1871 3559 1912 3602 ex
1930 3537 2182 3605 Christianismo

176 3621 217 3687 ab
239 3623 366 3702 effectu,
389 3645 449 3688 neo
471 3622 560 3688 aliud
576 3625 686 3708 inepto
703 3625 765 3690 iste
783 3633 885 3709 gestu,
909 3646 1008 3707 quam
1021 3623 1153 3689 Christo
1205 3626 1239 3684 et
1259 3619 1434 3698 Iudaismo,
1458 3627 1491 3685 et
1511 3623 1706 3706 paganitate,
1730 3623 1820 3688 velut
1840 3624 1982 3688 consutis
2004 3630 2181 3691 centumu-

175 3707 327 3773 illudunt
377 3706 465 3781 Sunt
491 3709 623 3792 quidem
650 3709 731 3776 adeo
759 3712 913 3776 effrontes
944 3719 982 3774 ut
1008 3731 1153 3776 asserere
1204 3705 1253 3785 lis,
1277 3705 1469 3790 religionem
1491 3729 1592 3771 unam
1613 3710 1779 3773 conficere.

176 3794 294 3872 ausint,
308 3791 361 3944 Ρ.
374 3792 451 3880 388]
475 3796 614 3860 conferri
636 3818 656 3861 a
678 3818 712 3861 se
732 3797 883 3880 spiritum
903 3805 1067 3875 sanctum,
1095 3795 1153 3860 sed
1290 3792 1407 3857 Foetet
1425 3793 1526 3876 igitur
1547 3814 1659 3857 eorum
1683 3791 1724 3879 [p.
1743 3792 1820 3880 390]
1844 3797 1968 3871 unctio,
1999 3817 2081 3879 quae
2103 3797 2180 3878 sule,

175 3879 308 3962 quami
351 3901 467 3946 verum
493 3882 537 3946 sit
550 3881 649 3951 ,docet
675 3884 891 3965 experientia,
918 3904 1000 3966 quae
1023 3882 1151 3959 elamat,
1204 3876 1238 3941 id
1264 3886 1327 3956 est,
1363 3878 1464 3943 verbo
1490 3879 1553 3943 Dei
1583 3877 1777 3944 destituitur.
1829 3879 1988 3963 Superest
2020 3883 2181 3964 impositio
2244 3948 2250 3958 ,

176 3986 220 4029 ex
241 3966 331 4048 equis
349 3967 419 4031 fieri
442 3967 564 4046 asinoe,
587 3988 629 4032 ex
650 3967 748 4034 fatuis
768 3970 989 4052 phreneticos,
1017 3969 1152 4050 quicun-
1204 3984 1377 4042 manuum,
1399 3984 1498 4046 quam
1519 3964 1618 4029 fuisse
1640 3965 1681 4030 ab
1703 3965 1855 4047 apostolis
1877 3967 2083 4033 observatam
2105 3990 2181 4034 con·

175 4073 239 4134 que
268 4053 303 4115 in
336 4051 519 4119 sacerdotes
545 4062 785 4120 consecrantur.
835 4055 904 4121 Nec
937 4062 1048 4119 temen
1075 4054 1152 4119 hino
1204 4056 1283 4128 stat,
1317 4049 1441 4132 quoties
1468 4049 1609 4133 aliquem
1641 4051 1794 4117 ecclesiae
1820 4053 1999 4118 ministerio
2027 4053 2180 4145 admove·

175 4138 499 4221 pugnamillisfacio,
518 4145 647 4204 tantum
658 4143 895 4206 caeremoniam
906 4143 1011 4224 ipsam
1023 4140 1151 4218 damno,
1203 4136 1291 4200 bant
1331 4133 1412 4220 ,Qua
1430 4136 1570 4215 ratione,
1592 4137 1831 4219 impositionem
1856 4160 2015 4204 manuum
2046 4140 2180 4224 presby·
2229 4157 2232 4165 ·

177 4224 318 4374 11θὸθῶ
318 4224 527 4373 t(premplum
547 4225 634 4289 trahi
655 4225 1153 4379 nonupebmtffimdmmdess
1204 4220 1423 4372 teriitll’lplulus
1445 4230 1542 4372 vuffiap
1557 4222 1801 4374 ordinaimlilli
1814 4226 1928 4374 itplsam,
1951 4227 2072 4375 qilramiu
2094 4227 2178 4372 epis-

174 4329 234 4459 ist
268 4327 411 4460 'Pantulii
433 4310 1152 4481 ihlhgslsshleilhiirhittrhiiihliriplilieilsffiia
1204 4328 1760 4479 oQorielnquamasioioppigsbillirium
1788 4332 1825 4460 eli
1852 4332 1922 4462 Ιῗθιὲῗ)
1944 4309 2178 4480 riquiliiiidarii

174 4480 273 4545 tionis
294 4483 468 4547 excusatio.
503 4483 697 4548 Unctionem
719 4506 797 4549 vero
819 4508 839 4549 a
858 4507 921 4567 quo
943 4483 1077 4550 tandem
1098 4504 1168 4549 ae-·
1204 4480 1315 4562 accipi,
1337 4501 1397 4562 pro
1419 4488 1512 4546 coetu
1532 4481 1705 4546 seniorum.
1739 4480 1806 4546 Sed
1824 4481 2010 4564 simplicius,
2034 4502 2105 4544 meo
2128 4482 2178 4546 iu·

173 4566 351 4649 ceperunt?
395 4567 623 4650 Respondent,
645 4592 679 4634 se
702 4571 862 4654 accepisse
884 4593 905 4635 a
925 4571 1001 4635 filiis
1023 4570 1150 4635 Aaron:
1204 4565 1296 4646 dicio,
1319 4565 1359 4630 de
1382 4566 1560 4632 ministerio
1577 4566 1786 4651 intelligetur.
1830 4567 1929 4632 Hunc
1947 4573 2056 4631 autem
2078 4567 2178 4632 ritum

174 4672 196 4715 a
222 4673 286 4734 quo
313 4674 392 4718 suus
414 4654 493 4719 ordo
515 4657 654 4738 sumpsit
678 4657 816 4722 initium.
830 4657 855 4743 ¹)
898 4657 1069 4721 Perversis
1090 4655 1152 4739 igi-
1204 4650 1338 4717 ductum
1353 4653 1515 4717 'existimo
1549 4654 1590 4717 ab
1617 4652 1843 4718 Hebraeorum
1871 4674 1974 4731 more;
2007 4652 2062 4735 qui
2093 4651 2179 4735 quod

80 4800 87 4821 ‚
174 4745 229 4801 tur
250 4739 409 4822 exemplis
430 4749 586 4823 perpetuo
608 4764 643 4807 se
663 4743 748 4807 tueri
768 4743 909 4821 malunt,
937 4763 1036 4825 quam
1056 4740 1153 4806 fateri
1204 4736 1408 4803 benedictum
1431 4760 1468 4804 ec
1488 4739 1726 4805 sanctificatum
1748 4738 1915 4817 volebant,
1937 4758 2096 4802 manuum
2116 4739 2178 4802 im-

176 4844 253 4890 ese
273 4818 508 4909 excogitatum,
536 4828 622 4910 quod
648 4834 771 4894 temere
798 4835 966 4911 usurpant
1012 4826 1080 4894 Sed
1101 4828 1151 4891 in-
1203 4824 1370 4906 positione,
1393 4824 1484 4888 velut
1504 4825 1576 4889 Deo
1599 4823 1895 4908 repraesentabant.
1931 4821 1988 4889 Sic
2006 4824 2104 4889 Iacob
2121 4825 2179 4889 be·

175 4911 271 4974 terim
292 4931 359 4976 non
382 4911 660 4992 animadvertimt,
688 4913 766 4979 dum
793 4935 994 4980 successores
1021 4935 1055 4978 se
1076 4934 1151 4996 pro-
1203 4907 1392 4974 nedictums
1420 4910 1581 4993 Ephraim
1614 4918 1647 4975 et
1674 4912 1842 4986 Manasse,
1875 4930 1988 4973 eorum
2019 4910 2178 4992 capitibus

176 4994 310 5061 fitentur
338 4995 480 5062 filiorum
506 4998 633 5078 Aaron,
662 4997 786 5065 Christi
814 4998 993 5066 sacerdotio
1019 5020 1055 5064 se
1081 5019 1152 5064 esse
1203 5015 1339 5058 manum
1349 4995 1516 5079 imposuit;
1538 5017 1610 5079 quo,
1633 5006 1671 5060 ut
1682 4996 1831 5073 arbitror,
1850 4996 2042 5079 significatu,
2055 4994 2177 5074 Iudaei,

188 5169 377 5178 --ῃ-
1205 5171 1251 5176 --—-

246 5266 274 5337 1)
292 5268 389 5323 hihi,
408 5279 524 5327 sentent
543 5273 605 5326 dist
616 5272 658 5327 24.
678 5291 700 5326 c.
711 5273 736 5327 8.
755 5283 783 5328 et
800 5275 829 5328 in
845 5289 939 5327 canon.
959 5273 1021 5327 dist
1036 5271 1078 5326 21.
1092 5288 1114 5325 c
1128 5271 1151 5325 1.
1274 5269 1303 5339 1)
1322 5269 1346 5322 1.
1366 5269 1443 5322 (laus
1462 5277 1565 5339 quaest.
1585 5270 1609 5324 1.
1627 5287 1649 5323 a
1667 5269 1787 5322 detrahe.
