4770 6030
226 368 290 431 965
482 414 485 416 ψ
804 359 1070 426 mermerlo
1092 360 1196 425 ΗΕΒ.
1220 357 1401 426 CHRIST.
1427 361 1658 422 1539-21554.
2166 358 2232 422 956

1848 455 1887 546 [A
1900 471 1976 538 3043
1993 470 2105 539 eron
2122 468 2230 524 ceos.

225 552 335 619 mentis
357 551 527 628 eehibetur,
553 549 588 613 id
608 549 642 612 in
667 549 739 612 suis
764 548 838 612 otim
865 548 1049 629 recipiebant
1071 547 1200 612 ludaei:
1254 552 1320 611 erat
1351 566 1421 611 curn
1447 546 1730 626 pseudoapostolis,
1768 546 1823 624 qni
1854 546 1889 608 in
1921 546 2121 610 caeremoniis
2153 545 2233 611 solis
2351 610 2354 616 .

229 638 388 705 Christum
426 637 553 714 scilicet,
598 655 668 698 cum
705 631 926 715 spiritualibus
963 634 1032 697 suis
1071 634 1199 698 diuitiis.
1253 633 1337 696 nullo
1358 630 1476 696 Christi
1497 636 1632 712 respectu
1649 632 1797 712 pietatem
1818 632 1913 697 ntum
1934 630 2071 695 volebant
2090 622 2163 709 essi,
2185 629 2232 696 acl

229 725 330 805 Quam
362 721 471 785 habent
503 725 608 784 nostra
628 721 785 798 virtutem,
819 740 888 782 cam
920 739 1037 800 quoque
1068 719 1103 783 in
1131 720 1201 782 suis
1253 738 1303 782 eos
1324 718 1526 798 confutandos
1554 718 1632 782 satis
1653 723 1719 781 erat
1740 717 1892 781 duntanat
1912 722 2044 781 tractore
2073 717 2151 796 quid
2166 736 2232 797 per

223 807 408 886 sentiebant,·
427 812 462 870 ut
480 806 594 871 scilicet
615 811 713 870 essent
731 805 797 868 illis
818 805 943 868 dinnao
964 825 1037 887 erpa
1065 825 1098 869 se
1119 803 1202 869 bene
1253 824 1285 866 se
1305 804 1427 867 calcant
1448 804 1661 866 caeremoniae.
1707 802 1801 866 Hunc
1828 823 1945 883 quoque
1972 822 2097 883 scopum
2118 821 2231 882 sequu-

224 894 371 959 oolentioe
392 892 499 975 sipillo
519 893 555 955 in
576 911 661 973 spem
683 895 823 955 aeternae
843 890 963 954 salutis.
1252 894 1303 953 tus
1335 894 1379 953 est
1405 893 1496 969 autor
1527 888 1673 967 epistolae
1705 889 1747 951 ad
1779 887 1942 953 Hebraeos.
1992 886 2232 952 Meminerimus

312 983 361 1041 24.
407 979 454 1042 At
474 978 613 1041 obiicicnt
635 998 717 1060 quae
744 975 784 1040 de
812 975 1058 1040 circumcisione
1084 975 1201 1039 literae
1253 995 1322 1056 erqo
1346 974 1395 1037 hic
1422 976 1459 1038 de
1486 975 1685 1037 coeremoniis
1718 994 1778 1037 non
1812 975 1846 1037 in
1879 994 1940 1037 sue
1966 993 2040 1037 uera
2066 978 2095 1037 et
2119 976 2230 1038 nativa

224 1062 312 1149 apud
332 1062 478 1127 Paulum
498 1063 655 1146 leguntur
677 1062 787 1144 (Rom.
808 1065 836 1140 2,
861 1061 926 1143 25),
945 1081 1014 1124 eam
1034 1061 1119 1126 rculto
1140 1063 1201 1126 loco
1253 1059 1476 1142 siqnihcatione
1497 1060 1636 1141 acceptis,
1658 1060 1712 1132 sed
1732 1060 1776 1123 orl
1796 1060 1915 1140 falsam
1926 1079 2121 1141 pravamque
2137 1060 2232 1123 iuter-

224 1170 289 1216 esse
309 1149 398 1232 apud
418 1148 537 1226 Deum,
559 1148 640 1211 nihil
662 1148 810 1229 conferre,
840 1148 965 1210 inanem
987 1167 1059 1211 esse.
1104 1146 1201 1212 Eius·
1247 1147 1453 1225 pretationem
1475 1144 1608 1218 detortis,
1637 1165 1698 1207 non
1724 1145 1761 1209 de
1783 1146 1917 1228 leqitimo
1939 1165 2047 1209 earum
2067 1165 2144 1223 usu,
2174 1145 2230 1209 sed

223 1236 306 1302 modi
335 1237 417 1299 enim
442 1235 606 1299 sentemiac
635 1233 726 1296 illem
753 1233 850 1316 longe
885 1232 972 1295 infra
999 1230 1201 1315 baptismum
1252 1233 1290 1296 de
1311 1231 1542 1313 superstitionis
1563 1231 1664 1295 abusu
1684 1230 1850 1311 disputari.
1887 1231 1970 1311 Qur'rt
1985 1232 2085 1313 ipitur
2101 1232 2228 1308 mirum,

223 1328 376 1386 nostrum
409 1319 592 1405 deprimere
624 1317 790 1382 videntur.
848 1317 987 1381 Minime
1022 1338 1108 1383 vere.
1161 1316 1201 1380 Id
1252 1318 1282 1380 si
1320 1322 1482 1398 separatae
1513 1337 1533 1380 a
1568 1314 1690 1380 Christo
1727 1318 1934 1381 caeremoniae
1981 1318 2066 1380 muni
2116 1317 2229 1380 uirtute

223 1407 312 1471 enim
348 1407 459 1487 ipsum
498 1404 539 1469 de
579 1403 741 1486 baptismo
775 1403 847 1466 iure
881 1401 1053 1467 diceretur.
1109 1402 1201 1483 Quin
1253 1402 1434 1466 munimur?
1480 1402 1522 1465 In
1549 1393 1684 1464 nihilum
1714 1404 1796 1467 enim
1810 1403 1976 1485 ‘rediqitur
2002 1402 2158 1483 quidquid
2185 1406 2230 1466 est

223 1493 323 1557 etiem
345 1490 466 1555 dieitur
487 1490 632 1573 primum
661 1488 807 1553 ePeule
834 1488 905 1570 ipso
935 1488 968 1572 (1
989 1488 1063 1554 Cor.
1087 1493 1134 1565 10,
1156 1488 1199 1573 5),
1253 1488 1422 1571 siqnorum,
1445 1487 1499 1551 ubi
1520 1508 1570 1551 res
1592 1489 1716 1570 siqnata
1737 1488 1861 1551 tollitur.
1908 1487 1961 1551 Sic
1985 1485 2145 1566 Christus,
2174 1487 2255 1551 ubi'
2325 1544 2340 1563 ,

223 1577 279 1642 ubi
302 1575 446 1641 ostendit
467 1576 578 1639 Deum
606 1574 690 1638 nihil
718 1574 841 1637 mereri
868 1581 1039 1638 externum
1062 1573 1200 1638 ablutio·
1253 1575 1409 1656 nepotinm
1441 1572 1568 1638 habebat
1600 1593 1670 1637 cum
1702 1574 1746 1636 iis
1783 1575 1844 1655 qui
1871 1593 1992 1638 marrim
2023 1573 2106 1639 nihil
2137 1572 2229 1637 aliud

222 1684 309 1743 nem,
332 1682 397 1746 quo
419 1662 455 1724 in
476 1661 669 1743 religionem
691 1660 974 1738 initiamur,·nisi
995 1660 1127 1726 enimus
1149 1661 1200 1723 in-
1253 1679 1348 1740 quam
1374 1659 1474 1722 cibum
1500 1659 1616 1723 oenhis
1636 1659 1738 1739 fuisse
1766 1660 1949 1742 copitabaut,
1983 1679 2153 1732 sermionem
2179 1677 2230 1723 oe·

222 1757 278 1814 tus
298 1756 332 1813 et
353 1755 569 1831 repurgetur,
600 1753 635 1809 et
657 1747 693 1809 in
719 1745 865 1829 puritate
887 1744 929 1808 ed
950 1745 1105 1809 ultimum
1126 1767 1201 1829 per·
1253 1746 1421 1810 commodat
1437 1765 1562 1810 crassae
1579 1765 1684 1808 eorum
1700 1746 1850 1825 opinioni,
1873 1745 2007 1826 dicitque
2023 1765 2056 1809 sc
2071 1745 2229 1808 meliorem

223 1840 366 1913 severet3
385 1832 503 1897 deinde
521 1833 652 1896 ePetro
672 1832 704 1916 (1
724 1831 813 1894 Petr.
828 1834 856 1908 3,
870 1830 936 1913 21),
955 1829 1035 1894 dum
1048 1831 1201 1913 baptismi
1253 1831 1354 1894 cibum
1376 1830 1614 1908 administrare,
1643 1831 1699 1910 qni
1720 1832 1847 1894 animas
1872 1831 1915 1895 ad
1936 1851 2023 1912 spem
2042 1829 2227 1894 immortuli-

222 1920 398 1986 veritetem
415 1939 484 1983 non
501 1918 538 1981 in
557 1924 696 1980 externe
713 1916 852 2000 positam
869 1915 1037 1980 ablutione
1048 1924 1198 1995 testatur,
1252 1917 1327 1980 tatis
1345 1921 1454 1997 pascat
1475 1916 1580 1999 (Ioen.
1601 1920 1629 1993 6,
1650 1916 1715 2001 27).
1762 1916 1850 1997 erod
1870 1918 1899 1981 si
1921 1917 2082 1980 clarimem
2103 1916 2226 1979 solutio

224 2003 282 2070 sed
308 2004 394 2068 bono
423 2004 642 2068 eonscientiae
673 2001 870 2067 testimonio.
917 2002 963 2066 At
982 2002 1109 2066 *nidum
1137 2003 1201 2067 alio
1252 2022 1323 2065 nem
1343 2001 1494 2082 requiris,
1517 2001 1576 2065 huc
1596 2002 1692 2066 tendit
1714 2003 1852 2066 omnium
1873 2021 2004 2066 summo.
2051 2001 2161 2065 Primo
2183 2006 2227 2065 te

223 2092 317 2156 etiem
345 2091 407 2154 loco
434 2087 519 2173 (Cel.
540 2093 568 2168 2,
592 2089 644 2174 11)
677 2087 937 2153 circumcisionum
963 2108 1060 2151 manu
1085 2089 1201 2170 fartam
1252 2092 1318 2150 tum
1339 2087 1429 2150 illum
1450 2089 1715 2151 coeremoniarum
1736 2093 1934 2169 oppomtnm,
1957 2089 2064 2168 quiin
2085 2087 2227 2169 leporin-

217 2177 347 2260 penitus
376 2180 572 2252 contemnere,
606 2176 680 2238 dum
708 2194 777 2237 eom
800 2192 869 2237 cum
898 2172 1016 2238 Christi
1043 2175 1202 2238 circumci·
1252 2174 1339 2236 saica
1356 2174 1435 2254 fuit,
1458 2174 1523 2237 nisi
1545 2174 1587 2236 ad
1610 2172 1768 2238 Christum
1787 2174 1958 2256 diriqatur,
1986 2194 2051 2237 rem
2072 2193 2138 2237 esse
2158 2193 2226 2237 eoa·

223 2262 309 2326 sione
335 2265 499 2342 comparat.
544 2258 737 2341 Responleo,
768 2279 864 2339 neque
898 2259 952 2323 hoc
984 2260 1046 2323 toco
1078 2259 1202 2340 aliquid
1251 2259 1360 2322 uidam
1380 2278 1416 2322 oc
1436 2259 1537 2322 nihili.
1581 2259 1703 2323 Deinde
1729 2260 1774 2323 sic
1800 2260 1835 2322 in
1859 2258 2017 2323 Christum
2044 2259 2225 2341 respeaisse,

223 2346 385 2411 entenuari
409 2347 446 2410 de
467 2345 536 2408 eius
564 2346 721 2427 diqnitute.
766 2345 844 2408 Illic
865 2349 969 2408 cornua
990 2366 1039 2410 eos
1060 2346 1200 2428 disqmtot
1251 2349 1286 2407 ut
1320 2364 1353 2407 eo
1385 2345 1509 2408 domim
1542 2345 1577 2408 in
1610 2365 1701 2409 corne
1737 2345 1934 2425 omnifestato
1979 2345 2226 2426 complementum

226 2431 358 2509 Paulus,
381 2432 435 2512 qui
456 2451 524 2493 eam
544 2431 625 2494 celin
645 2430 852 2494 necessariam
874 2432 1076 2510 requirebant,
1089 2448 1091 2452 ’
1104 2451 1200 2511 quum
1251 2450 1346 2494 urum
1378 2429 1548 2494 habuerint.
1594 2430 1762 2509 Postremo,
1791 2432 1859 2495 eius
1895 2431 2227 2511 adoenhcoportuisse

223 2522 300 2584 esset
320 2518 387 2580 iam
408 2516 562 2598 abrepata.
606 2515 712 2580 Monet
739 2515 837 2597 ipitin
856 2514 978 2595 qhddcs,
1012 2521 1048 2579 ut
1075 2517 1199 2581 omissis
1252 2515 1414 2598 abroqari,·
1443 2536 1503 2579 non
1530 2536 1617 2580 secus
1644 2521 1735 2596 atque
1759 2518 1872 2580 umbre
1899 2517 1935 2580 in
1952 2518 2124 2598 perspicua
2151 2516 2209 2580 sol'

223 2602 373 2669 omeribm
393 2602 521 2680 nebris,
544 2602 721 2665 inveritate
738 2601 893 2664 insistant.
945 2601 1065 2683 Urqent,
1088 2602 1198 2684 inquit,
1251 2601 1316 2665 tuce
1337 2603 1494 2666 euanescit.
1539 2600 1606 2667 Sed
1634 2604 1710 2683 quia
1736 2602 1917 2685 longiorem
1939 2603 2040 2668 adhuc
2069 2602 2225 2666 decere

223 2691 278 2757 isti
298 2688 450 2772 mapistri,
470 2692 505 2751 ut
526 2707 654 2768 corpore
670 2692 772 2752 eostre
789 2684 1055 2752 circumcidantur.
1099 2688 1200 2768 Atqui
1251 2705 1434 2751 sermonem
1466 2689 1502 2752 in
1532 2709 1607 2752 eum
1640 2687 1748 2753 locum
1775 2687 1904 2767 differe,
1937 2710 2001 2770 quo
2027 2687 2237 2770 baptismum,

221 2774 429 2859 spiritualiter
464 2773 639 2837 circumcisi
676 2773 749 2838 estis
785 2773 953 2855 secundum
999 2775 1140 2838 animam
1172 2779 1200 2839 et
1250 2793 1342 2838 oum¹
1358 2774 1603 2854 circumcisione
1627 2775 1774 2838 conferre
1800 2775 1946 2853 institui,
1979 2774 2108 2856 parcius
2136 2793 2225 2837 nuno

222 2880 341 2940 corpus.
386 2858 517 2923 Habetis
538 2878 607 2941 erpo
629 2879 702 2935 rem,
725 2877 803 2938 quae
824 2857 911 2941 lonqe
929 2860 1030 2942 potior
1050 2864 1199 2940 estquam
1251 2861 1386 2943 attingo.

222 2947 341 3011 umbra.
387 2944 512 3008 Poterat
532 2948 635 3007 auten
654 2943 814 3025 quispiam
834 2949 945 3028 centra
959 2946 1108 3026 erupere:
1136 2966 1199 3010 rien
1270 3011 1272 3018 ,
1337 2948 1387 3008 26.
1432 2944 1533 3008 Forte
1559 2965 1637 3011 vero
1650 2943 1675 3030 ¹)
1704 2946 1841 3010 miseros
1869 2946 1949 3010 isles
1979 2943 2141 3026 sophistes
2170 2942 2226 3008 de-

217 3031 291 3103 ¹ideo
322 3030 525 3111 spernendam
555 3049 619 3094 csse
650 3030 803 3112 tiquram,
836 3030 912 3110 quia
944 3051 1008 3095 rem
1038 3030 1198 3109 emnem,-
1250 3037 1407 3113 oeporunt
1427 3030 1601 3095 immodioe
1623 3033 1715 3094 etium
1743 3031 1800 3095 illa
1823 3037 2103 3095 sacramentorum
2131 3048 2227 3095 enec-

223 3116 346 3200 quande
367 3120 394 3181 et
414 3115 501 3197 opud
516 3120 625 3198 patres
645 3116 757 3197 fuisset
773 3115 832 3181 illa
849 3112 996 3196 depositio
1017 3117 1127 3181 ruens
1147 3115 1198 3181 ho·
1249 3119 1330 3194 mie,
1353 3137 1437 3198 quae
1465 3115 1505 3180 de
1527 3117 1629 3200 signis
1657 3118 1779 3181 nostris
1801 3114 1888 3199 epud
1909 3124 2038 3182 veteres
2060 3115 2224 3197 leguntur.

172 3237 180 3250 ›
223 3202 336 3280 minis,
365 3202 402 3267 de
429 3222 493 3282 qna
521 3201 713 3282 loquebatur;
741 3200 854 3282 quibus
879 3207 981 3266 tamm
1008 3224 1070 3266 non
1087 3202 1199 3283 fuisset
1250 3201 1356 3283 Quale
1393 3208 1444 3266 est
1480 3201 1562 3266 illud
1595 3203 1827 3287 Augustini:²)
1864 3201 1949 3285 quod
1988 3201 2109 3267 veteris
2143 3200 2227 3285 legis

223 3293 348 3353 numia
387 3287 580 3352 circumcisio
619 3307 822 3368 supervacuo.
876 3288 970 3353 Hanc
1008 3289 1198 3353 abiectionem
1250 3291 1453 3353 saoramenta
1490 3288 1629 3353 salutem
1671 3294 1800 3352 tentum
1831 3309 1890 3370 pro
1906 3289 2077 3363 sitiebant,
2116 3294 2230 3351 nostre

216 3373 402 3455 praeuerti,
435 3393 531 3454 quum
562 3372 651 3438 addit
683 3374 838 3452 coritinuo,
875 3374 976 3455 fuisse
1009 3373 1198 3439 Colossemes
1249 3395 1327 3440 vero
1350 3373 1461 3437 dent⁸
1520 3373 1592 3438 Has
1614 3380 1648 3438 et
1673 3374 1797 3439 similes
1825 3373 1952 3439 dieendi
1979 3375 2102 3457 figures
2124 3393 2228 3454 quum

224 3456 346 3524 Christo
367 3459 555 3539 cornepultos
569 3479 631 3540 per
651 3457 844 3539 baptismum.
891 3460 957 3540 Quo
977 3458 1142 3541 siqnificat,
1164 3459 1199 3523 iol
1251 3459 1429 3524 nonenim
1471 3467 1638 3524 verterent
1663 3459 1890 3544 hyperbolicas
1913 3480 1997 3539 esse,
2025 3468 2060 3523 et
2079 3459 2142 3541 ipsi
2165 3458 2228 3543 hy-

222 3543 311 3609 hodie
332 3564 396 3609 esse
416 3543 603 3625 baptismum
628 3541 834 3624 Christianis,
862 3547 942 3626 quod
963 3546 1111 3609 colemus
1133 3550 1199 3610 erat
1249 3544 1414 3633 perbolioe
1436 3567 1497 3610 sua
1512 3545 1715 3630 peredere‘)
1734 3546 2000 3629 promulgerunt;
2019 3543 2077 3610 sed
2093 3565 2228 3626 prorsus

223 3630 424 3694 circumcisio.
538 3639 554 3665 0
1250 3632 1356 3696 alieno
1383 3653 1482 3696 seusu
1510 3652 1530 3695 a
1555 3639 1704 3695 veterum
1729 3633 1865 3714 scriptis.
1910 3631 1986 3695 Non
2021 3631 2109 3695 enim
2137 3629 2226 3694 eliud

308 3718 359 3778 25.
403 3712 449 3778 At
471 3715 551 3795 quod
578 3716 718 3796 sequitur
756 3715 921 3796 difficilius
947 3721 992 3781 est
1018 3716 1062 3780 ad
1085 3716 1199 3780 soloen-
1250 3717 1317 3782 illie
1339 3717 1443 3782 voluit
1463 3718 1680 3800 Augustinus,
1710 3738 1810 3799 quam
1832 3715 1917 3800 quod
1938 3715 2026 3781 idem
2048 3716 2126 3780 alibi
2146 3716 2227 3780 sori-

223 3800 312 3865 dum:
333 3799 477 3864 iudaicus
497 3821 600 3864 omnes
616 3802 824 3866 caeremonias
839 3800 940 3882 fuisse
957 3801 1199 3867 uucbrasrerum
1249 3803 1345 3888 bit‚·‘·)
1367 3810 1571 3867 sacramenta
1591 3804 1752 3868 meseioee
1772 3804 1854 3887 legis
1872 3801 2043 3867 Christum
2061 3822 2227 3884 praenun-

221 3885 411 3968 futnrarum,
430 3905 540 3966 cerpus
557 3906 621 3952 esse
638 3887 672 3950 in
692 3884 832 3966 Christo;
854 3887 940 3968 tonqc
956 3907 1025 3952 uero
1047 3887 1199 3969 difficitti·
1251 3890 1360 3965 tiasse,
1379 3895 1490 3952 nostre
1508 3909 1586 3953 vero
1605 3891 1808 3954 annuntiare.
1843 3887 2225 3972 EtcontraFaustum10)

222 3991 323 4049 mum,
356 3971 436 4052 quod
469 3972 575 4036 multis
607 3971 759 4053 capitibus
791 3972 935 4054 epistolae
967 3974 1009 4037 acl
1041 3971 1199 4038 Hebraeos
1248 3975 1350 4056 fuisse
1376 3974 1435 4038 itla
1464 3975 1687 4056 premissiones
1720 3996 1826 4039 rerum
1855 3974 2120 4057 complendarum·
2152 3972 2227 4037 haec

222 4061 386 4136 hortatur,
413 4059 597 4140 sanquinem
618 4056 773 4138 pecudum
799 4078 860 4121 non
881 4060 1047 4143 pertiqisse
1069 4059 1112 4124 aa
1133 4062 1198 4123 cou-
1249 4060 1368 4124 imlicio
1395 4059 1619 4140 completorum.
1664 4062 1714 4125 Ao
1741 4062 1769 4126 si
1797 4059 1932 4137 diceret,
1966 4059 2025 4124 illa
2056 4061 2225 4142 figurasse,

222 4144 383 4240 scientium
401 4142 496 4240 leqeni
517 4143 661 4208 imbuisse
679 4142 821 4207 umbram
841 4145 1021 4226 futurorum
1043 4143 1197 4224 bonorum,
1250 4166 1350 4227 quum
1372 4144 1478 4209 adhuc
1501 4145 1760 4227 exspectaretur;
1784 4155 1896 4212 nostre
1913 4145 2004 4210 velut
2020 4154 2227 4227 praesentem

222 4249 622 4395 mihimilli
634 4229 1198 4396 filb'elclclltffbwshih
1249 4232 1618 4400 bullientium,
1633 4229 2227 4400 {Cithuirittuihsshd‘uss‘ll

224 4397 410 4480 Bosporon,
436 4398 574 4462 Paulum
601 4421 661 4464 non
683 4400 750 4466 ideo
771 4401 952 4466 umbratiles
976 4403 1079 4484 facere
1100 4421 1198 4465 coere-
1249 4405 1324 4485 quit,
1351 4402 1562 4484 etprophetac
1582 4410 1776 4468 sacramenta
1800 4403 1949 4468 hebebant
1963 4401 2228 4483 praenuntiantem

222 4484 358 4562 monins,
395 4484 477 4563 qnod
498 4483 578 4547 nillil
604 4484 745 4550 haberent
765 4486 875 4567 solidi;
907 4488 961 4552 sal
988 4488 1066 4568 quia
1092 4507 1197 4551 eorum
1248 4510 1313 4553 reru
1333 4490 1614 4571 futuramprnstri
1633 4509 1702 4553 nero
1724 4490 1871 4571 temporis
1891 4494 2085 4553 sacromenta
2105 4489 2227 4552 venusc
2266 4541 2272 4557 .

222 4570 482 4652 complementum,
516 4590 613 4651 usque
641 4571 684 4633 ad
713 4570 830 4636 Christi
861 4574 1089 4649 ochibitioncm,
1127 4593 1197 4653 quo·
1249 4579 1471 4652 contestantur,
1501 4575 1583 4655 quod
1602 4575 1659 4638 illa
1680 4582 1844 4640 venturum
1858 4574 2093 4656 praedicabant.
2141 4571 2226 4654 Quid

222 4655 384 4722 mmmm
405 4675 589 4738 suspensum
620 4660 694 4720 erat.
742 4655 866 4722 Deinde
887 4679 947 4723 non
980 4657 1018 4720 cle
1048 4656 1196 4739 efficacia,
1248 4666 1351 4725 antem
1370 4661 1408 4725 ote
1429 4680 1463 4724 re
1483 4666 1511 4726 et
1532 4660 1673 4742 efficacia
1694 4662 1838 4740 senserit,
1864 4660 2013 4742 pluribus
2033 4660 2107 4725 locis
2128 4659 2226 4741 eupli·

221 4742 276 4806 sed
291 4741 398 4822 potius
419 4741 456 4806 dc
477 4742 566 4806 morlo
587 4741 784 4824 siqnclicondi
810 4743 864 4808 hoc
885 4742 1116 4824 imettiqemtum
1132 4766 1197 4811 esse
1551 4804 1557 4817 ,

222 4825 297 4890 dico.
341 4824 446 4890 Donec
467 4827 548 4890 enim
568 4829 784 4910 marrisestatus
810 4834 854 4892 cst
874 4829 909 4891 inv
930 4848 1022 4892 carne
1044 4826 1195 4910 Christus,

223 4911 329 4975 emisio
349 4912 441 4993 sique
458 4912 538 4976 oelnt
558 4913 709 4978 absentem
731 4935 800 4977 eum
821 4912 1063 4992 adumbrabant,·
1090 4921 1197 4980 utcun

222 5017 280 5077 qut
301 4997 427 5061 virtuh's
446 5017 530 5076 suae,
552 5001 661 5082 suique
682 5001 757 5064 adeo
780 4999 882 5081 ipsius
893 5001 1106 5080 praesentiam
1121 5002 1196 5083 side-
1317 5002 1346 5068 1)
1365 5019 1430 5056 vero
1453 5004 1537 5056 omitt.
1555 5000 1624 5056 1543
1641 5018 1711 5072 seqq.
1788 5001 1818 5071 2)
1836 5003 1869 5056 In
1887 5003 2025 5069 prooemio
2044 5020 2132 5056 enarr.
2151 5001 2225 5056 Psnl.
2319 4987 2375 5037 ›'

224 5082 306 5148 libus
344 5083 430 5147 imm
469 5092 624 5150 exsereret·
683 5084 745 5148 Sed
779 5084 833 5149 qm
871 5086 1007 5150 maxime
1039 5085 1197 5153 Observare
1248 5070 1289 5124 73.
1309 5088 1330 5124 e.
1349 5070 1373 5122 2.
1443 5071 1474 5138 3)
1498 5073 1662 5125 salvatorem
1685 5077 1790 5123 tentum
1814 5070 2023 5140 promittebant,
2042 5076 2137 5124 nostre
2158 5087 2224 5123 vero

223 5168 372 5247 conuenit,
395 5169 429 5232 in
444 5168 495 5233 his
512 5172 653 5235 omnibus
672 5169 748 5233 brois
768 5169 906 5236 Paulum
923 5191 984 5236 non
1005 5173 1195 5254 simpliciter,
1248 5136 1937 5279 ffigffilffi¹2⁴g3f‘44·6)41151ss¹,⁰⁸ffi⁸⁸2¹1⁵4†3
1955 5138 2100 5277 ⁸⁰·prss
2115 5141 2224 5262 ἓξὲξ

223 5253 277 5317 sed
302 5275 362 5334 per
388 5256 600 5320 munimen
632 5256 722 5336 loqn'.
778 5255 931 5336 Qumian
963 5257 1013 5322 tlh·
1045 5264 1196 5324 unomen
1248 5276 1550 5330 transeunter.
