4770 6030
170 359 231 419 801
704 352 802 419 OAP.
826 353 888 418 al.
914 353 1022 439 (VH.)
1067 350 1219 420 VETUS
1241 354 1301 418 ET
1322 352 1491 420 NOVUM
1513 351 1637 420 TEST,
1667 438 1670 443 y
1920 414 1923 419 .
2105 352 2169 420 802

169 466 533 538 Aaas;aeia;osra
1397 499 1401 519 ,

169 545 232 608 rito
259 544 415 607 iustitiam
443 455 547 608 nobis]
562 543 724 621 conciliet3
753 563 790 606 ac
812 564 878 606 non
905 542 1025 624 potius,
1055 542 1141 623 quod
1193 540 1373 607 dissentire.
1418 543 1548 607 Iustitia
1576 543 1664 607 enim
1691 563 1826 625 operum
1848 549 1898 607 est
1922 543 2066 624 perlecta
2087 543 2170 627 legis

168 631 232 693 Dci
268 627 524 693 misericordiam
561 628 785 711 amplectendo
812 628 936 693 Christi
974 629 1140 706 iustitiam,
1192 627 1383 692 obedientia.
1428 627 1544 710 Itaque
1565 629 1670 694 iustus
1700 629 1851 711 operibus
1872 649 1943 693 esse
1973 650 2039 692 non
2067 638 2167 711 potes,

169 716 209 779 ab
232 736 270 778 ea
292 715 385 780 nobis
405 715 548 778 oblatam
568 716 604 779 in
622 714 783 796 evangelii
800 714 1047 795 praedicatione,
1070 735 1141 778 cor-
1192 713 1255 778 nisi
1282 713 1368 779 hanc
1396 713 1488 778 velut
1514 721 1636 778 rectam
1669 714 1790 778 lineam
1819 720 1975 796 perpetuo
2005 715 2092 779 vitae
2121 723 2169 779 te-

169 799 262 864 dibus
289 801 409 865 nostris
442 800 600 883 obsignat
650 798 783 864 Talibus
816 800 946 881 ineptiis
980 798 1141 864 diluendis
1192 820 1273 862 6616
1295 800 1447 881 sequeris.
1488 800 1541 864 Ab
1564 821 1603 863 ea
1624 800 1680 865 ubi
1701 801 1845 882 primum
1867 800 2037 877 deflexisti,
2060 801 2096 863 in
2117 801 2164 864 in·

168 887 196 950 si
229 908 296 949 non
318 888 496 968 immoror,
529 887 659 950 veniam
691 884 814 949 dabunt
844 885 988 950 lectores.
1044 884 1141 966 Ipsae
1166 932 1168 951 .
1192 885 1350 948 iustitiam
1371 885 1541 967 prolapsus
1563 907 1605 950 es.
1651 885 1740 950 Hinc
1763 894 1899 968 apparet
1923 887 2082 950 iustitiam
2103 906 2169 950 non

39 976 42 982 '
168 972 271 1046 enim,
306 973 375 1036 sine
403 971 509 1035 alieno
542 972 680 1053 impetu,
715 978 829 1060 suapte
862 970 1027 1035 debilitate
1042 1001 1045 1007 ,
1061 971 1140 1035 satis
1165 956 1168 1058 l
1192 991 1234 1033 61
1256 991 1321 1033 666
1348 979 1406 1034 661
1431 971 1543 1052 paucis
1565 972 1715 1052 operibus
1741 973 1944 1055 contingere,
1975 971 2095 1036 sodex
2117 973 2169 1035 in·

167 1057 372 1140 franguntur.
424 1055 648 1121 Obiectionem
674 1064 785 1119 tamen
814 1077 930 1133 unam,
957 1075 1040 1136 quae
1068 1077 1140 1136 spe·
1165 1067 1169 1089 *
1193 1055 1328 1120 flexibili
1354 1055 1577 1138 indefessaque
1605 1056 1829 1123 observatione
1859 1057 1999 1121 divinae-
2018 1057 2168 1122 volunta-

167 1143 250 1207 ciem
272 1143 371 1207 habet
398 1143 539 1223 aliquam
565 1143 715 1217 rationis,
745 1142 848 1206 obiter
869 1141 1029 1206 discutere
1051 1141 1139 1219 libet,
1192 1141 1242 1205 tis.
1288 1143 1335 1204 At
1366 1141 1560 1206 iudicandae
1598 1143 1776 1206 iniustitiae
1809 1143 1913 1206 multo
1947 1142 2169 1231 diversissima

166 1250 207 1292 ne
241 1229 373 1309 quibus,
407 1249 471 1291 non
499 1226 578 1291 adeo
608 1228 805 1305 exercitatis,
839 1228 1006 1310 negotium
1031 1227 1138 1291 faciat
1192 1234 1242 1290 est
1263 1228 1355 1291 ratio.
1401 1225 1468 1306 Qui
1488 1228 1577 1292 enim
1593 1235 1759 1293 scortatus
1782 1238 1839 1305 est,
1864 1236 1921 1293 aut
1943 1230 2078 1307 furatus,
2102 1248 2168 1293 uno

167 1312 278 1392 Quum
301 1314 446 1377 'eandem
487 1334 559 1378 esse
590 1314 826 1377 contrariorum
858 1312 1006 1395 reguiam
1042 1312 1142 1377 dictet
1164 1340 1167 1359 2
1192 1311 1307 1377 delicto
1329 1313 1443 1377 mortis
1465 1320 1515 1376 est
1535 1335 1624 1378 rcus:
1653 1314 1729 1395 quia
1749 1314 1785 1377 in
1806 1315 1871 1377 Dei
1892 1315 2097 1379 maiestatem
2121 1315 2169 1378 of-

166 1421 280 1463 sensus
302 1400 497 1476 communis,
522 1420 560 1463 ac
579 1413 712 1480 peccata
734 1398 863 1481 singula
883 1399 1060 1462 iniustitiae
1081 1418 1140 1462 no-
1190 1397 1301 1462 fendit
1339 1398 1532 1481 Impingunt
1553 1397 1625 1462 ideo
1647 1400 1749 1464 nostri
1771 1399 1825 1464 isti
1847 1407 2060 1482 argutatores,
2083 1399 2169 1482 quod

165 1484 215 1548 bis
248 1493 433 1560 vertantur,
474 1492 726 1549 cousentaneum
760 1506 830 1548 esse
863 1484 968 1560 aiunt,
1002 1483 1140 1566 singulis
1191 1482 1243 1582 adL
1254 1483 1335 1548 illud
1357 1483 1467 1548 Iacobi
1488 1483 1583 1567 (Cap.
1603 1488 1631 1563 2,
1654 1482 1708 1566 lo)
1726 1505 1793 1549 non
1811 1484 1988 1550 adveramt
2005 1487 2166 1550 animum:

165 1590 290 1652 quoque
312 1570 405 1634 bonis
427 1570 578 1651 operibus
598 1570 742 1634 iustitiae
763 1569 894 1634 laudem
918 1569 1024 1634 tribui.
1073 1567 1139 1648 Qui
1190 1590 1246 1651 qm
1273 1569 1456 1650 peccaverit
1488 1571 1524 1633 in
1552 1591 1631 1649 uno,
1660 1570 1783 1635 laetum
1811 1571 1956 1636 omnium
1982 1592 2076 1635 reum
2102 1572 2169 1635 iam

165 1654 375 1736 respondent,
405 1656 445 1719 ab
473 1677 540 1719 una
564 1654 756 1719 infidelitate
778 1657 907 1737 proprie
929 1654 1058 1736 prodire
1080 1655 1139 1718 ho-
1163 1666 1167 1723 1
1190 1675 1274 1719 6666;
1304 1657 1380 1737 qnia
1401 1656 1457 1736 qui
1477 1655 1582 1721 vetuit
1601 1655 1761 1734 occidere,
1785 1658 1890 1721 vetuit
1911 1665 1944 1721 et
1965 1657 2082 1733 firrari,
2107 1664 2166 1722 616.
2278 1692 2281 1698 ·

164 1742 290 1804 6116661
313 1739 564 1819 damnationem,
587 1761 653 1803 non
675 1762 694 1805 a
714 1740 966 1822 particularibus
987 1741 1137 1822 peccatis,
1163 1728 1166 1802 l
1190 1739 1332 1805 Proinde
1355 1740 1532 1805 absurdum
1553 1741 1659 1806 videri
1680 1763 1748 1806 non
1770 1741 1873 1821 debet,
1895 1764 1997 1825 quum
2019 1741 2166 1821 dicimus,

164 1825 245 1889 mihi
267 1848 333 1890 non
355 1826 566 1891 satisfaciunt
605 1826 767 1908 Equidem
788 1827 854 1891 illis
877 1827 1044 1903 assentior,
1067 1826 1138 1890 fon·
1189 1835 1329 1890 mortem
1357 1827 1480 1890 iustum
1508 1848 1579 1891 esse
1607 1828 1860 1910 uniuscuiusque
1890 1829 2014 1911 peccati
2043 1829 2166 1910 stipen-

164 1917 231 1976 tem
259 1933 296 1977 ao
322 1911 464 1977 radicem
493 1913 639 1975 omnium
671 1912 846 1990 malorum,
876 1911 1138 1977 incredulitatem
1190 1910 1292 1975 dium:
1327 1912 1403 1994 quia
1429 1912 1564 1976 Domini
1591 1912 1815 1996 indignatione
1843 1935 1881 1979 ao
1911 1914 2035 1979 ultione
2066 1913 2167 1996 digna

167 2018 246 2061 esse.
290 1998 353 2062 Est
385 1999 471 2061 enim
499 1998 606 2079 prima
634 2019 653 2061 a
679 1998 750 2061 Deo
780 1997 927 2075 defectio,
961 2019 1060 2079 quam
1087 2018 1137 2061 se-
1161 2007 1164 2079 ξ
1189 2005 1266 2060 6661
1292 1996 1430 2080 singula
1476 1995 1543 2062 Sed
1570 1998 1714 2063 insulsus
1736 2000 1800 2064 eris
1823 2000 2045 2078 ratiocinator,
2073 2000 2102 2064 si
2123 2020 2166 2063 ex

165 2089 308 2164 quantur
330 2082 446 2147 deinde
469 2083 683 2164 particulares
715 2090 829 2147 contra
854 2082 1000 2167 legem1)
1029 2089 1137 2147 11666-
1161 2086 1164 2122 ²
1189 2081 1325 2148 adverso
1347 2083 1476 2162 inferas,
1498 2103 1564 2147 uno
1586 2105 1682 2166 opere
1701 2085 1786 2148 bono
1808 2086 1974 2151 conciliari
1993 2106 2087 2168 posse
2105 2085 2164 2148 ho-

165 2169 354 2250 gressiones.
410 2166 478 2234 Sed
517 2168 601 2250 quod
633 2168 787 2233 videntur
825 2168 962 2233 eandem
994 2176 1137 2233 statuere
1160 2138 1163 2243 l
1187 2169 1310 2232 minem
1341 2169 1431 2246 Deo,
1470 2169 1525 2251 qui
1558 2169 1670 2234 multis
1702 2171 1843 2250 peccatis
1876 2171 1946 2236 eius
1978 2172 2062 2236 iram
2090 2191 2165 2253 pro-

164 2254 321 2318 bonomm
353 2263 386 2317 61
417 2255 576 2318 malorum
608 2274 742 2336 operum
767 2254 940 2333 rationem,
974 2255 1009 2318 in
1041 2255 1137 2318 aesti-
1160 2250 1164 2337 l
1187 2262 1340 2318 meretur.
1376 2277 1380 2285 ·

164 2339 284 2403 manda
314 2340 437 2404 iustitia
463 2339 516 2404 vel
545 2341 719 2416 iniustitia,
746 2341 788 2403 16
810 2361 848 2404 66
872 2360 969 2424 cogor
995 2340 1035 2403 ab
1058 2341 1136 2422 ipsis
1161 2344 1164 2413 ζ
1249 2423 1251 2428 ³

833 3076 1037 3162 61161
1068 3077 1458 3203 6166611166.
1471 3075 1499 3158 1

253 3280 345 3375 DE
375 3279 841 3376 SIMILITUDINE
868 3280 955 3378 Ao
981 3281 1442 3378 DIFFERENTIA
1468 3243 1752 3378 VETERIS
1780 3280 1865 3376 ET
1892 3260 2059 3378 NOVI

944 3435 1377 3533 TESTAMENTI.

253 3625 279 3683 l.
331 3618 503 3684 Summam
532 3619 697 3684 doctrinae
724 3641 788 3702 qua
814 3642 856 3684 ex
885 3642 964 3685 vera
989 3622 1055 3686 Dei
1080 3643 1140 3686 no·
1189 3628 1267 3686 runt
1287 3621 1400 3687 furiosi
1422 3620 1572 3685 nonnulli
1594 3642 1636 3685 ex
1658 3589 1949 3702 Anabaptistarum
1979 3628 2081 3700 secta;
2109 3623 2166 3704 qui
2255 3666 2257 3670 »

164 3708 286 3788 strique
309 3705 432 3780 notitia,
454 3706 488 3767 in
507 3705 624 3770 salutis
641 3707 902 3771 communionem
919 3708 1138 3788 pervenimus,
1188 3728 1254 3772 666
1282 3706 1377 3771 aliter
1405 3707 1445 3771 16
1470 3707 1642 3771 israelitico
1671 3705 1789 3788 populo
1811 3706 1973 3783 sentiunt,
2001 3727 2100 3788 quam
2125 3707 2167 3773 de

164 3813 271 3874 supra,
295 3801 332 3855 ut
348 3792 446 3872 potui,
470 3800 666 3872 exsequutus
679 3813 761 3856 sum.
793 3793 890 3856 Nunc
911 3791 996 3874 quod
1014 3792 1056 3857 ad
1074 3800 1140 3858 sta-
1189 3793 1295 3874 aliquo
1327 3813 1500 3875 porcorum
1532 3813 1646 3876 grege:
1687 3799 1798 3873 utpote
1825 3812 1922 3873 quem
1949 3801 2118 3875 nugantur
2147 3815 2167 3858 a

63 3892 67 3903 ’
164 3877 341 3942 biliendam
362 3877 431 3941 eius
459 3877 557 3940 fidem
579 3899 645 3940 non
666 3898 784 3958 parum
811 3879 960 3956 interest,
989 3879 1139 3961 116661)-
1188 3879 1331 3943 Domino
1357 3880 1393 3942 in
1421 3878 1484 3942 hac
1503 3883 1592 3942 terra
1618 3877 1818 3960 saginatum,
1848 3876 1930 3940 citra
1951 3898 2043 3958 spem
2063 3878 2167 3944 ullam

164 3963 310 4045 perdicis
338 3963 542 4028 subnectam:
571 3983 779 4044 quoscunque
806 3964 954 4029 homines
978 3965 1018 4028 ab
1046 3964 1139 4029 initio
1189 3964 1335 4029 coelestis
1363 3963 1625 4029 immortalitatis.
1670 3962 1771 4026 Hunc
1799 3982 1877 4045 ergo
1902 3963 2094 4044 pestiferum
2115 3986 2166 4029 er-

81 4082 87 4092 ·
164 4048 279 4112 mundi
311 4050 403 4113 Deus
436 4050 472 4111 in
499 4048 608 4130 populi
642 4049 692 4113 sui
720 4056 839 4113 sortem
872 4051 1051 4131 cooptavit,
1084 4071 1139 4115 eos
1188 4071 1296 4114 rorem
1323 4059 1361 4113 ut
1391 4070 1560 4114 arceamus
1587 4071 1607 4113 a
1634 4049 1696 4131 piis
1725 4048 1858 4126 animis,
1887 4049 1984 4113 simul
2007 4051 2107 4114 etiam
2129 4057 2167 4113 ut

164 4134 227 4198 bac
255 4134 326 4216 lege
354 4141 449 4215 atque
484 4134 581 4197 huius
608 4134 773 4198 doctrinae
801 4135 931 4200 vinculo
959 4136 1058 4200 fuisse
1091 4135 1140 4200 illi
1189 4135 1395 4200 difficultates
1415 4155 1527 4199 omnes
1550 4136 1747 4212 eximamus,
1772 4154 1869 4216 quae,
1894 4134 2005 4199 audita
2029 4134 2166 4200 diversi·

164 4219 352 4283 foederatos.
399 4219 596 4301 Quanquam
619 4228 728 4284 autem
750 4241 832 4301 quae
854 4221 987 4304 exlege
1010 4241 1139 4303 acpro-
1188 4222 1265 4286 tatis
1291 4221 1457 4285 mentione
1484 4221 1571 4285 inter
1592 4227 1686 4286 vetus
1708 4241 1746 4284 ac
1773 4239 1896 4284 novum
1923 4227 2164 4298 testamentum,

164 4306 272 4387 phetis
299 4304 340 4368 ad
372 4305 442 4369 eius
479 4306 704 4386 probationem
734 4305 923 4388 collegimus
954 4308 1140 4372 testimonia
1189 4307 1327 4372 suboriri
1348 4307 1496 4389 protinus
1518 4306 1636 4370 solent:
1664 4305 1769 4371 obiter
1789 4306 2000 4388 inspiciamus
2021 4304 2099 4387 quid
2122 4306 2166 4369 si·

164 4391 273 4472 palam
306 4390 443 4467 faciunt,
478 4412 545 4454 non
577 4391 675 4454 aliam
707 4412 850 4473 unquam
883 4393 982 4457 161666
1013 4394 1049 4457 16
1073 4393 1140 4458 Dei
1188 4393 1274 4472 mile,
1293 4391 1411 4475 quidve
1423 4391 1590 4456 diversum
1601 4391 1752 4469 habeant,
1778 4390 1952 4473 quodolim
1971 4391 2166 4456 cumlsrae-

165 4477 283 4558 populo
312 4476 477 4558 religionis
503 4477 696 4560 pietatisque
728 4476 889 4559 regulam,
922 4478 999 4559 quia
1027 4486 1139 4543 tamen
1188 4479 1255 4543 litis
1276 4477 1397 4554 foedus,
1419 4483 1495 4541 ante
1509 4476 1635 4543 Christi
1656 4476 1842 4555 adventum,
1855 4477 2019 4541 Dominus
2031 4476 2164 4559 pepigit,

167 4560 252 4642 apud
280 4563 452 4642 scriptores
481 4561 585 4626 multa
617 4584 713 4643 saepe
742 4562 781 4626 de
804 4561 990 4627 discrimine
1018 4565 1139 4630 veteris
1188 4573 1222 4629 61
1242 4563 1328 4647 quod
1349 4585 1445 4643 nunc,
1468 4584 1506 4627 6ο
1527 4563 1744 4638 manifestato,
1766 4562 1927 4645 percussit
1947 4561 2124 4625 nobiscum.

166 4669 203 4712 ac
223 4648 300 4711 novi
321 4649 507 4712 testamenti
537 4648 744 4730 disputantur
768 4669 850 4730 quac
872 4648 1062 4731 scrupulum
1081 4670 1139 4732 pa-
1274 4654 1304 4713 2.
1359 4650 1410 4714 Ac
1436 4670 1503 4713 uno
1530 4649 1661 4731 quidem
1692 4649 1793 4713 verbo
1820 4646 1965 4729 expediri
1991 4652 2167 4729 utrumque

165 4755 240 4796 rum
271 4740 364 4798 acuto
397 4733 510 4798 lectori
542 4735 673 4799 iniicere
710 4734 850 4815 possint,
882 4734 958 4799 huie
990 4735 1035 4800 rei
1070 4757 1139 4800 me·
1169 4741 1302 4819 potest
1347 4735 1486 4800 Petrum
1507 4736 1653 4799 omnium
1680 4733 1793 4799 foedus
1821 4733 1900 4797 adeo
1929 4732 2112 4796 substantia
2133 4739 2168 4797 et

164 4818 228 4883 lius
268 4826 363 4900 atque
408 4820 554 4884 61661166
597 4818 818 4884 discutiendae
856 4819 1053 4901 peculiarem
1091 4820 1139 4884 lo-
1189 4822 1317 4904 reipsa
1343 4820 1428 4884 nihil
1450 4842 1471 4885 a
1491 4829 1603 4885 nostro
1624 4820 1746 4897 differt,
1777 4827 1814 4882 ut
1834 4839 1938 4882 unum
1959 4838 2092 4899 prorsus
2115 4827 2166 4883 at-

33 4972 39 4980 ,
86 4906 92 4919 “
164 4926 239 4968 cum
261 4905 331 4968 iure
356 4903 598 4970 destinabimus.
649 4904 865 4985 Quinetiam
894 4905 978 4987 qnod
1006 4905 1141 4971 utilissi-
1190 4928 1253 4990 que
1275 4905 1362 4971 idem
1384 4906 1441 4985 sit;
1463 4905 1701 4970 administratio
1722 4911 1833 4968 161666
1855 4905 1969 4968 variat.
2000 4900 2068 4967 Sed
2090 4904 2167 4985 quia

165 5010 257 5053 mum
277 4990 397 5071 alioqui
418 4992 564 5055 futurum
586 4998 671 5068 erat,
700 4992 919 5055 necessarium
941 4992 1035 5057 nobis
1056 4993 1140 5057 feco-
1191 5015 1233 5057 ex
1254 4999 1347 5056 tanta
1367 4991 1526 5057 brevitate
1547 5012 1643 5055 nemo
1664 4996 1788 5055 certam
1805 4988 2056 5073 intelligentiam
2078 5008 2166 5054 asse·
2241 5006 2245 5012 ·

1190 5085 1353 5160 queretur,
1376 5077 1556 5160 longiorem
1578 5075 1841 5157 explicationem,
1865 5076 1892 5140 si
1914 5074 1992 5157 quid
2012 5073 2166 5156 prodesse

234 5193 263 5260 1)
282 5195 428 5248 voruntas
446 5197 553 5249 avua
572 5194 717 5248 1636-66.
805 5193 996 5263 6661666
1018 5214 1043 5250 a.
1072 5195 1140 5250 1539
1189 5163 1350 5262 volumus,
1372 5163 1522 5262 persequi
1543 5181 1674 5260 11090820
1695 5167 1754 5225 est.
1798 5158 1974 5260 caeterum
1996 5161 2030 5224 in
2052 5160 2166 5224 simili-

167 5259 234 5329 cap.
260 5262 326 5315 Vll.
1190 5249 1314 5329 tudine,
1336 5248 1390 5314 vel
1409 5257 1518 5332 potius
1539 5253 1664 5312 unitate
1684 5245 1898 5323 ostendenda,
1921 5245 2068 5331 singulas
2089 5267 2188 5329 par-l
2295 5268 2297 5277 ’

234 5344 347 5401 (1616111
357 5364 450 5416 opera.
487 5349 545 5404 Vol.
562 5349 589 5404 1.
627 5389 633 5404 i
1155 5359 1159 5362 “
1926 5344 1960 5401 51
