4770 6030
167 368 230 430 888
348 326 506 428 ’88,
528 360 624 426 888.
648 360 777 444 (888.)
820 361 884 424 aa
905 356 1379 453 88888888888888
1401 360 1460 424 ar
1482 352 1808 428 8888888888
1829 363 1920 428 nm.
2113 367 2176 427 888

167 479 192 531 a
206 480 281 544 888
299 476 411 544 naeu
431 475 534 528 caea.

169 553 384 634 acquiescant,
404 551 482 615 dum
498 462 686 633 indelligrmt
702 549 829 615 nullam
846 569 917 614 esse
936 555 1143 632 peecatorum
1198 548 1350 614 Christus
1377 555 1516 613 testatur
1543 550 1647 634 (Ioan.
1669 557 1697 629 5,
1719 551 1773 635 11)
1796 572 1831 615 88
1852 571 1927 615 eum
1948 560 2041 633 patre
2063 573 2178 635 perpo-

170 638 401 711 diffemntiam,
436 635 531 699 modo
565 636 649 701 adsit
679 635 776 715 fides;
813 637 904 717 impii
939 644 1047 700 autem
1077 656 1143 699 non
1198 643 1253 699 tuo
1286 637 1429 717 operari,
1462 657 1649 718 quanquam
1680 637 1822 719 probant
1855 637 2037 700 Dominum
2069 639 2105 700 in
2138 639 2178 704 iis

169 730 346 790 causentur
367 722 428 787 sibi
449 721 559 786 deesse
581 721 726 806 asylum,
749 742 812 804 quo
835 742 869 785 se
890 743 910 785 a
931 722 1054 803 peccati
1077 742 1145 784 ser·
1198 743 1280 802 quae
1297 721 1374 786 fecit
1391 722 1595 786 continenter
1612 724 1749 805 operari,
1769 722 1810 786 881
1828 723 2048 787 universalem
2067 730 2178 788 tamen

168 811 273 875 8188888
295 809 461 890 888181888,
486 807 565 871 dum
587 807 732 872 oblatum
754 808 816 872 sibi
833 807 1068 890 ingratitudine
1087 828 1146 871 sua
1199 806 1290 870 illam
1315 807 1474 871 actionem
1504 809 1682 890 respiciunt
1689 832 1696 886 ;
1731 808 1788 872 sed
1818 808 1882 872 alia
1910 816 1988 872 sunt
2016 811 2179 890 apertiora

168 903 335 976 respuunt.
390 894 480 976 Ergo
513 915 614 975 quum
646 895 792 976 utrisque
824 894 888 957 Dei
926 892 1147 957 misericordia
1199 894 1393 971 testimonia,
1415 915 1515 975 quum
1536 903 1573 958 ut
1594 895 1642 959 ita
1663 895 1757 959 facile
1778 901 1888 977 pateat
1910 894 2076 977 effugium.
2109 896 2179 959 Ex·

168 1003 227 1064 per
241 980 265 1065 ¹)
289 979 496 1062 evangelium
518 980 688 1057 offeratur,
716 979 797 1044 fides
819 986 881 1056 est,
910 978 1056 1054 horest,
1082 979 1147 1042 Dei
1199 978 1319 1043 clamat
1352 979 1511 1061 propheta
1537 980 1694 1044 Ieremias
1717 980 1783 1062 (10,
1808 978 1877 1063 23);
1912 981 1993 1056 8818,
2025 981 2177 1060 Domine,

169 1066 374 1142 illuminatio,
397 1086 480 1146 quae
498 1065 587 1129 inter
609 1066 678 1146 pios
700 1072 733 1128 et
754 1066 869 1146 impios
892 1064 1076 1147 distinguit:
1111 1072 1148 1127 ut
1200 1065 1362 1146 quianon
1384 1072 1433 1128 cst
1455 1065 1597 1130 hominis
1625 1067 1679 1130 via
1701 1066 1786 1143 eius,
1814 1086 1919 1146 neque
1945 1067 2009 1130 8181
2037 1074 2074 1128 88
2100 1066 2179 1130 diri-

170 1152 333 1234 cvangelii
365 1151 543 1214 efficaciam
575 1151 623 1213 illi
656 1152 812 1229 sentiant,
848 1150 883 1213 181
910 1172 987 1214 vero
1019 1149 1147 1213 nullum
1200 1157 1257 1232 gat
1289 1171 1420 1233 gressus
1450 1172 1534 1215 suos.
1582 1151 1701 1215 Solomo
1724 1157 1826 1215 uatem
1848 1151 1960 1227 (Prov.
1981 1155 2037 1230 20,
2057 1151 2129 1236 24):
2159 1174 2180 1217 a

170 1237 246 1302 inde
267 1238 410 1325 fructum
432 1244 679 1318 consequantur.
707 1236 908 1299 Illuminatio
929 1257 1055 1318 quoque
1076 1237 1148 1317 ipsa
1200 1237 1344 1300 Domino
1367 1244 1444 1300 sunt
1466 1258 1597 1319 gressus
1619 1238 1690 1314 viri,
1714 1247 1747 1302 et
1767 1237 1926 1319 quomodo
1949 1236 2098 1318 disponet
2120 1238 2179 1303 ho·

171 1324 362 1388 electionem
382 1323 446 1386 Dei
471 1329 638 1386 aeternam
655 1343 714 1404 pro
737 1321 851 1405 regula
872 1321 980 1386 habet.
1201 1343 1255 1385 mo
1287 1322 1377 1386 8188
1411 1322 1527 1386 suam?
1572 1323 1695 1388 Dicant
1725 1344 1828 1400 nunc,
1863 1322 2029 1387 hominem
2061 1345 2080 1387 8
2107 1325 2179 1389 Ι)88

258 1412 306 1471 38.
352 1408 425 1471 188
458 1414 491 1485 88
524 1406 563 1471 818
592 1407 797 1489 providentia
830 1408 894 1472 Dei
927 1409 962 1471 in
994 1407 1149 1471 universa
1200 1409 1340 1485 moveri,
1369 1408 1549 1472 secundum
1577 1415 1714 1494 naturae
1742 1430 1820 1474 suae
1842 1409 2100 1487 inclinat-ionem3
2129 1410 2179 1492 ip-

171 1494 287 1558 mundi
310 1493 590 1557 administratione
612 1493 761 1556 nonnihil
783 1493 1024 1576 attingendum,
1055 1513 1147 1574 quae,
1202 1514 1275 1558 sum
1308 1501 1418 1557 autem
1445 1502 1634 1560 convertere
1660 1502 1800 1572 motum,
1833 1515 1897 1576 quo
1932 1495 2040 1559 visum
2071 1496 2177 1578 188818.

105 1609 110 1621 ’
172 1590 209 1643 88
236 1580 335 1661 probe
363 1578 529 1643 intellecta
556 1578 738 1643 fulciendae
765 1579 842 1644 fidei
869 1581 990 1643 mirum
1016 1579 1053 1642 in
1078 1597 1149 1641 mo·
1202 1579 1249 1642 At
1270 1579 1298 1643 si
1319 1578 1353 1642 id
1374 1601 1451 1642 8888
1473 1579 1648 1657 diceretur,
1679 1601 1779 1661 penes
1806 1580 1973 1643 homiuem
2005 1581 2088 1644 18888
2109 1583 2179 1646 818

172 1665 251 1729 dum
273 1664 437 1741 conducit,
467 1686 486 1727 8
506 1666 711 1746 paucissimis
738 1665 791 1729 881
813 1666 990 1747 percipitur
1011 1663 1064 1727 881
1087 1665 1149 1727 8188
1201 1685 1276 1728 rum
1298 1686 1432 1728 suarum
1454 1665 1633 1729 arbitrium.
1656 1666 1854 1748 thgabunt
1875 1665 1970 1745 forte,
2000 1667 2077 1748 quia
2095 1667 2179 1731 nihil

172 1752 340 1833 cogitatur.
397 1749 505 1814 Maior
537 1771 613 1832 pars
648 1750 772 1814 nudam
803 1751 868 1815 Dei
899 1750 1150 1833 praescientiam
1203 1751 1272 1814 sine
1300 1750 1364 1814 Dei
1391 1751 1538 1832 potentia
1565 1752 1682 1815 valeat.
1727 1752 1785 1815 At'
1798 1773 1899 1834 quum
1926 1752 2119 1833 prophetam
2146 1761 2180 1817 88

172 1837 225 1901 1818
248 1857 373 1917 quoque
395 1836 593 1919 imaginatur
600 1861 608 1915 ;
641 1843 724 1900 nutu
745 1847 855 1900 autem
876 1844 909 1899 et
930 1835 1150 1900 moderatione
1203 1833 1411 1900 Solomonem
1433 1844 1559 1900 8888888
1578 1858 1646 1899 888
1672 1838 1852 1918 potentiam
1873 1836 1982 1915 modo,
2011 1837 2068 1901 sed
2095 1838 2179 1903 elee-

173 1923 241 1986 eius
270 1928 386 1986 cuncta
413 1923 482 2004 geri
511 1944 714 2004 nequaquam
743 1928 845 2005 putat.
891 1922 959 1986 Alii
987 1922 1150 2003 guberna·
1202 1922 1325 1985 tionem
1347 1942 1473 2003 quoque
1496 1943 1533 1986 ac
1552 1922 1801 1987 destinationem
1819 1923 1891 1987 Deo
1909 1923 2097 2001 attribuere,
2120 1945 2178 1988 ne-

172 2009 294 2071 tioncm
321 2007 451 2089 quidem
478 2008 526 2071 illi
553 2009 751 2086 attribuunt,
785 2007 843 2071 sed
882 2005 1088 2090 contusam2)
1117 2013 1151 2070 at
1202 2028 1365 2089 quaquam
1392 2029 1427 2071 se
1455 2007 1641 2089 expediunt.
1687 2008 1796 2090 Atque
1823 2008 1909 2088 hanc
1938 2009 2109 2073 hominum
2130 2018 2178 2073 88-

124 2103 126 2107 ’
172 2094 399 2175 8888188888,
423 2100 533 2174 utpote
555 2115 637 2175 quae
659 2095 746 2158 orbis
769 2093 964 2171 machinam,
988 2091 1149 2157 8888818-
1202 2092 1386 2156 888188888
1415 2092 1581 2176 eleganter
1603 2093 1681 2157 alibi
1708 2095 1814 2175 carpit
1835 2092 1967 2158 Solomo
1995 2093 2107 2177 (Prov.
2129 2098 2178 2175 16,

173 2179 258 2262 gulis
281 2180 436 2259 partibus,
461 2179 606 2261 generali
627 2181 769 2243 motione
787 2178 899 2244 881888
916 2188 1013 2261 atque
1034 2176 1149 2259 18881-
1206 2178 1247 2261 1),
1270 2179 1327 2260 881
1349 2199 1482 2261 scopum
1510 2179 1571 2243 sibi
1594 2179 1816 2261 praestituunt
1839 2181 1910 2244 sine
1931 2180 2006 2244 Dei<
2020 2190 2178 2262 respectu,

172 2265 233 2341 lat,
266 2265 420 2345 cuiusque
451 2271 619 2330 creaturae
652 2267 812 2329 actionem
846 2265 1051 2347 peculiariter
1083 2283 1149 2326 non
1203 2268 1240 2328 ac
1264 2265 1292 2329 si
1312 2285 1415 2328 manu
1436 2264 1505 2328 eius
1532 2286 1598 2329 non
1628 2264 1833 2329 ducerentur.
1877 2266 2040 2344 Hominis,
2063 2267 2178 2347 inquit,

173 2350 301 2433 dirigat.
343 2349 441 2414 Hanc
462 2351 523 2432 ipsi
545 2349 784 2432 providentiam
801 2350 1021 2415 universalem
1040 2349 1150 2431 appal—
1203 2357 1252 2414 est
1274 2349 1441 2432 dispositio
1463 2349 1584 2429 cordis,
1614 2357 1647 2414 et
1664 2350 1800 2414 Domini
1820 2357 1869 2413 est
1890 2352 2094 2433 praeparatio
2116 2352 2180 2415 lin-

172 2436 251 2513 lant,
273 2457 338 2517 qua
359 2436 441 2499 nihil
469 2436 619 2517 impediri
641 2437 790 2515 tradunt,
819 2436 872 2501 vel
893 2443 1059 2501 creaturas
1081 2455 1150 2498 om·
1203 2456 1295 2518 guae.
1340 2435 1493 2501 Ridicula
1510 2457 1589 2501 sane
1610 2436 1755 2514 insania,
1781 2435 1867 2517 quod
1888 2436 1993 2500 facere
2016 2438 2085 2500 sine
2107 2438 2179 2501 Deo

172 2544 231 2586 888
249 2523 421 2604 88881888
437 2523 664 2605 contingenter
679 2530 880 2600 moveantur,
904 2521 957 2587 881
974 2521 1149 2598 18881888,
1201 2521 1380 2586 instituunt
1406 2522 1518 2586 818881
1544 2522 1707 2600 hominos,
1742 2522 1796 2603 qui
1830 2542 1871 2585 ne
1898 2521 2020 2603 profari
2048 2522 2179 2604 quidem

99 2650 103 2657 -
172 2609 344 2689 quominus
371 2607 472 2671 libero
500 2608 677 2672 voluntatis
704 2608 837 2672 arbitrio
866 2609 930 2671 hue
953 2614 1049 2688 atque
1072 2606 1149 2670 illuc
1201 2614 1351 2688 possunt,
1382 2607 1446 2672 nisi
1473 2606 1559 2689 quod
1585 2607 1640 2671 ille
1668 2606 1816 2672 88188818.
1860 2607 1964 2671 Porro
1989 2629 2051 2688 quo
2073 2609 2179 2690 magis

173 2715 207 2758 se
230 2702 406 2759 convertat.
452 2691 508 2758 Sic
537 2694 625 2758 enim
653 2695 844 2776 praesertim
872 2695 958 2756 inter
984 2693 1094 2755 Deum
1117 2697 1150 2754 et
1202 2693 1401 2773 exprimeret
1428 2694 1602 2774 scriptura,
1632 2692 1715 2756 nihil
1740 2693 1871 2774 penitus
1892 2693 1927 2755 in
1954 2692 2077 2756 mundo
2099 2695 2178 2776 geri,

173 2779 339 2843 hominem
371 2781 573 2861 partiuntm·,
614 2788 651 2842 ut
681 2780 736 2843 ille
773 2781 949 2843 motionem
982 2778 1059 2841 huic
1090 2798 1150 2841 sua
1202 2778 1267 2842 nisi
1288 2800 1330 2843 88
1351 2780 1422 2843 eius
1443 2778 1672 2857 destinatione,
1702 2799 1785 2859 quae
1810 2778 1953 2842 maximo
1975 2779 2108 2842 fortuita
2129 2779 2179 2844 81-

172 2866 294 2929 virtute
316 2866 468 2947 inspiret,
496 2873 534 2929 ut
556 2887 652 2948 agere
679 2866 781 2947 possit
807 2886 866 2948 pro
888 2872 1025 2929 naturae
1047 2863 1150 2926 8118-
1204 2863 1337 2939 dentur,
1373 2864 1422 2928 illi
1454 2865 1620 2930 subiacere
1647 2864 1795 2928 ostendit.
1841 2862 1930 2944 Quid
1958 2864 2046 2927 enim
2073 2865 2179 2947 magis

173 2949 258 3013 ditae
287 2953 412 3014 8881888
418 2975 426 3029 ;
461 2950 514 3016 hic
543 2960 652 3015 autem
686 2952 828 3016 actiones
862 2972 937 3015 88888
965 2949 1149 3014 8818888818
1203 2948 1378 3030 88188888
1400 2950 1537 3029 referas,
1565 2971 1663 3033 quam
1685 2949 1764 3013 dum
1790 2956 2053 3032 praetereuntem
2074 2950 2178 3015 viato-

172 3036 305 3099 consilio
326 3037 521 3101 moderetur.
567 3038 729 3114 Breviter,
752 3038 817 3101 Dei
834 3036 988 3119 potentia,
1007 3034 1064 3100 sed
1082 3055 1149 3097 non
1202 3056 1272 3098 rem
1295 3035 1458 3101 defractus
1480 3057 1522 3099 88
1542 3036 1656 3100 arbore
1679 3056 1790 3100 ramus
1811 3034 1987 3100 interficit?
2018 3035 2065 3099 At
2081 3036 2179 3119 longe

173 3121 402 3201 destinatione,
431 3123 605 3201 mundum,
638 3146 691 3188 res
718 3124 889 3186 hominum
916 3121 1067 3203 ipsosque
1089 3120 1149 3183 ho·
1202 3120 1297 3185 aliter
1319 3123 1494 3199 Dominus,
1523 3122 1579 3204 qui
1607 3143 1641 3186 sc
1669 3121 1790 3186 fatetur
1811 3120 1930 3206 (Exod.
1952 3125 2001 3199 21,
2027 3125 2081 3204 13)
2104 3143 2179 3186 cum

172 3208 277 3270 mines
316 3208 492 3289 gubernari
528 3209 652 3273 881888.
709 3210 814 3273 Taceo
853 3208 1046 3289 Epicureos,
1085 3227 1150 3288 qua
1202 3206 1375 3271 tradidisse
1412 3208 1449 3270 in
1488 3228 1625 3271 manum
1663 3208 1822 3272 occisoris.
1880 3204 1992 3271 Sortes
2031 3208 2180 3272 similiter

170 3300 261 3373 peste
283 3293 422 3357 refertus
444 3316 572 3377 semper
591 3296 654 3359 fuit
674 3293 830 3370 mundus,
860 3294 915 3375 qui
936 3293 1046 3356 Deum
1068 3292 1149 3355 otio·
1201 3294 1273 3374 quis
1295 3314 1362 3356 888
1384 3292 1532 3357 fortunae
1555 3293 1702 3357 caecitati
1728 3292 1916 3374 permittat?
1961 3293 2088 3356 Verum
2109 3294 2179 3357 Do-

173 3400 246 3441 sum
267 3380 470 3461 inertemque
493 3382 672 3458 somniant;
702 3380 844 3461 aliosque
866 3378 968 3442 nihilo
991 3379 1146 3456 saniores,
1201 3380 1310 3442 minus
1328 3399 1394 3442 888
1411 3380 1543 3460 patitur,
1568 3378 1625 3461 qui
1641 3379 1703 3443 sibi
1721 3377 1865 3443 vindicat
1881 3399 1994 3442 888888
2011 3378 2177 3445 iudicium.

172 3464 226 3545 qui
249 3464 328 3527 olim
349 3465 530 3546 regendum
552 3466 600 3529 illi
623 3467 843 3530 attribuerunt
870 3463 957 3546 quod
978 3472 1028 3528 est
1050 3485 1149 3545 supra
1201 3464 1276 3528 Non
1298 3485 1357 3528 sua
1374 3458 1608 3546 potentia'fieri
1626 3464 1719 3529 docet
1741 3463 1854 3548 (Prov.
1876 3468 1925 3542 16,
1946 3463 2011 3546 33),
2034 3471 2072 3526 88
2092 3470 2126 3527 88
2142 3465 2178 3528 18
2266 3544 2269 3547 ¹

171 3548 313 3612 mediam
336 3551 421 3614 88818
442 3552 618 3633 regionem,
641 3552 795 3616 inferiora
815 3552 966 3614 fortunae
985 3550 1148 3631 relinque·
1202 3550 1310 3613 sinum
1332 3551 1546 3614 coniiciuntur
1564 3550 1667 3632 lapilli
1696 3557 1729 3614 et
1750 3549 1981 3628 extrahuntur;
2009 3547 2066 3612 sed
2092 3548 2178 3631 quod

172 3635 259 3698 bant.
306 3633 474 3716 Siquidem
502 3636 658 3702 adversus
681 3645 750 3700 tam
778 3636 963 3701 evidentem
986 3636 1149 3700 insaniam
1202 3657 1306 3699 unum
1328 3637 1418 3700 casui
1440 3635 1512 3699 dari
1533 3643 1668 3718 poterat,
1693 3657 1713 3699 a
1734 3657 1769 3699 se
1790 3636 1860 3717 ipso
1883 3656 1953 3699 esse
1974 3642 2122 3699 testatur.

172 3722 251 3786 satis
285 3720 428 3785 clamant
459 3730 569 3786 mutae
602 3724 693 3806 ipsae
724 3729 900 3788 creaturae.
951 3721 1060 3802 Atque
1092 3721 1149 3784 illa
1288 3727 1338 3786 40.
1384 3720 1450 3802 Qui
1472 3722 1548 3785 huie
1566 3721 1732 3786 doctrinae
1748 3719 1908 3786 inridiam
1925 3721 2031 3785 facere
2053 3720 2177 3801 volunt,

172 3807 317 3888 quidem,
347 3808 507 3888 quamde
535 3809 715 3874 universali
737 3807 943 3892 providentia
965 3806 1146 3884 retulimus,
1201 3806 1442 3872 calumniantur
1469 3829 1540 3872 esse
1569 3806 1688 3890 dogma
1708 3805 1902 3884 Stoicorum,
1926 3805 1966 3870 de
1988 3805 2069 3870 fato:
2093 3805 2179 3889 quod

170 3894 280 3974 opinio
300 3893 399 3975 vulgo
420 3894 488 3958 fere
511 3895 659 3958 obtinuit.
705 3896 848 3959 Tametsi
867 3901 977 3957 autem
997 3892 1148 3957 nonnihil
1201 3900 1235 3957 et
1268 3893 1454 3976 Augustino
1467 3892 1492 3976 ¹)
1522 3892 1755 3975 exprobratum
1784 3891 1956 3975 aliquando
1991 3892 2059 3956 fuit.
2109 3892 2178 3957 Nos

170 3979 295 4042 aceedit
323 3978 364 4042 ad
391 3980 461 4043 8881
488 3981 643 4062 8888188,
674 4002 733 4045 888
755 4001 834 4045 vera
856 3987 965 4041 tamen
988 3985 1054 4057 est,
1087 3999 1148 4043 nec
1201 3979 1262 4042 etsi
1291 3978 1331 4043 de
1360 3978 1469 4043 verbis
1495 3980 1593 4044 inuiti
1614 3978 1796 4062 litigamus,
1824 3977 1883 4042 fati
1905 3985 2016 4041 tamen
2038 3978 2178 4042 vocabu·

169 4063 356 4129 tolerabilis.
391 4065 530 4130 (laeuam
550 4067 639 4130 enim
656 4068 764 4131 888818
782 4086 881 4148 8888
903 4072 936 4128 88
960 4064 1148 4147 ambiguam
1200 4064 1270 4128 lum
1291 4083 1358 4128 non
1379 4065 1569 4145 recipimus:
1593 4072 1664 4128 tum
1686 4065 1763 4147 quia
1780 4072 1831 4128 est
1847 4085 1889 4127 ex
1914 4084 2026 4127 eorum
2049 4084 2177 4146 genere,

168 4149 345 4212 motionem
372 4172 472 4231 quum
499 4152 571 4215 Ι)88
601 4159 731 4215 tuntum
753 4150 921 4228 concedat,
951 4149 1067 4214 adimit
1099 4149 1148 4213 illi
1200 4172 1338 4233 quorum
1360 4151 1512 4233 profanas
1532 4151 1695 4215 novitates
1724 4151 1877 4233 refugere,
1893 4170 1952 4213 nos
1974 4149 2098 4212 Paulus
2121 4147 2178 4211 818-

169 4234 256 4316 88881
277 4242 327 4298 888
347 4238 567 4319 praecipuum,
597 4246 635 4301 ut
656 4239 816 4320 sapientia
838 4237 959 4319 dirigat
980 4257 1018 4301 ac
1040 4235 1147 4319 dispo-
1200 4244 1260 4314 eet,
1283 4243 1355 4299 tum
1376 4237 1453 4319 quia
1475 4237 1544 4301 eius
1566 4235 1639 4300 odio
1662 4243 1823 4300 conantur
1844 4255 1983 4318 gravare
2005 4234 2069 4297 Dei
2091 4233 2178 4297 8881-

169 4330 228 4384 888
248 4321 502 4403 unumquodque
524 4322 565 4386 ad
589 4345 685 4386 suum
703 4325 819 4400 finem,
848 4329 945 4403 atque
974 4322 1021 4386 ita
1048 4322 1147 4386 verbo
1199 4330 1311 4387 tatem.
1354 4323 1486 4405 Dogma
1505 4343 1583 4387 vero
1604 4323 1711 4404 ipsum
1733 4321 1814 4385 18188
1836 4321 1929 4385 nobis
1958 4340 1996 4383 ac
2015 4317 2176 4383 malitiose

81 4420 88 4441 ¹
169 4413 308 4483 tantum,
331 4428 465 4486 88888,
494 4407 608 4471 8888811
634 4415 792 4473 rectorem
819 4409 928 4472 Deum
950 4406 1042 4486 facit,
1072 4407 1149 4489 quia
1199 4410 1388 4473 obiectatur.
1423 4407 1499 4472 Non
1516 4407 1604 4472 enim
1622 4429 1696 4473 cum
1714 4405 1833 4472 Stoicis
1851 4405 2076 4472 necessitatem
2089 4425 2177 4469 eom·

169 4492 424 4556 moderationem
446 4493 494 4557 illi
516 4493 665 4577 denegat.
710 4492 799 4574 Quid
821 4494 918 4571 enim,
941 4513 1070 4575 quaeso,
1098 4499 1149 4557 est
1199 4495 1404 4559 miniscimur
1430 4515 1472 4557 ex
1499 4499 1656 4575 perpetue
1683 4514 1856 4558 causarum
1877 4513 1979 4567 nexu,
2008 4497 2041 4552 et
2067 4489 2179 4570 impla,

169 4578 347 4654 moderari,
377 4579 442 4642 nisi
470 4581 517 4643 ita
542 4601 693 4662 praeesse
722 4589 760 4643 ut
789 4579 951 4642 destinato
972 4579 1086 4642 ordine
1108 4600 1147 4642 88
1200 4588 1273 4645 cata
1300 4578 1441 4662 quadam
1463 4579 1546 4644 sarie
1572 4580 1712 4661 quaein
1733 4585 1855 4642 natura
1876 4576 2094 4651 contineatur3
2117 4573 2175 4639 sed

169 4684 264 4747 regas
286 4665 403 4745 quibus
425 4665 569 4748 praees?
1199 4666 1309 4731 Deum
1335 4665 1562 4730 constituimus
1589 4666 1748 4729 arbitrum
1777 4685 1815 4727 ac
1841 4661 2078 4725 moderatorem
2105 4680 2174 4724 om·

257 4754 305 4813 39.
351 4751 531 4816 Enimvero
554 4750 634 4815 adeo
666 4751 841 4833 diligenter
862 4749 1060 4831 peculiarem
1081 4750 1147 4813 Dei
1199 4754 1306 4830 nium,
1334 4751 1471 4834 881888
1499 4772 1559 4816 888
1586 4751 1747 4833 sapientia
1773 4748 1814 4813 ab
1841 4747 1955 4811 ultima
1982 4746 2174 4810 aeternitate

169 4836 408 4916 providentiam
431 4838 592 4919 scriptura
613 4837 764 4914 ineulcat,
787 4841 825 4899 ut
844 4836 966 4898 mirum
988 4835 1030 4900 sit
1050 4842 1147 4917 potn-
1200 4837 1382 4902 deoreverit
1402 4836 1487 4920 quod
1509 4836 1652 4901 factmus
1681 4841 1781 4912 esset;
1815 4840 1848 4896 ct
1868 4853 1956 4896 nunc
1979 4852 2039 4895 sua
2059 4838 2174 4915 poten·
2242 4908 2255 4923 .

169 4921 232 4985 isse
244 4923 429 5003 quempiam
440 4924 610 4988 haesitare.
644 4920 742 5002 Quod
753 4922 799 4986 ait
815 4920 979 5004 apostolus
992 4920 1080 5007 (Act.
1097 4925 1145 5000 17,
1199 4924 1245 4987 tia
1262 4922 1348 5005 88881
1365 4922 1508 4988 decrevit
1525 4928 1729 5003 exsequatur.
1768 4917 1865 4984 Unde
1883 4919 1953 4983 cius
1970 4916 2176 4999 providentia

170 5005 240 5089 28),
270 5009 397 5090 inipso
417 5030 477 5073 nos
500 5030 585 5088 esse,
607 5008 732 5074 moveri
754 5015 787 5072 88
806 5009 917 5072 818888
923 5030 931 5086 ;
959 5006 1045 5089 88881
1066 5007 1145 5071 1888
1198 5031 1265 5073 888
1283 5007 1408 5073 coelum
1426 5007 1521 5072 modo
1540 5029 1577 5072 ac
1595 5015 1716 5071 terram
1734 5009 1767 5068 et
1785 5010 1950 5069 creaturas
1967 5003 2173 5082 inanimatas,

210 5285 212 5289 ’
238 5279 266 5347 1)
285 5278 408 5335 881539.
476 5280 507 5350 2)
524 5282 712 5336 confusaneam
730 5278 910 5335 1539-1545.
1267 5282 1297 5352 1)
1315 5283 1389 5336 Lihr,
1408 5282 1443 5335 ad
1460 5282 1548 5335 Bonis,
1566 5280 1591 5335 2,
1610 5296 1632 5333 0,
1651 5278 1668 5332 6
1685 5284 1713 5332 et
1731 5277 1803 5331 alibi,
