<?xml version="1.0" encoding="UTF-8"?>
<!DOCTYPE html PUBLIC "-//W3C//DTD XHTML 1.0 Transitional//EN"
    "http://www.w3.org/TR/xhtml1/DTD/xhtml1-transitional.dtd">
<html xmlns="http://www.w3.org/1999/xhtml" xml:lang="en" lang="en">
 <head>
  <title>
</title>
<meta http-equiv="Content-Type" content="text/html;charset=utf-8" />
  <meta name='ocr-system' content='tesseract 3.04.00' />
  <meta name='ocr-capabilities' content='ocr_page ocr_carea ocr_par ocr_line ocrx_word'/>
</head>
<body>
  <div class='ocr_page' id='page_1' title='image "./ioanniscalvinio05calvgoog/ioanniscalvinio05calvgoog_0403.png"; bbox 0 0 4732 6030; ppageno 0'>
   <div class='ocr_carea' id='block_1_1' title="bbox 209 278 2205 398">
    <p class='ocr_par' dir='ltr' id='par_1_1' title="bbox 209 278 2205 398">
     <span class='ocr_line' id='line_1_1' title="bbox 209 278 2205 398; baseline -0.004 -1"><span class='ocrx_word' id='word_1_1' title='bbox 209 333 272 398; x_wconf 82' lang='lat' dir='ltr'><em>cu</em></span> <span class='ocrx_word' id='word_1_2' title='bbox 476 318 480 325; x_wconf 81' lang='grc'><strong><em>·</em></strong></span> <span class='ocrx_word' id='word_1_3' title='bbox 763 278 1042 392; x_wconf 69' lang='lat' dir='ltr'><em>⁸Insmmfflo</em></span> <span class='ocrx_word' id='word_1_4' title='bbox 1066 326 1170 392; x_wconf 73' lang='lat' dir='ltr'><em>sen.</em></span> <span class='ocrx_word' id='word_1_5' title='bbox 1194 324 1374 392; x_wconf 69' lang='lat' dir='ltr'><em>oanni.</em></span> <span class='ocrx_word' id='word_1_6' title='bbox 1399 329 1631 391; x_wconf 72' lang='lat' dir='ltr'><em>neo-1554.</em></span> <span class='ocrx_word' id='word_1_7' title='bbox 2142 330 2205 390; x_wconf 81' lang='lat' dir='ltr'><em>css</em></span> 
     </span>
    </p>
   </div>
   <div class='ocr_carea' id='block_1_2' title="bbox 153 425 2209 4113">
    <p class='ocr_par' dir='ltr' id='par_1_2' title="bbox 186 425 2209 1284">
     <span class='ocr_line' id='line_1_2' title="bbox 1958 425 2209 514; baseline 0.012 -22"><span class='ocrx_word' id='word_1_8' title='bbox 1958 425 2085 514; x_wconf 76' lang='lat'><strong>[32343</strong></span> <span class='ocrx_word' id='word_1_9' title='bbox 2103 439 2209 497; x_wconf 75' lang='grc' dir='ltr'><strong><em>εσσε.</em></strong></span> 
     </span>
     <span class='ocr_line' id='line_1_3' title="bbox 207 513 2205 599; baseline -0.001 -17"><span class='ocrx_word' id='word_1_10' title='bbox 207 521 309 587; x_wconf 76' lang='lat' dir='ltr'><em>oderi-</em></span> <span class='ocrx_word' id='word_1_11' title='bbox 329 521 503 583; x_wconf 67' lang='lat' dir='ltr'><em>testemto</em></span> <span class='ocrx_word' id='word_1_12' title='bbox 529 514 644 580; x_wconf 88' lang='lat' dir='ltr'><em>adduci</em></span> <span class='ocrx_word' id='word_1_13' title='bbox 664 517 810 595; x_wconf 88' lang='lat' dir='ltr'><em>possunt,</em></span> <span class='ocrx_word' id='word_1_14' title='bbox 833 533 893 576; x_wconf 90' lang='lat' dir='ltr'><em>non</em></span> <span class='ocrx_word' id='word_1_15' title='bbox 919 514 1065 597; x_wconf 88' lang='lat' dir='ltr'><em>recipiat,</em></span> <span class='ocrx_word' id='word_1_16' title='bbox 1088 515 1181 594; x_wconf 89' lang='lat' dir='ltr'><em>quasi</em></span> <span class='ocrx_word' id='word_1_17' title='bbox 1317 517 1388 578; x_wconf 88' lang='lat'>200.</span> <span class='ocrx_word' id='word_1_18' title='bbox 1436 513 1586 592; x_wconf 84' lang='lat' dir='ltr'><em>Rversnm,</em></span> <span class='ocrx_word' id='word_1_19' title='bbox 1609 515 1639 578; x_wconf 89' lang='lat' dir='ltr'><em>si</em></span> <span class='ocrx_word' id='word_1_20' title='bbox 1657 514 1804 597; x_wconf 77' lang='lat' dir='ltr'><em>pressari</em></span> <span class='ocrx_word' id='word_1_21' title='bbox 1824 513 1933 593; x_wconf 89' lang='lat' dir='ltr'><em>incipit</em></span> <span class='ocrx_word' id='word_1_22' title='bbox 1952 514 1998 579; x_wconf 87' lang='lat' dir='ltr'><em>vel</em></span> <span class='ocrx_word' id='word_1_23' title='bbox 2013 517 2205 599; x_wconf 66' lang='lat' dir='ltr'><em>pestilentia,</em></span> 
     </span>
     <span class='ocr_line' id='line_1_4' title="bbox 207 599 2206 683; baseline -0.001 -13"><span class='ocrx_word' id='word_1_24' title='bbox 207 605 394 683; x_wconf 84' lang='lat' dir='ltr'><em>christianae</em></span> <span class='ocrx_word' id='word_1_25' title='bbox 414 601 555 666; x_wconf 88' lang='lat' dir='ltr'><em>ecclesiae</em></span> <span class='ocrx_word' id='word_1_26' title='bbox 577 601 683 664; x_wconf 89' lang='lat' dir='ltr'><em>minus</em></span> <span class='ocrx_word' id='word_1_27' title='bbox 703 599 897 677; x_wconf 80' lang='lat' dir='ltr'><em>conveniant,-</em></span> <span class='ocrx_word' id='word_1_28' title='bbox 927 605 1042 664; x_wconf 86' lang='lat' dir='ltr'><em>censtat</em></span> <span class='ocrx_word' id='word_1_29' title='bbox 1063 606 1180 681; x_wconf 82' lang='lat' dir='ltr'><em>aposto</em></span> <span class='ocrx_word' id='word_1_30' title='bbox 1231 601 1279 664; x_wconf 91' lang='lat' dir='ltr'><em>vel</em></span> <span class='ocrx_word' id='word_1_31' title='bbox 1303 600 1419 680; x_wconf 84' lang='lat' dir='ltr'><em>fames,</em></span> <span class='ocrx_word' id='word_1_32' title='bbox 1453 599 1499 664; x_wconf 92' lang='lat' dir='ltr'><em>vel</em></span> <span class='ocrx_word' id='word_1_33' title='bbox 1526 599 1650 679; x_wconf 86' lang='lat' dir='ltr'><em>bellum,</em></span> <span class='ocrx_word' id='word_1_34' title='bbox 1684 606 1739 664; x_wconf 90' lang='lat' dir='ltr'><em>aut</em></span> <span class='ocrx_word' id='word_1_35' title='bbox 1766 601 1796 663; x_wconf 91' lang='lat' dir='ltr'><em>si</em></span> <span class='ocrx_word' id='word_1_36' title='bbox 1823 619 1885 679; x_wconf 87' lang='lat' dir='ltr'><em>qua</em></span> <span class='ocrx_word' id='word_1_37' title='bbox 1912 599 2014 665; x_wconf 90' lang='lat' dir='ltr'><em>clades</em></span> <span class='ocrx_word' id='word_1_38' title='bbox 2042 603 2206 669; x_wconf 87' lang='lat' dir='ltr'><em>imminere</em></span> 
     </span>
     <span class='ocr_line' id='line_1_5' title="bbox 207 684 2203 770; baseline 0.002 -19"><span class='ocrx_word' id='word_1_39' title='bbox 207 692 254 758; x_wconf 84' lang='lat' dir='ltr'><em>los</em></span> <span class='ocrx_word' id='word_1_40' title='bbox 273 709 390 770; x_wconf 85' lang='lat' dir='ltr'><em>qnoque</em></span> <span class='ocrx_word' id='word_1_41' title='bbox 411 688 457 751; x_wconf 88' lang='lat' dir='ltr'><em>sio</em></span> <span class='ocrx_word' id='word_1_42' title='bbox 475 687 592 768; x_wconf 90' lang='lat' dir='ltr'><em>fecisse.</em></span> <span class='ocrx_word' id='word_1_43' title='bbox 639 685 776 749; x_wconf 82' lang='lat' dir='ltr'><em>Tametsi</em></span> <span class='ocrx_word' id='word_1_44' title='bbox 796 684 833 748; x_wconf 91' lang='lat' dir='ltr'><em>de</em></span> <span class='ocrx_word' id='word_1_45' title='bbox 847 685 993 765; x_wconf 85' lang='lat' dir='ltr'><em>precibus</em></span> <span class='ocrx_word' id='word_1_46' title='bbox 1014 686 1076 764; x_wconf 82' lang='lat' dir='ltr'><em>vin,</em></span> <span class='ocrx_word' id='word_1_47' title='bbox 1094 691 1179 766; x_wconf 86' lang='lat' dir='ltr'><em>puto,</em></span> <span class='ocrx_word' id='word_1_48' title='bbox 1232 685 1315 750; x_wconf 90' lang='lat' dir='ltr'><em>alias</em></span> <span class='ocrx_word' id='word_1_49' title='bbox 1341 686 1458 768; x_wconf 84' lang='lat' dir='ltr'><em>reqioni</em></span> <span class='ocrx_word' id='word_1_50' title='bbox 1487 705 1523 749; x_wconf 93' lang='lat' dir='ltr'><em>ac</em></span> <span class='ocrx_word' id='word_1_51' title='bbox 1545 685 1659 767; x_wconf 89' lang='lat' dir='ltr'><em>populo</em></span> <span class='ocrx_word' id='word_1_52' title='bbox 1687 685 1822 763; x_wconf 84' lang='lat' dir='ltr'><em>oidetm,</em></span> <span class='ocrx_word' id='word_1_53' title='bbox 1845 690 2009 765; x_wconf 80' lang='lat' dir='ltr'><em>pastorum</em></span> <span class='ocrx_word' id='word_1_54' title='bbox 2036 692 2107 752; x_wconf 90' lang='lat' dir='ltr'><em>tunc</em></span> <span class='ocrx_word' id='word_1_55' title='bbox 2130 708 2203 769; x_wconf 80' lang='lat' dir='ltr'><em>que</em></span> 
     </span>
     <span class='ocr_line' id='line_1_6' title="bbox 206 770 2206 858; baseline -0.001 -17"><span class='ocrx_word' id='word_1_56' title='bbox 206 770 377 858; x_wconf 80' lang='lat' dir='ltr'><em>reperietur</em></span> <span class='ocrx_word' id='word_1_57' title='bbox 397 773 529 853; x_wconf 89' lang='lat' dir='ltr'><em>aliquis,</em></span> <span class='ocrx_word' id='word_1_58' title='bbox 558 772 613 852; x_wconf 89' lang='lat' dir='ltr'><em>qui</em></span> <span class='ocrx_word' id='word_1_59' title='bbox 633 776 750 834; x_wconf 89' lang='lat' dir='ltr'><em>moveat</em></span> <span class='ocrx_word' id='word_1_60' title='bbox 770 771 985 851; x_wconf 78' lang='lat' dir='ltr'><em>quaestionem.</em></span> <span class='ocrx_word' id='word_1_61' title='bbox 1030 770 1081 835; x_wconf 89' lang='lat' dir='ltr'><em>De</em></span> <span class='ocrx_word' id='word_1_62' title='bbox 1102 772 1180 835; x_wconf 89' lang='lat' dir='ltr'><em>ieiu-</em></span> <span class='ocrx_word' id='word_1_63' title='bbox 1232 791 1289 852; x_wconf 91' lang='lat' dir='ltr'><em>que</em></span> <span class='ocrx_word' id='word_1_64' title='bbox 1309 771 1445 852; x_wconf 74' lang='lat' dir='ltr'><em>officium</em></span> <span class='ocrx_word' id='word_1_65' title='bbox 1471 776 1527 849; x_wconf 90' lang='lat' dir='ltr'><em>est,</em></span> <span class='ocrx_word' id='word_1_66' title='bbox 1556 771 1675 836; x_wconf 83' lang='lat' dir='ltr'><em>turturi</em></span> <span class='ocrx_word' id='word_1_67' title='bbox 1708 772 1750 835; x_wconf 89' lang='lat' dir='ltr'><em>od</em></span> <span class='ocrx_word' id='word_1_68' title='bbox 1770 771 1924 834; x_wconf 90' lang='lat' dir='ltr'><em>ieiunium</em></span> <span class='ocrx_word' id='word_1_69' title='bbox 1945 775 2117 853; x_wconf 83' lang='lat' dir='ltr'><em>emlesiam,</em></span> <span class='ocrx_word' id='word_1_70' title='bbox 2146 796 2206 855; x_wconf 93' lang='lat' dir='ltr'><em>quo</em></span> 
     </span>
     <span class='ocr_line' id='line_1_7' title="bbox 207 855 2207 943; baseline 0 -18"><span class='ocrx_word' id='word_1_71' title='bbox 207 860 262 925; x_wconf 84' lang='lat' dir='ltr'><em>nio</em></span> <span class='ocrx_word' id='word_1_72' title='bbox 282 881 352 943; x_wconf 86' lang='lat' dir='ltr'><em>erqo</em></span> <span class='ocrx_word' id='word_1_73' title='bbox 368 860 511 923; x_wconf 90' lang='lat' dir='ltr'><em>dicamus</em></span> <span class='ocrx_word' id='word_1_74' title='bbox 531 856 687 921; x_wconf 75' lang='lat' dir='ltr'><em>remireihil:</em></span> <span class='ocrx_word' id='word_1_75' title='bbox 707 857 782 937; x_wconf 89' lang='lat' dir='ltr'><em>quie</em></span> <span class='ocrx_word' id='word_1_76' title='bbox 798 857 935 938; x_wconf 85' lang='lat' dir='ltr'><em>plurimi</em></span> <span class='ocrx_word' id='word_1_77' title='bbox 956 857 1031 920; x_wconf 93' lang='lat' dir='ltr'><em>dum</em></span> <span class='ocrx_word' id='word_1_78' title='bbox 1051 877 1112 920; x_wconf 93' lang='lat' dir='ltr'><em>non</em></span> <span class='ocrx_word' id='word_1_79' title='bbox 1132 858 1179 920; x_wconf 91' lang='lat' dir='ltr'><em>in-</em></span> <span class='ocrx_word' id='word_1_80' title='bbox 1232 856 1409 937; x_wconf 84' lang='lat' dir='ltr'><em>supplioiter</em></span> <span class='ocrx_word' id='word_1_81' title='bbox 1435 857 1518 920; x_wconf 90' lang='lat' dir='ltr'><em>iram</em></span> <span class='ocrx_word' id='word_1_82' title='bbox 1538 856 1670 920; x_wconf 88' lang='lat' dir='ltr'><em>Domini</em></span> <span class='ocrx_word' id='word_1_83' title='bbox 1697 857 1878 937; x_wconf 71' lang='lat' dir='ltr'><strong><em>deprecetur.</em></strong></span> <span class='ocrx_word' id='word_1_84' title='bbox 1924 855 1964 921; x_wconf 83' lang='lat' dir='ltr'><em>Se</em></span> <span class='ocrx_word' id='word_1_85' title='bbox 1991 860 2074 922; x_wconf 90' lang='lat' dir='ltr'><em>enim</em></span> <span class='ocrx_word' id='word_1_86' title='bbox 2095 861 2137 925; x_wconf 89' lang='lat' dir='ltr'><em>ad</em></span> <span class='ocrx_word' id='word_1_87' title='bbox 2157 862 2207 925; x_wconf 89' lang='lat' dir='ltr'><em>ul·</em></span> 
     </span>
     <span class='ocr_line' id='line_1_8' title="bbox 186 941 2204 1028; baseline -0 -17"><span class='ocrx_word' id='word_1_88' title='bbox 186 945 347 1028; x_wconf 57' lang='lat' dir='ltr'><em>*tolliqunt</em></span> <span class='ocrx_word' id='word_1_89' title='bbox 372 945 449 1026; x_wconf 92' lang='lat' dir='ltr'><em>quid</em></span> <span class='ocrx_word' id='word_1_90' title='bbox 475 943 624 1008; x_wconf 73' lang='lat' dir='ltr'><em>utilitatis</em></span> <span class='ocrx_word' id='word_1_91' title='bbox 648 941 769 1021; x_wconf 77' lang='lat' dir='ltr'><em>laten,</em></span> <span class='ocrx_word' id='word_1_92' title='bbox 796 962 856 1005; x_wconf 92' lang='lat' dir='ltr'><em>non</em></span> <span class='ocrx_word' id='word_1_93' title='bbox 877 943 952 1007; x_wconf 89' lang='lat' dir='ltr'><em>adeo</em></span> <span class='ocrx_word' id='word_1_94' title='bbox 973 943 1180 1007; x_wconf 87' lang='lat' dir='ltr'><em>necessarium</em></span> <span class='ocrx_word' id='word_1_95' title='bbox 1231 943 1343 1006; x_wconf 88' lang='lat' dir='ltr'><em>tionem</em></span> <span class='ocrx_word' id='word_1_96' title='bbox 1374 944 1541 1024; x_wconf 89' lang='lat' dir='ltr'><em>apparari,</em></span> <span class='ocrx_word' id='word_1_97' title='bbox 1580 948 1607 1006; x_wconf 87' lang='lat' dir='ltr'><em>et</em></span> <span class='ocrx_word' id='word_1_98' title='bbox 1636 942 1856 1023; x_wconf 90' lang='lat' dir='ltr'><em>quodammodo</em></span> <span class='ocrx_word' id='word_1_99' title='bbox 1884 946 2006 1007; x_wconf 78' lang='lat' dir='ltr'><em>enveri</em></span> <span class='ocrx_word' id='word_1_100' title='bbox 2035 945 2204 1026; x_wconf 80' lang='lat' dir='ltr'><em>dmunitiat,</em></span> 
     </span>
     <span class='ocr_line' id='line_1_9' title="bbox 205 1027 2205 1111; baseline 0 -14"><span class='ocrx_word' id='word_1_101' title='bbox 205 1051 270 1097; x_wconf 82' lang='lat' dir='ltr'><em>esse</em></span> <span class='ocrx_word' id='word_1_102' title='bbox 291 1031 447 1108; x_wconf 89' lang='lat' dir='ltr'><em>iudicant;</em></span> <span class='ocrx_word' id='word_1_103' title='bbox 475 1030 535 1094; x_wconf 90' lang='lat' dir='ltr'><em>olii</em></span> <span class='ocrx_word' id='word_1_104' title='bbox 561 1029 654 1092; x_wconf 91' lang='lat' dir='ltr'><em>etiam</em></span> <span class='ocrx_word' id='word_1_105' title='bbox 675 1033 710 1091; x_wconf 91' lang='lat' dir='ltr'><em>ut</em></span> <span class='ocrx_word' id='word_1_106' title='bbox 736 1047 962 1109; x_wconf 84' lang='lat' dir='ltr'><em>supervacuum</em></span> <span class='ocrx_word' id='word_1_107' title='bbox 978 1049 1113 1109; x_wconf 88' lang='lat' dir='ltr'><em>prorsus</em></span> <span class='ocrx_word' id='word_1_108' title='bbox 1133 1049 1180 1092; x_wconf 91' lang='lat' dir='ltr'><em>re·</em></span> <span class='ocrx_word' id='word_1_109' title='bbox 1232 1027 1286 1091; x_wconf 83' lang='lat' dir='ltr'><em>uhi</em></span> <span class='ocrx_word' id='word_1_110' title='bbox 1300 1029 1477 1109; x_wconf 89' lang='lat' dir='ltr'><em>periculum</em></span> <span class='ocrx_word' id='word_1_111' title='bbox 1495 1049 1644 1110; x_wconf 85' lang='lat' dir='ltr'><em>apparere</em></span> <span class='ocrx_word' id='word_1_112' title='bbox 1663 1029 1748 1110; x_wconf 84' lang='lat' dir='ltr'><em>facit.</em></span> <span class='ocrx_word' id='word_1_113' title='bbox 1780 1027 1920 1107; x_wconf 72' lang='lat' dir='ltr'><em>Qualiter</em></span> <span class='ocrx_word' id='word_1_114' title='bbox 1936 1029 2033 1111; x_wconf 79' lang='lat' dir='ltr'><em>iqitur</em></span> <span class='ocrx_word' id='word_1_115' title='bbox 2043 1033 2205 1110; x_wconf 84' lang='lat' dir='ltr'><em>premisse</em></span> 
     </span>
     <span class='ocr_line' id='line_1_10' title="bbox 205 1112 2204 1196; baseline 0.002 -16"><span class='ocrx_word' id='word_1_116' title='bbox 205 1116 332 1195; x_wconf 85' lang='lat' dir='ltr'><em>iiciurd;</em></span> <span class='ocrx_word' id='word_1_117' title='bbox 360 1121 389 1179; x_wconf 90' lang='lat' dir='ltr'><em>et</em></span> <span class='ocrx_word' id='word_1_118' title='bbox 412 1136 475 1178; x_wconf 90' lang='lat' dir='ltr'><em>usu</em></span> <span class='ocrx_word' id='word_1_119' title='bbox 502 1115 570 1179; x_wconf 89' lang='lat' dir='ltr'><em>eius</em></span> <span class='ocrx_word' id='word_1_120' title='bbox 596 1135 656 1178; x_wconf 82' lang='lat' dir='ltr'><em>rien</em></span> <span class='ocrx_word' id='word_1_121' title='bbox 682 1113 753 1178; x_wconf 81' lang='lat' dir='ltr'><em>hum</em></span> <span class='ocrx_word' id='word_1_122' title='bbox 779 1112 908 1196; x_wconf 84' lang='lat' dir='ltr'><em>eoqnito,</em></span> <span class='ocrx_word' id='word_1_123' title='bbox 940 1113 1048 1194; x_wconf 90' lang='lat' dir='ltr'><em>facilis</em></span> <span class='ocrx_word' id='word_1_124' title='bbox 1074 1119 1118 1178; x_wconf 92' lang='lat' dir='ltr'><em>est</em></span> <span class='ocrx_word' id='word_1_125' title='bbox 1144 1114 1180 1177; x_wconf 90' lang='lat' dir='ltr'><em>in</em></span> <span class='ocrx_word' id='word_1_126' title='bbox 1232 1113 1336 1192; x_wconf 77' lang='lat' dir='ltr'><em>harod</em></span> <span class='ocrx_word' id='word_1_127' title='bbox 1358 1115 1479 1196; x_wconf 83' lang='lat' dir='ltr'><em>impono</em></span> <span class='ocrx_word' id='word_1_128' title='bbox 1501 1113 1626 1194; x_wconf 79' lang='lat' dir='ltr'><em>capillo,</em></span> <span class='ocrx_word' id='word_1_129' title='bbox 1646 1114 1741 1195; x_wconf 89' lang='lat' dir='ltr'><em>pulla</em></span> <span class='ocrx_word' id='word_1_130' title='bbox 1761 1118 1853 1191; x_wconf 87' lang='lat' dir='ltr'><em>veste,</em></span> <span class='ocrx_word' id='word_1_131' title='bbox 1876 1114 2056 1195; x_wconf 77' lang='lat' dir='ltr'><em>suppliciter</em></span> <span class='ocrx_word' id='word_1_132' title='bbox 2077 1137 2109 1180; x_wconf 91' lang='lat' dir='ltr'><em>se</em></span> <span class='ocrx_word' id='word_1_133' title='bbox 2130 1118 2204 1182; x_wconf 90' lang='lat' dir='ltr'><em>olim</em></span> 
     </span>
     <span class='ocr_line' id='line_1_11' title="bbox 207 1199 2204 1284; baseline 0.001 -18"><span class='ocrx_word' id='word_1_134' title='bbox 207 1201 453 1284; x_wconf 75' lang='lat' dir='ltr'><em>superstitionem</em></span> <span class='ocrx_word' id='word_1_135' title='bbox 475 1201 592 1282; x_wconf 89' lang='lat' dir='ltr'><em>lapsus.</em></span> <span class='ocrx_word' id='word_1_136' title='bbox 1231 1199 1384 1264; x_wconf 82' lang='lat' dir='ltr'><em>demittere</em></span> <span class='ocrx_word' id='word_1_137' title='bbox 1404 1201 1451 1263; x_wconf 90' lang='lat' dir='ltr'><em>rei</em></span> <span class='ocrx_word' id='word_1_138' title='bbox 1472 1199 1612 1277; x_wconf 75' lang='lat' dir='ltr'><em>sennan,</em></span> <span class='ocrx_word' id='word_1_139' title='bbox 1640 1201 1683 1263; x_wconf 91' lang='lat' dir='ltr'><em>ad</em></span> <span class='ocrx_word' id='word_1_140' title='bbox 1704 1199 1926 1264; x_wconf 87' lang='lat' dir='ltr'><em>conciliandam</em></span> <span class='ocrx_word' id='word_1_141' title='bbox 1948 1200 2063 1265; x_wconf 86' lang='lat' dir='ltr'><em>iudicis</em></span> <span class='ocrx_word' id='word_1_142' title='bbox 2082 1204 2204 1268; x_wconf 88' lang='lat' dir='ltr'><em>miseri-</em></span> 
     </span>
    </p>

    <p class='ocr_par' dir='ltr' id='par_1_3' title="bbox 153 1284 2209 3340">
     <span class='ocr_line' id='line_1_12' title="bbox 297 1284 2203 1367; baseline 0.001 -17"><span class='ocrx_word' id='word_1_143' title='bbox 297 1291 364 1351; x_wconf 80' lang='lat'>198.</span> <span class='ocrx_word' id='word_1_144' title='bbox 413 1285 561 1350; x_wconf 71' lang='lat' dir='ltr'><em>Secutum</em></span> <span class='ocrx_word' id='word_1_145' title='bbox 582 1305 618 1349; x_wconf 91' lang='lat' dir='ltr'><em>ae</em></span> <span class='ocrx_word' id='word_1_146' title='bbox 647 1285 816 1367; x_wconf 73' lang='lat' dir='ltr'><em>leodimum</em></span> <span class='ocrx_word' id='word_1_147' title='bbox 836 1284 990 1349; x_wconf 88' lang='lat' dir='ltr'><em>ieiunium</em></span> <span class='ocrx_word' id='word_1_148' title='bbox 1011 1290 1073 1350; x_wconf 87' lang='lat' dir='ltr'><em>tres</em></span> <span class='ocrx_word' id='word_1_149' title='bbox 1093 1284 1181 1348; x_wconf 76' lang='lat' dir='ltr'><em>trahet</em></span> <span class='ocrx_word' id='word_1_150' title='bbox 1231 1284 1381 1362; x_wconf 73' lang='lat' dir='ltr'><em>cerellum,</em></span> <span class='ocrx_word' id='word_1_151' title='bbox 1403 1286 1449 1349; x_wconf 91' lang='lat' dir='ltr'><em>ita</em></span> <span class='ocrx_word' id='word_1_152' title='bbox 1470 1304 1540 1363; x_wconf 90' lang='lat' dir='ltr'><em>nos,</em></span> <span class='ocrx_word' id='word_1_153' title='bbox 1569 1305 1664 1366; x_wconf 92' lang='lat' dir='ltr'><em>quum</em></span> <span class='ocrx_word' id='word_1_154' title='bbox 1684 1286 1731 1350; x_wconf 85' lang='lat' dir='ltr'><em>rel</em></span> <span class='ocrx_word' id='word_1_155' title='bbox 1793 1285 1878 1348; x_wconf 88' lang='lat' dir='ltr'><em>imur</em></span> <span class='ocrx_word' id='word_1_156' title='bbox 1899 1305 2003 1349; x_wconf 88' lang='lat' dir='ltr'><em>ceram</em></span> <span class='ocrx_word' id='word_1_157' title='bbox 2023 1286 2087 1351; x_wconf 89' lang='lat' dir='ltr'><em>Dei</em></span> <span class='ocrx_word' id='word_1_158' title='bbox 2109 1289 2203 1353; x_wconf 83' lang='lat' dir='ltr'><em>tritu-</em></span> 
     </span>
     <span class='ocr_line' id='line_1_13' title="bbox 205 1369 2207 1457; baseline 0 -20"><span class='ocrx_word' id='word_1_159' title='bbox 205 1376 293 1457; x_wconf 68' lang='lat' dir='ltr'><em>fines.</em></span> <span class='ocrx_word' id='word_1_160' title='bbox 336 1371 386 1435; x_wconf 85' lang='lat' dir='ltr'><em>Eo</em></span> <span class='ocrx_word' id='word_1_161' title='bbox 407 1373 490 1436; x_wconf 91' lang='lat' dir='ltr'><em>enim</em></span> <span class='ocrx_word' id='word_1_162' title='bbox 510 1372 643 1449; x_wconf 86' lang='lat' dir='ltr'><em>utimur,</em></span> <span class='ocrx_word' id='word_1_163' title='bbox 671 1370 716 1434; x_wconf 90' lang='lat' dir='ltr'><em>vel</em></span> <span class='ocrx_word' id='word_1_164' title='bbox 737 1370 779 1434; x_wconf 94' lang='lat' dir='ltr'><em>ad</em></span> <span class='ocrx_word' id='word_1_165' title='bbox 795 1371 1014 1435; x_wconf 88' lang='lat' dir='ltr'><em>macerandum</em></span> <span class='ocrx_word' id='word_1_166' title='bbox 1040 1391 1077 1434; x_wconf 88' lang='lat' dir='ltr'><em>uc</em></span> <span class='ocrx_word' id='word_1_167' title='bbox 1097 1370 1180 1434; x_wconf 83' lang='lat' dir='ltr'><em>suti-</em></span> <span class='ocrx_word' id='word_1_168' title='bbox 1230 1370 1306 1449; x_wconf 86' lang='lat' dir='ltr'><em>nali,</em></span> <span class='ocrx_word' id='word_1_169' title='bbox 1328 1373 1396 1434; x_wconf 89' lang='lat' dir='ltr'><em>eius</em></span> <span class='ocrx_word' id='word_1_170' title='bbox 1412 1372 1601 1434; x_wconf 87' lang='lat' dir='ltr'><em>severitatem</em></span> <span class='ocrx_word' id='word_1_171' title='bbox 1622 1370 1794 1435; x_wconf 83' lang='lat' dir='ltr'><em>miserah&#39;i</em></span> <span class='ocrx_word' id='word_1_172' title='bbox 1814 1369 1920 1434; x_wconf 76' lang='lat' dir='ltr'><em>halitu</em></span> <span class='ocrx_word' id='word_1_173' title='bbox 1942 1371 2118 1452; x_wconf 87' lang='lat' dir='ltr'><em>deprecari,</em></span> <span class='ocrx_word' id='word_1_174' title='bbox 2141 1379 2207 1439; x_wconf 92' lang='lat' dir='ltr'><em>tum</em></span> 
     </span>
     <span class='ocr_line' id='line_1_14' title="bbox 204 1455 2206 1553; baseline 0.001 -31"><span class='ocrx_word' id='word_1_175' title='bbox 204 1460 337 1553; x_wconf 74' lang='lat' dir='ltr'><em>quedam</em></span> <span class='ocrx_word' id='word_1_176' title='bbox 369 1477 505 1535; x_wconf 77' lang='lat' dir='ltr'><em>monem,</em></span> <span class='ocrx_word' id='word_1_177' title='bbox 538 1477 576 1520; x_wconf 91' lang='lat' dir='ltr'><em>ne</em></span> <span class='ocrx_word' id='word_1_178' title='bbox 604 1456 760 1533; x_wconf 89' lang='lat' dir='ltr'><em>lasciviat;</em></span> <span class='ocrx_word' id='word_1_179' title='bbox 793 1456 847 1534; x_wconf 91' lang='lat' dir='ltr'><em>vel,</em></span> <span class='ocrx_word' id='word_1_180' title='bbox 875 1459 911 1519; x_wconf 90' lang='lat' dir='ltr'><em>ut</em></span> <span class='ocrx_word' id='word_1_181' title='bbox 937 1457 979 1520; x_wconf 92' lang='lat' dir='ltr'><em>ad</em></span> <span class='ocrx_word' id='word_1_182' title='bbox 1004 1477 1112 1537; x_wconf 89' lang='lat' dir='ltr'><em>preces</em></span> <span class='ocrx_word' id='word_1_183' title='bbox 1144 1477 1180 1520; x_wconf 89' lang='lat' dir='ltr'><em>ac</em></span> <span class='ocrx_word' id='word_1_184' title='bbox 1231 1457 1299 1520; x_wconf 88' lang='lat' dir='ltr'><em>eius</em></span> <span class='ocrx_word' id='word_1_185' title='bbox 1328 1456 1447 1539; x_wconf 84' lang='lat' dir='ltr'><em>qloriee</em></span> <span class='ocrx_word' id='word_1_186' title='bbox 1475 1458 1600 1520; x_wconf 87' lang='lat' dir='ltr'><em>interest</em></span> <span class='ocrx_word' id='word_1_187' title='bbox 1631 1477 1667 1520; x_wconf 91' lang='lat' dir='ltr'><em>ac</em></span> <span class='ocrx_word' id='word_1_188' title='bbox 1694 1455 1837 1537; x_wconf 82' lang='lat' dir='ltr'><em>publicae</em></span> <span class='ocrx_word' id='word_1_189' title='bbox 1869 1455 2105 1538; x_wconf 84' lang='lat' dir='ltr'><em>aedificationis,</em></span> <span class='ocrx_word' id='word_1_190' title='bbox 2140 1465 2206 1525; x_wconf 91' lang='lat' dir='ltr'><em>tum</em></span> 
     </span>
     <span class='ocr_line' id='line_1_15' title="bbox 207 1541 2206 1626; baseline 0.001 -16"><span class='ocrx_word' id='word_1_191' title='bbox 207 1549 332 1611; x_wconf 84' lang='lat' dir='ltr'><em>sanctes</em></span> <span class='ocrx_word' id='word_1_192' title='bbox 362 1543 573 1608; x_wconf 56' lang='lat' dir='ltr'><em>limitationes</em></span> <span class='ocrx_word' id='word_1_193' title='bbox 600 1542 712 1606; x_wconf 90' lang='lat' dir='ltr'><em>melius</em></span> <span class='ocrx_word' id='word_1_194' title='bbox 737 1543 838 1605; x_wconf 77' lang='lat' dir='ltr'><em>sinim</em></span> <span class='ocrx_word' id='word_1_195' title='bbox 864 1543 1049 1622; x_wconf 89' lang='lat' dir='ltr'><em>comparati,</em></span> <span class='ocrx_word' id='word_1_196' title='bbox 1080 1542 1126 1607; x_wconf 91' lang='lat' dir='ltr'><em>vel</em></span> <span class='ocrx_word' id='word_1_197' title='bbox 1146 1546 1179 1605; x_wconf 91' lang='lat' dir='ltr'><em>ut</em></span> <span class='ocrx_word' id='word_1_198' title='bbox 1230 1541 1318 1605; x_wconf 81' lang='lat' dir='ltr'><em>nohis</em></span> <span class='ocrx_word' id='word_1_199' title='bbox 1350 1563 1466 1623; x_wconf 81' lang='lat' dir='ltr'><em>quoq-ue</em></span> <span class='ocrx_word' id='word_1_200' title='bbox 1498 1541 1579 1623; x_wconf 88' lang='lat' dir='ltr'><em>ipsis</em></span> <span class='ocrx_word' id='word_1_201' title='bbox 1605 1542 1680 1606; x_wconf 88' lang='lat' dir='ltr'><em>utile</em></span> <span class='ocrx_word' id='word_1_202' title='bbox 1706 1547 1749 1606; x_wconf 87' lang='lat' dir='ltr'><em>est</em></span> <span class='ocrx_word' id='word_1_203' title='bbox 1776 1563 1812 1606; x_wconf 85' lang='lat' dir='ltr'><em>oc</em></span> <span class='ocrx_word' id='word_1_204' title='bbox 1843 1542 1989 1607; x_wconf 87' lang='lat' dir='ltr'><em>salutare.</em></span> <span class='ocrx_word' id='word_1_205' title='bbox 2038 1544 2142 1626; x_wconf 84' lang='lat' dir='ltr'><em>Atque</em></span> <span class='ocrx_word' id='word_1_206' title='bbox 2171 1547 2206 1611; x_wconf 91' lang='lat' dir='ltr'><em>id</em></span> 
     </span>
     <span class='ocr_line' id='line_1_16' title="bbox 207 1627 2207 1708; baseline 0.001 -14"><span class='ocrx_word' id='word_1_207' title='bbox 207 1629 415 1696; x_wconf 86' lang='lat' dir='ltr'><em>testimonium</em></span> <span class='ocrx_word' id='word_1_208' title='bbox 457 1629 499 1692; x_wconf 86' lang='lat' dir='ltr'><em>sit</em></span> <span class='ocrx_word' id='word_1_209' title='bbox 536 1633 659 1692; x_wconf 87' lang='lat' dir='ltr'><em>nostrae</em></span> <span class='ocrx_word' id='word_1_210' title='bbox 699 1648 803 1691; x_wconf 81' lang='grc' dir='ltr'><strong><em>σσνασσ</em></strong></span> <span class='ocrx_word' id='word_1_211' title='bbox 840 1627 907 1690; x_wconf 91' lang='lat' dir='ltr'><em>Deo</em></span> <span class='ocrx_word' id='word_1_212' title='bbox 941 1627 1179 1706; x_wconf 87' lang='lat' dir='ltr'><em>humiliationis,</em></span> <span class='ocrx_word' id='word_1_213' title='bbox 1231 1628 1354 1707; x_wconf 88' lang='lat' dir='ltr'><em>quidem</em></span> <span class='ocrx_word' id='word_1_214' title='bbox 1374 1629 1525 1692; x_wconf 89' lang='lat' dir='ltr'><em>usitatum</em></span> <span class='ocrx_word' id='word_1_215' title='bbox 1544 1628 1644 1708; x_wconf 84' lang='lat' dir='ltr'><em>fuisse</em></span> <span class='ocrx_word' id='word_1_216' title='bbox 1665 1629 1699 1692; x_wconf 88' lang='lat' dir='ltr'><em>in</em></span> <span class='ocrx_word' id='word_1_217' title='bbox 1713 1628 1828 1708; x_wconf 90' lang='lat' dir='ltr'><em>populo</em></span> <span class='ocrx_word' id='word_1_218' title='bbox 1849 1629 2025 1708; x_wconf 88' lang='lat' dir='ltr'><em>israelitico,</em></span> <span class='ocrx_word' id='word_1_219' title='bbox 2047 1632 2207 1696; x_wconf 73' lang='lat' dir='ltr'><em>mombis</em></span> 
     </span>
     <span class='ocr_line' id='line_1_17' title="bbox 206 1711 2206 1796; baseline 0 -14"><span class='ocrx_word' id='word_1_220' title='bbox 206 1715 283 1782; x_wconf 86' lang='lat' dir='ltr'><em>dum</em></span> <span class='ocrx_word' id='word_1_221' title='bbox 313 1714 456 1779; x_wconf 90' lang='lat' dir='ltr'><em>volumus</em></span> <span class='ocrx_word' id='word_1_222' title='bbox 485 1719 606 1778; x_wconf 92' lang='lat' dir='ltr'><em>reatum</em></span> <span class='ocrx_word' id='word_1_223' title='bbox 637 1718 775 1778; x_wconf 84' lang='lat' dir='ltr'><em>nostrum</em></span> <span class='ocrx_word' id='word_1_224' title='bbox 802 1732 905 1776; x_wconf 88' lang='lat' dir='ltr'><em>coram</em></span> <span class='ocrx_word' id='word_1_225' title='bbox 936 1715 1004 1794; x_wconf 89' lang='lat' dir='ltr'><em>ipso</em></span> <span class='ocrx_word' id='word_1_226' title='bbox 1036 1713 1178 1794; x_wconf 72' lang='lat' dir='ltr'><em>confiteri.</em></span> <span class='ocrx_word' id='word_1_227' title='bbox 1232 1711 1327 1777; x_wconf 76' lang='lat' dir='ltr'><em>[vilis</em></span> <span class='ocrx_word' id='word_1_228' title='bbox 1348 1712 1393 1796; x_wconf 80' lang='lat'><em>(2,</em></span> <span class='ocrx_word' id='word_1_229' title='bbox 1416 1713 1470 1795; x_wconf 80' lang='lat'><em>15)</em></span> <span class='ocrx_word' id='word_1_230' title='bbox 1493 1713 1630 1795; x_wconf 83' lang='lat' dir='ltr'><em>colliqere</em></span> <span class='ocrx_word' id='word_1_231' title='bbox 1644 1718 1824 1795; x_wconf 88' lang='lat' dir='ltr'><em>promptum</em></span> <span class='ocrx_word' id='word_1_232' title='bbox 1846 1718 1897 1777; x_wconf 88' lang='lat' dir='ltr'><em>est.</em></span> <span class='ocrx_word' id='word_1_233' title='bbox 1934 1714 2020 1779; x_wconf 88' lang='lat' dir='ltr'><em>Nam</em></span> <span class='ocrx_word' id='word_1_234' title='bbox 2041 1736 2137 1796; x_wconf 66' lang='lat' dir='ltr'><em>mum</em></span> <span class='ocrx_word' id='word_1_235' title='bbox 2156 1720 2206 1782; x_wconf 83' lang='lat' dir='ltr'><em>iu</em></span> 
     </span>
     <span class='ocr_line' id='line_1_18' title="bbox 209 1798 2203 1882; baseline 0.001 -17"><span class='ocrx_word' id='word_1_236' title='bbox 209 1799 342 1866; x_wconf 88' lang='lat' dir='ltr'><em>Primus</em></span> <span class='ocrx_word' id='word_1_237' title='bbox 366 1801 456 1881; x_wconf 69' lang='lat' dir='ltr'><em>duis,</em></span> <span class='ocrx_word' id='word_1_238' title='bbox 484 1820 545 1864; x_wconf 93' lang='lat' dir='ltr'><em>non</em></span> <span class='ocrx_word' id='word_1_239' title='bbox 571 1800 617 1863; x_wconf 89' lang='lat' dir='ltr'><em>ita</em></span> <span class='ocrx_word' id='word_1_240' title='bbox 645 1820 735 1880; x_wconf 82' lang='lat' dir='ltr'><em>saepe</em></span> <span class='ocrx_word' id='word_1_241' title='bbox 762 1798 861 1863; x_wconf 87' lang='lat' dir='ltr'><em>locum</em></span> <span class='ocrx_word' id='word_1_242' title='bbox 886 1798 1028 1862; x_wconf 81' lang='lat' dir='ltr'><em>haletin</em></span> <span class='ocrx_word' id='word_1_243' title='bbox 1055 1799 1180 1882; x_wconf 89' lang='lat' dir='ltr'><em>puhlico</em></span> <span class='ocrx_word' id='word_1_244' title='bbox 1231 1798 1276 1862; x_wconf 85' lang='lat' dir='ltr'><em>bct</em></span> <span class='ocrx_word' id='word_1_245' title='bbox 1298 1800 1369 1863; x_wconf 89' lang='lat' dir='ltr'><em>coni</em></span> <span class='ocrx_word' id='word_1_246' title='bbox 1390 1798 1472 1877; x_wconf 83' lang='lat' dir='ltr'><em>tulo,</em></span> <span class='ocrx_word' id='word_1_247' title='bbox 1495 1801 1651 1863; x_wconf 81' lang='lat' dir='ltr'><em>convocari</em></span> <span class='ocrx_word' id='word_1_248' title='bbox 1673 1803 1797 1878; x_wconf 89' lang='lat' dir='ltr'><em>coetum,</em></span> <span class='ocrx_word' id='word_1_249' title='bbox 1819 1800 1918 1864; x_wconf 89' lang='lat' dir='ltr'><em>indici</em></span> <span class='ocrx_word' id='word_1_250' title='bbox 1934 1801 2094 1881; x_wconf 89' lang='lat' dir='ltr'><em>ieiunium,</em></span> <span class='ocrx_word' id='word_1_251' title='bbox 2117 1807 2145 1866; x_wconf 89' lang='lat' dir='ltr'><em>et</em></span> <span class='ocrx_word' id='word_1_252' title='bbox 2167 1824 2203 1867; x_wconf 91' lang='lat' dir='ltr'><em>ea</em></span> 
     </span>
     <span class='ocr_line' id='line_1_19' title="bbox 206 1884 2204 1966; baseline -0.001 -12"><span class='ocrx_word' id='word_1_253' title='bbox 206 1887 341 1954; x_wconf 79' lang='lat' dir='ltr'><em>ieiunio:</em></span> <span class='ocrx_word' id='word_1_254' title='bbox 362 1886 443 1966; x_wconf 91' lang='lat' dir='ltr'><em>quod</em></span> <span class='ocrx_word' id='word_1_255' title='bbox 464 1907 525 1950; x_wconf 94' lang='lat' dir='ltr'><em>non</em></span> <span class='ocrx_word' id='word_1_256' title='bbox 545 1906 610 1950; x_wconf 83' lang='lat' dir='ltr'><em>uria</em></span> <span class='ocrx_word' id='word_1_257' title='bbox 628 1890 672 1948; x_wconf 90' lang='lat' dir='ltr'><em>est</em></span> <span class='ocrx_word' id='word_1_258' title='bbox 687 1884 828 1948; x_wconf 78' lang='lat' dir='ltr'><em>omuibus</em></span> <span class='ocrx_word' id='word_1_259' title='bbox 846 1884 983 1965; x_wconf 90' lang='lat' dir='ltr'><em>corporis</em></span> <span class='ocrx_word' id='word_1_260' title='bbox 999 1886 1178 1961; x_wconf 79' lang='lat' dir='ltr'><em>constitutio,</em></span> <span class='ocrx_word' id='word_1_261' title='bbox 1231 1905 1309 1965; x_wconf 88' lang='lat' dir='ltr'><em>quae</em></span> <span class='ocrx_word' id='word_1_262' title='bbox 1341 1889 1526 1966; x_wconf 87' lang='lat' dir='ltr'><em>sequnntur,</em></span> <span class='ocrx_word' id='word_1_263' title='bbox 1559 1884 1696 1965; x_wconf 87' lang='lat' dir='ltr'><em>loquitur</em></span> <span class='ocrx_word' id='word_1_264' title='bbox 1721 1890 1755 1948; x_wconf 93' lang='lat' dir='ltr'><em>ut</em></span> <span class='ocrx_word' id='word_1_265' title='bbox 1781 1885 1818 1950; x_wconf 92' lang='lat' dir='ltr'><em>de</em></span> <span class='ocrx_word' id='word_1_266' title='bbox 1844 1884 1936 1950; x_wconf 76' lang='lat' dir='ltr'><em>rebus</em></span> <span class='ocrx_word' id='word_1_267' title='bbox 1957 1889 2110 1951; x_wconf 81' lang='lat' dir='ltr'><em>commum</em></span> <span class='ocrx_word' id='word_1_268' title='bbox 2136 1908 2204 1954; x_wconf 86' lang='lat' dir='ltr'><em>con-</em></span> 
     </span>
     <span class='ocr_line' id='line_1_20' title="bbox 153 1969 2205 2056; baseline 0 -19"><span class='ocrx_word' id='word_1_269' title='bbox 153 1993 157 2003; x_wconf 84' lang='grc'><strong>’</strong></span> <span class='ocrx_word' id='word_1_270' title='bbox 207 1991 270 2038; x_wconf 86' lang='lat' dir='ltr'><em>nen</em></span> <span class='ocrx_word' id='word_1_271' title='bbox 290 1992 355 2035; x_wconf 90' lang='lat' dir='ltr'><em>unu</em></span> <span class='ocrx_word' id='word_1_272' title='bbox 376 1971 522 2035; x_wconf 84' lang='lat' dir='ltr'><em>valetudo.</em></span> <span class='ocrx_word' id='word_1_273' title='bbox 570 1969 698 2034; x_wconf 90' lang='lat' dir='ltr'><em>Privato</em></span> <span class='ocrx_word' id='word_1_274' title='bbox 725 1970 828 2050; x_wconf 88' lang='lat' dir='ltr'><em>itaq-ue</em></span> <span class='ocrx_word' id='word_1_275' title='bbox 852 1971 969 2035; x_wconf 87' lang='lat' dir='ltr'><em>ieiunio</em></span> <span class='ocrx_word' id='word_1_276' title='bbox 991 1972 1092 2052; x_wconf 72' lang='lat' dir='ltr'><em>maqis</em></span> <span class='ocrx_word' id='word_1_277' title='bbox 1113 1991 1179 2034; x_wconf 80' lang='lat' dir='ltr'><em>con</em></span> <span class='ocrx_word' id='word_1_278' title='bbox 1229 1969 1390 2034; x_wconf 83' lang='lat' dir='ltr'><em>suetudine</em></span> <span class='ocrx_word' id='word_1_279' title='bbox 1410 1971 1545 2050; x_wconf 89' lang='lat' dir='ltr'><em>receptis.</em></span> <span class='ocrx_word' id='word_1_280' title='bbox 1571 1970 1682 2034; x_wconf 66' lang='lat' dir='ltr'><em>&#39;&#39;Panlo</em></span> <span class='ocrx_word' id='word_1_281' title='bbox 1704 1975 1773 2035; x_wconf 88' lang='lat' dir='ltr'><em>ente</em></span> <span class='ocrx_word' id='word_1_282' title='bbox 1793 1971 1923 2050; x_wconf 72' lang='lat' dir='ltr'><em>eliserat,</em></span> <span class='ocrx_word' id='word_1_283' title='bbox 1946 1971 1983 2035; x_wconf 89' lang='lat' dir='ltr'><em>de</em></span> <span class='ocrx_word' id='word_1_284' title='bbox 2000 1973 2132 2056; x_wconf 86' lang='lat' dir='ltr'><em>flaqitiis</em></span> <span class='ocrx_word' id='word_1_285' title='bbox 2147 1996 2205 2055; x_wconf 85' lang='lat' dir='ltr'><em>pe</em></span> 
     </span>
     <span class='ocr_line' id='line_1_21' title="bbox 207 2054 2207 2138; baseline 0.001 -16"><span class='ocrx_word' id='word_1_286' title='bbox 207 2058 296 2122; x_wconf 86' lang='lat' dir='ltr'><em>venit.</em></span> <span class='ocrx_word' id='word_1_287' title='bbox 342 2054 503 2121; x_wconf 82' lang='lat' dir='ltr'><em>Secundus</em></span> <span class='ocrx_word' id='word_1_288' title='bbox 529 2057 691 2136; x_wconf 85' lang='lat' dir='ltr'><em>utriusque</em></span> <span class='ocrx_word' id='word_1_289' title='bbox 711 2055 879 2120; x_wconf 84' lang='lat' dir='ltr'><em>conemunis</em></span> <span class='ocrx_word' id='word_1_290' title='bbox 899 2061 951 2120; x_wconf 83' lang='lat' dir='ltr'><em>est.</em></span> <span class='ocrx_word' id='word_1_291' title='bbox 997 2057 1077 2120; x_wconf 81' lang='lat' dir='ltr'><em>Tam</em></span> <span class='ocrx_word' id='word_1_292' title='bbox 1098 2056 1180 2120; x_wconf 88' lang='lat' dir='ltr'><em>enim</em></span> <span class='ocrx_word' id='word_1_293' title='bbox 1225 2056 1299 2138; x_wconf 89' lang='lat' dir='ltr'><em>puli</em></span> <span class='ocrx_word' id='word_1_294' title='bbox 1326 2058 1519 2121; x_wconf 79' lang='lat' dir='ltr'><em>coustitutum</em></span> <span class='ocrx_word' id='word_1_295' title='bbox 1545 2075 1609 2120; x_wconf 86' lang='lat' dir='ltr'><em>esse</em></span> <span class='ocrx_word' id='word_1_296' title='bbox 1635 2057 1856 2137; x_wconf 88' lang='lat' dir='ltr'><em>quaestionem,</em></span> <span class='ocrx_word' id='word_1_297' title='bbox 1889 2077 1926 2121; x_wconf 88' lang='lat' dir='ltr'><em>ae</em></span> <span class='ocrx_word' id='word_1_298' title='bbox 1953 2059 2019 2122; x_wconf 89' lang='lat' dir='ltr'><em>iem</em></span> <span class='ocrx_word' id='word_1_299' title='bbox 2045 2060 2207 2126; x_wconf 89' lang='lat' dir='ltr'><em>imminere</em></span> 
     </span>
     <span class='ocr_line' id='line_1_22' title="bbox 207 2141 2207 2224; baseline 0.002 -17"><span class='ocrx_word' id='word_1_300' title='bbox 207 2143 355 2208; x_wconf 74' lang='lat' dir='ltr'><em>maereo</em></span> <span class='ocrx_word' id='word_1_301' title='bbox 392 2142 517 2207; x_wconf 84' lang='lat' dir='ltr'><em>ecclesia</em></span> <span class='ocrx_word' id='word_1_302' title='bbox 555 2142 707 2205; x_wconf 87' lang='lat' dir='ltr'><em>eiusmodi</em></span> <span class='ocrx_word' id='word_1_303' title='bbox 733 2142 975 2223; x_wconf 76' lang='lat' dir='ltr'><em>praeparatione</em></span> <span class='ocrx_word' id='word_1_304' title='bbox 1006 2143 1048 2206; x_wconf 93' lang='lat' dir='ltr'><em>ad</em></span> <span class='ocrx_word' id='word_1_305' title='bbox 1073 2162 1181 2224; x_wconf 82' lang='lat' dir='ltr'><em>preses</em></span> <span class='ocrx_word' id='word_1_306' title='bbox 1231 2141 1344 2207; x_wconf 86' lang='lat' dir='ltr'><em>iudicii</em></span> <span class='ocrx_word' id='word_1_307' title='bbox 1369 2142 1452 2206; x_wconf 75' lang='lat' dir='ltr'><em>dum</em></span> <span class='ocrx_word' id='word_1_308' title='bbox 1476 2141 1685 2221; x_wconf 88' lang='lat' dir='ltr'><em>nuntiaverat,</em></span> <span class='ocrx_word' id='word_1_309' title='bbox 1712 2162 1838 2223; x_wconf 88' lang='lat' dir='ltr'><em>reosque</em></span> <span class='ocrx_word' id='word_1_310' title='bbox 1866 2144 2012 2208; x_wconf 74' lang='lat' dir='ltr'><em>enaverat</em></span> <span class='ocrx_word' id='word_1_311' title='bbox 2037 2146 2081 2209; x_wconf 89' lang='lat' dir='ltr'><em>ad</em></span> <span class='ocrx_word' id='word_1_312' title='bbox 2106 2146 2207 2210; x_wconf 78' lang='lat' dir='ltr'><em>dicen</em></span> 
     </span>
     <span class='ocr_line' id='line_1_23' title="bbox 207 2227 2206 2311; baseline 0.003 -20"><span class='ocrx_word' id='word_1_313' title='bbox 207 2248 285 2310; x_wconf 84' lang='lat' dir='ltr'><em>opus</em></span> <span class='ocrx_word' id='word_1_314' title='bbox 300 2227 396 2306; x_wconf 88' lang='lat' dir='ltr'><em>habet,</em></span> <span class='ocrx_word' id='word_1_315' title='bbox 416 2248 511 2309; x_wconf 89' lang='lat' dir='ltr'><em>quam</em></span> <span class='ocrx_word' id='word_1_316' title='bbox 525 2228 679 2309; x_wconf 89' lang='lat' dir='ltr'><em>privatim</em></span> <span class='ocrx_word' id='word_1_317' title='bbox 694 2227 835 2307; x_wconf 67' lang='lat' dir='ltr'><em>fidelium</em></span> <span class='ocrx_word' id='word_1_318' title='bbox 851 2228 1071 2309; x_wconf 88' lang='lat' dir='ltr'><em>unusquisqne.</em></span> <span class='ocrx_word' id='word_1_319' title='bbox 1107 2227 1192 2291; x_wconf 78' lang='lat' dir='ltr'><em>Ter-&#39;</em></span> <span class='ocrx_word' id='word_1_320' title='bbox 1232 2229 1306 2292; x_wconf 90' lang='lat' dir='ltr'><em>dam</em></span> <span class='ocrx_word' id='word_1_321' title='bbox 1327 2247 1471 2306; x_wconf 77' lang='lat' dir='ltr'><em>causam,-</em></span> <span class='ocrx_word' id='word_1_322' title='bbox 1491 2227 1601 2292; x_wconf 89' lang='lat' dir='ltr'><em>deinde</em></span> <span class='ocrx_word' id='word_1_323' title='bbox 1622 2228 1819 2309; x_wconf 89' lang='lat' dir='ltr'><em>vociferatur,</em></span> <span class='ocrx_word' id='word_1_324' title='bbox 1840 2233 1875 2292; x_wconf 93' lang='lat' dir='ltr'><em>ut</em></span> <span class='ocrx_word' id='word_1_325' title='bbox 1891 2235 2056 2311; x_wconf 89' lang='lat' dir='ltr'><em>properent</em></span> <span class='ocrx_word' id='word_1_326' title='bbox 2077 2232 2120 2295; x_wconf 92' lang='lat' dir='ltr'><em>ad</em></span> <span class='ocrx_word' id='word_1_327' title='bbox 2140 2251 2206 2297; x_wconf 88' lang='lat' dir='ltr'><em>sao-</em></span> 
     </span>
     <span class='ocr_line' id='line_1_24' title="bbox 206 2310 2207 2396; baseline 0.001 -17"><span class='ocrx_word' id='word_1_328' title='bbox 206 2315 273 2379; x_wconf 86' lang='lat' dir='ltr'><em>lius</em></span> <span class='ocrx_word' id='word_1_329' title='bbox 300 2335 417 2396; x_wconf 90' lang='lat' dir='ltr'><em>quoque</em></span> <span class='ocrx_word' id='word_1_330' title='bbox 441 2313 594 2378; x_wconf 87' lang='lat' dir='ltr'><em>similiter.</em></span> <span class='ocrx_word' id='word_1_331' title='bbox 639 2310 711 2377; x_wconf 85' lang='lat' dir='ltr'><em>Fiet</em></span> <span class='ocrx_word' id='word_1_332' title='bbox 730 2313 812 2377; x_wconf 89' lang='lat' dir='ltr'><em>enim</em></span> <span class='ocrx_word' id='word_1_333' title='bbox 839 2314 1008 2392; x_wconf 89' lang='lat' dir='ltr'><em>interdum,</em></span> <span class='ocrx_word' id='word_1_334' title='bbox 1036 2319 1071 2376; x_wconf 93' lang='lat' dir='ltr'><em>ut</em></span> <span class='ocrx_word' id='word_1_335' title='bbox 1097 2312 1179 2391; x_wconf 83' lang='lat' dir='ltr'><em>bello,</em></span> <span class='ocrx_word' id='word_1_336' title='bbox 1232 2333 1301 2378; x_wconf 87' lang='lat' dir='ltr'><em>eum</em></span> <span class='ocrx_word' id='word_1_337' title='bbox 1322 2314 1508 2392; x_wconf 90' lang='lat' dir='ltr'><em>etcinerem,</em></span> <span class='ocrx_word' id='word_1_338' title='bbox 1530 2312 1573 2376; x_wconf 91' lang='lat' dir='ltr'><em>ad</em></span> <span class='ocrx_word' id='word_1_339' title='bbox 1590 2313 1697 2392; x_wconf 89' lang='lat' dir='ltr'><em>fletum</em></span> <span class='ocrx_word' id='word_1_340' title='bbox 1714 2319 1741 2377; x_wconf 92' lang='lat' dir='ltr'><em>et</em></span> <span class='ocrx_word' id='word_1_341' title='bbox 1759 2314 1929 2392; x_wconf 87' lang='lat' dir='ltr'><em>ieiunium,</em></span> <span class='ocrx_word' id='word_1_342' title='bbox 1951 2314 2006 2380; x_wconf 89' lang='lat' dir='ltr'><em>hoc</em></span> <span class='ocrx_word' id='word_1_343' title='bbox 2027 2321 2079 2395; x_wconf 86' lang='lat' dir='ltr'><em>est,</em></span> <span class='ocrx_word' id='word_1_344' title='bbox 2101 2322 2136 2380; x_wconf 90' lang='lat' dir='ltr'><em>nt</em></span> <span class='ocrx_word' id='word_1_345' title='bbox 2157 2338 2207 2381; x_wconf 72' lang='lat' dir='ltr'><em>ee</em></span> 
     </span>
     <span class='ocr_line' id='line_1_25' title="bbox 207 2398 2209 2484; baseline 0.001 -19"><span class='ocrx_word' id='word_1_346' title='bbox 207 2400 254 2465; x_wconf 88' lang='lat' dir='ltr'><em>vel</em></span> <span class='ocrx_word' id='word_1_347' title='bbox 269 2404 364 2481; x_wconf 87' lang='lat' dir='ltr'><em>peste,</em></span> <span class='ocrx_word' id='word_1_348' title='bbox 386 2399 433 2464; x_wconf 91' lang='lat' dir='ltr'><em>vel</em></span> <span class='ocrx_word' id='word_1_349' title='bbox 452 2399 625 2465; x_wconf 86' lang='lat' dir='ltr'><em>calamitate</em></span> <span class='ocrx_word' id='word_1_350' title='bbox 646 2399 754 2479; x_wconf 90' lang='lat' dir='ltr'><em>ulique</em></span> <span class='ocrx_word' id='word_1_351' title='bbox 773 2403 890 2481; x_wconf 85' lang='lat' dir='ltr'><em>qentem</em></span> <span class='ocrx_word' id='word_1_352' title='bbox 910 2419 1008 2463; x_wconf 82' lang='lat' dir='ltr'><em>uriam</em></span> <span class='ocrx_word' id='word_1_353' title='bbox 1024 2399 1181 2480; x_wconf 78' lang='lat' dir='ltr'><em>percutiat</em></span> <span class='ocrx_word' id='word_1_354' title='bbox 1231 2399 1327 2465; x_wconf 84' lang='lat' dir='ltr'><em>ternis</em></span> <span class='ocrx_word' id='word_1_355' title='bbox 1354 2420 1471 2481; x_wconf 89' lang='lat' dir='ltr'><em>quoque</em></span> <span class='ocrx_word' id='word_1_356' title='bbox 1497 2398 1759 2478; x_wconf 76' lang='lat' dir='ltr'><em>testificationibus</em></span> <span class='ocrx_word' id='word_1_357' title='bbox 1785 2419 1817 2463; x_wconf 89' lang='lat' dir='ltr'><em>se</em></span> <span class='ocrx_word' id='word_1_358' title='bbox 1844 2420 1948 2465; x_wconf 90' lang='lat' dir='ltr'><em>coram</em></span> <span class='ocrx_word' id='word_1_359' title='bbox 1974 2400 2111 2466; x_wconf 90' lang='lat' dir='ltr'><em>Domino</em></span> <span class='ocrx_word' id='word_1_360' title='bbox 2133 2424 2209 2484; x_wconf 87' lang='lat' dir='ltr'><em>pro·</em></span> 
     </span>
     <span class='ocr_line' id='line_1_26' title="bbox 207 2483 2209 2568; baseline -0 -17"><span class='ocrx_word' id='word_1_361' title='bbox 207 2484 306 2551; x_wconf 89' lang='lat' dir='ltr'><em>Deus.</em></span> <span class='ocrx_word' id='word_1_362' title='bbox 361 2484 403 2548; x_wconf 88' lang='lat' dir='ltr'><em>In</em></span> <span class='ocrx_word' id='word_1_363' title='bbox 429 2485 486 2550; x_wconf 88' lang='lat' dir='ltr'><em>hac</em></span> <span class='ocrx_word' id='word_1_364' title='bbox 512 2485 668 2549; x_wconf 87' lang='lat' dir='ltr'><em>communi</em></span> <span class='ocrx_word' id='word_1_365' title='bbox 697 2484 801 2565; x_wconf 84' lang='lat' dir='ltr'><em>fende</em></span> <span class='ocrx_word' id='word_1_366' title='bbox 827 2504 914 2547; x_wconf 90' lang='lat' dir='ltr'><em>reem</em></span> <span class='ocrx_word' id='word_1_367' title='bbox 940 2505 972 2549; x_wconf 94' lang='lat' dir='ltr'><em>se</em></span> <span class='ocrx_word' id='word_1_368' title='bbox 1003 2489 1064 2548; x_wconf 87' lang='lat' dir='ltr'><em>tota</em></span> <span class='ocrx_word' id='word_1_369' title='bbox 1092 2483 1181 2565; x_wconf 80' lang='lat' dir='ltr'><em>plebs</em></span> <span class='ocrx_word' id='word_1_370' title='bbox 1231 2490 1377 2549; x_wconf 72' lang='lat' dir='ltr'><em>smneant.</em></span> <span class='ocrx_word' id='word_1_371' title='bbox 1423 2483 1512 2550; x_wconf 76' lang='lat' dir='ltr'><em>(linis</em></span> <span class='ocrx_word' id='word_1_372' title='bbox 1537 2484 1661 2566; x_wconf 85' lang='lat' dir='ltr'><em>quidem</em></span> <span class='ocrx_word' id='word_1_373' title='bbox 1688 2490 1846 2550; x_wconf 86' lang='lat' dir='ltr'><em>etsaceus</em></span> <span class='ocrx_word' id='word_1_374' title='bbox 1872 2485 1938 2566; x_wconf 78' lang='lat' dir='ltr'><em>illis</em></span> <span class='ocrx_word' id='word_1_375' title='bbox 1962 2486 2040 2566; x_wconf 80' lang='lat' dir='ltr'><em>ferte</em></span> <span class='ocrx_word' id='word_1_376' title='bbox 2065 2489 2209 2568; x_wconf 76' lang='lat' dir='ltr'><em>tempori—</em></span> 
     </span>
     <span class='ocr_line' id='line_1_27' title="bbox 206 2568 2205 2654; baseline 0.001 -18"><span class='ocrx_word' id='word_1_377' title='bbox 206 2570 306 2653; x_wconf 84' lang='lat' dir='ltr'><em>faeiat</em></span> <span class='ocrx_word' id='word_1_378' title='bbox 329 2575 454 2653; x_wconf 88' lang='lat' dir='ltr'><em>eportet,</em></span> <span class='ocrx_word' id='word_1_379' title='bbox 488 2591 524 2635; x_wconf 87' lang='lat' dir='ltr'><em>oe</em></span> <span class='ocrx_word' id='word_1_380' title='bbox 551 2576 672 2635; x_wconf 90' lang='lat' dir='ltr'><em>reatum</em></span> <span class='ocrx_word' id='word_1_381' title='bbox 691 2570 882 2650; x_wconf 77' lang='lat' dir='ltr'><em>profiteatur.</em></span> <span class='ocrx_word' id='word_1_382' title='bbox 932 2569 969 2634; x_wconf 85' lang='lat' dir='ltr'><em>Si</em></span> <span class='ocrx_word' id='word_1_383' title='bbox 995 2591 1084 2652; x_wconf 89' lang='lat' dir='ltr'><em>quem</em></span> <span class='ocrx_word' id='word_1_384' title='bbox 1111 2591 1180 2634; x_wconf 89' lang='lat' dir='ltr'><em>vere</em></span> <span class='ocrx_word' id='word_1_385' title='bbox 1232 2571 1289 2634; x_wconf 80' lang='lat' dir='ltr'><em>leis</em></span> <span class='ocrx_word' id='word_1_386' title='bbox 1310 2571 1412 2654; x_wconf 79' lang='lat' dir='ltr'><em>napis</em></span> <span class='ocrx_word' id='word_1_387' title='bbox 1434 2568 1660 2649; x_wconf 76' lang='lat' dir='ltr'><em>veroveniehant;</em></span> <span class='ocrx_word' id='word_1_388' title='bbox 1681 2572 1736 2635; x_wconf 89' lang='lat' dir='ltr'><em>sed</em></span> <span class='ocrx_word' id='word_1_389' title='bbox 1752 2572 1928 2648; x_wconf 83' lang='lat' dir='ltr'><em>convocatio,</em></span> <span class='ocrx_word' id='word_1_390' title='bbox 1946 2575 1975 2634; x_wconf 87' lang='lat' dir='ltr'><em>et</em></span> <span class='ocrx_word' id='word_1_391' title='bbox 1990 2572 2090 2650; x_wconf 83' lang='lat' dir='ltr'><em>fidus,</em></span> <span class='ocrx_word' id='word_1_392' title='bbox 2113 2578 2142 2637; x_wconf 90' lang='lat' dir='ltr'><em>et</em></span> <span class='ocrx_word' id='word_1_393' title='bbox 2162 2574 2205 2636; x_wconf 91' lang='lat' dir='ltr'><em>ie-</em></span> 
     </span>
     <span class='ocr_line' id='line_1_28' title="bbox 202 2654 2205 2739; baseline 0 -19"><span class='ocrx_word' id='word_1_394' title='bbox 202 2657 366 2739; x_wconf 86' lang='lat' dir='ltr'><em>privatnm</em></span> <span class='ocrx_word' id='word_1_395' title='bbox 390 2656 486 2737; x_wconf 89' lang='lat' dir='ltr'><em>feriat</em></span> <span class='ocrx_word' id='word_1_396' title='bbox 507 2676 620 2721; x_wconf 89' lang='lat' dir='ltr'><em>manus</em></span> <span class='ocrx_word' id='word_1_397' title='bbox 642 2654 789 2732; x_wconf 77' lang='lat' dir='ltr'><em>Danuui,</em></span> <span class='ocrx_word' id='word_1_398' title='bbox 819 2656 853 2719; x_wconf 92' lang='lat' dir='ltr'><em>id</em></span> <span class='ocrx_word' id='word_1_399' title='bbox 874 2656 980 2736; x_wconf 87' lang='lat' dir='ltr'><em>ipsum</em></span> <span class='ocrx_word' id='word_1_400' title='bbox 1000 2657 1111 2736; x_wconf 88' lang='lat' dir='ltr'><em>faciat,</em></span> <span class='ocrx_word' id='word_1_401' title='bbox 1133 2656 1180 2720; x_wconf 89' lang='lat' dir='ltr'><em>vel</em></span> <span class='ocrx_word' id='word_1_402' title='bbox 1232 2657 1365 2735; x_wconf 87' lang='lat' dir='ltr'><em>iunium,</em></span> <span class='ocrx_word' id='word_1_403' title='bbox 1387 2661 1414 2721; x_wconf 89' lang='lat' dir='ltr'><em>et</em></span> <span class='ocrx_word' id='word_1_404' title='bbox 1435 2662 1604 2737; x_wconf 78' lang='lat' dir='ltr'><em>quaesunt</em></span> <span class='ocrx_word' id='word_1_405' title='bbox 1625 2655 1820 2736; x_wconf 89' lang='lat' dir='ltr'><em>hissimitia,</em></span> <span class='ocrx_word' id='word_1_406' title='bbox 1841 2655 2139 2737; x_wconf 84' lang='lat' dir='ltr'><em>nanduhiumquin</em></span> <span class='ocrx_word' id='word_1_407' title='bbox 2161 2658 2205 2721; x_wconf 92' lang='lat' dir='ltr'><em>ad</em></span> 
     </span>
     <span class='ocr_line' id='line_1_29' title="bbox 206 2740 2204 2824; baseline 0 -18"><span class='ocrx_word' id='word_1_408' title='bbox 206 2742 305 2821; x_wconf 88' lang='lat' dir='ltr'><em>solus,</em></span> <span class='ocrx_word' id='word_1_409' title='bbox 328 2743 374 2806; x_wconf 91' lang='lat' dir='ltr'><em>oel</em></span> <span class='ocrx_word' id='word_1_410' title='bbox 395 2762 465 2806; x_wconf 92' lang='lat' dir='ltr'><em>cum</em></span> <span class='ocrx_word' id='word_1_411' title='bbox 486 2763 546 2805; x_wconf 87' lang='lat' dir='ltr'><em>sua</em></span> <span class='ocrx_word' id='word_1_412' title='bbox 567 2741 702 2823; x_wconf 91' lang='lat' dir='ltr'><em>familia.</em></span> <span class='ocrx_word' id='word_1_413' title='bbox 749 2740 790 2805; x_wconf 87' lang='lat' dir='ltr'><em>ld</em></span> <span class='ocrx_word' id='word_1_414' title='bbox 809 2741 933 2821; x_wconf 90' lang='lat' dir='ltr'><em>quidem</em></span> <span class='ocrx_word' id='word_1_415' title='bbox 948 2743 1118 2823; x_wconf 82' lang='lat' dir='ltr'><em>praecipue</em></span> <span class='ocrx_word' id='word_1_416' title='bbox 1138 2741 1181 2804; x_wconf 83' lang='lat' dir='ltr'><em>si-</em></span> <span class='ocrx_word' id='word_1_417' title='bbox 1231 2747 1370 2806; x_wconf 88' lang='lat' dir='ltr'><em>nostrem</em></span> <span class='ocrx_word' id='word_1_418' title='bbox 1395 2763 1512 2824; x_wconf 89' lang='lat' dir='ltr'><em>quoqne</em></span> <span class='ocrx_word' id='word_1_419' title='bbox 1539 2745 1667 2805; x_wconf 87' lang='lat' dir='ltr'><em>aetatem</em></span> <span class='ocrx_word' id='word_1_420' title='bbox 1698 2743 1841 2807; x_wconf 90' lang='lat' dir='ltr'><em>similiter</em></span> <span class='ocrx_word' id='word_1_421' title='bbox 1867 2743 2057 2824; x_wconf 87' lang='lat' dir='ltr'><em>pertineant,</em></span> <span class='ocrx_word' id='word_1_422' title='bbox 2087 2745 2204 2823; x_wconf 87' lang='lat' dir='ltr'><em>quoties</em></span> 
     </span>
     <span class='ocr_line' id='line_1_30' title="bbox 197 2826 2204 2914; baseline 0 -22"><span class='ocrx_word' id='word_1_423' title='bbox 197 2832 274 2914; x_wconf 76' lang='lat' dir='ltr'><em>tum</em></span> <span class='ocrx_word' id='word_1_424' title='bbox 292 2834 337 2892; x_wconf 85' lang='lat' dir='ltr'><em>ast</em></span> <span class='ocrx_word' id='word_1_425' title='bbox 357 2829 393 2891; x_wconf 90' lang='lat' dir='ltr'><em>in</em></span> <span class='ocrx_word' id='word_1_426' title='bbox 414 2828 514 2891; x_wconf 88' lang='lat' dir='ltr'><em>animi</em></span> <span class='ocrx_word' id='word_1_427' title='bbox 536 2828 652 2909; x_wconf 76' lang='lat' dir='ltr'><em>affectu.</em></span> <span class='ocrx_word' id='word_1_428' title='bbox 698 2826 760 2890; x_wconf 84' lang='lat' dir='ltr'><em>Sed</em></span> <span class='ocrx_word' id='word_1_429' title='bbox 786 2827 868 2890; x_wconf 87' lang='lat' dir='ltr'><em>enim</em></span> <span class='ocrx_word' id='word_1_430' title='bbox 888 2827 942 2890; x_wconf 88' lang='lat' dir='ltr'><em>uhi</em></span> <span class='ocrx_word' id='word_1_431' title='bbox 964 2828 1090 2892; x_wconf 88' lang='lat' dir='ltr'><em>animus</em></span> <span class='ocrx_word' id='word_1_432' title='bbox 1111 2827 1180 2909; x_wconf 78' lang='lat' dir='ltr'><em>effi</em></span> <span class='ocrx_word' id='word_1_433' title='bbox 1232 2829 1278 2891; x_wconf 90' lang='lat' dir='ltr'><em>ite</em></span> <span class='ocrx_word' id='word_1_434' title='bbox 1304 2849 1409 2892; x_wconf 89' lang='lat' dir='ltr'><em>rerum</em></span> <span class='ocrx_word' id='word_1_435' title='bbox 1435 2833 1613 2892; x_wconf 89' lang='lat' dir='ltr'><em>nostrarum</em></span> <span class='ocrx_word' id='word_1_436' title='bbox 1640 2829 1770 2893; x_wconf 90' lang='lat' dir='ltr'><em>conditio</em></span> <span class='ocrx_word' id='word_1_437' title='bbox 1796 2828 1940 2910; x_wconf 87' lang='lat' dir='ltr'><em>postulat.</em></span> <span class='ocrx_word' id='word_1_438' title='bbox 1993 2828 2080 2892; x_wconf 88' lang='lat' dir='ltr'><em>Nam</em></span> <span class='ocrx_word' id='word_1_439' title='bbox 2108 2850 2204 2910; x_wconf 90' lang='lat' dir='ltr'><em>quum</em></span> 
     </span>
     <span class='ocr_line' id='line_1_31' title="bbox 207 2913 2204 2995; baseline 0.001 -18"><span class='ocrx_word' id='word_1_440' title='bbox 207 2914 288 2978; x_wconf 76' lang='lat' dir='ltr'><em>einer</em></span> <span class='ocrx_word' id='word_1_441' title='bbox 309 2919 344 2977; x_wconf 88' lang='lat' dir='ltr'><em>nt</em></span> <span class='ocrx_word' id='word_1_442' title='bbox 365 2913 461 2992; x_wconf 81' lang='lat' dir='ltr'><em>debet,</em></span> <span class='ocrx_word' id='word_1_443' title='bbox 488 2914 560 2994; x_wconf 70' lang='lat' dir='ltr'><em>fieri</em></span> <span class='ocrx_word' id='word_1_444' title='bbox 581 2915 636 2976; x_wconf 82' lang='lat' dir='ltr'><em>vin</em></span> <span class='ocrx_word' id='word_1_445' title='bbox 651 2917 751 2994; x_wconf 85' lang='lat' dir='ltr'><em>potest</em></span> <span class='ocrx_word' id='word_1_446' title='bbox 769 2913 847 2993; x_wconf 92' lang='lat' dir='ltr'><em>quin</em></span> <span class='ocrx_word' id='word_1_447' title='bbox 867 2917 1010 2994; x_wconf 75' lang='lat' dir='ltr'><em>unmpat</em></span> <span class='ocrx_word' id='word_1_448' title='bbox 1031 2914 1065 2976; x_wconf 88' lang='lat' dir='ltr'><em>in</em></span> <span class='ocrx_word' id='word_1_449' title='bbox 1086 2919 1181 2977; x_wconf 77' lang='lat' dir='ltr'><em>emer·</em></span> <span class='ocrx_word' id='word_1_450' title='bbox 1233 2919 1374 2978; x_wconf 89' lang='lat' dir='ltr'><em>sonetum</em></span> <span class='ocrx_word' id='word_1_451' title='bbox 1395 2914 1438 2978; x_wconf 88' lang='lat' dir='ltr'><em>sit</em></span> <span class='ocrx_word' id='word_1_452' title='bbox 1463 2914 1649 2993; x_wconf 82' lang='lat' dir='ltr'><em>evercitium,</em></span> <span class='ocrx_word' id='word_1_453' title='bbox 1672 2934 1741 2978; x_wconf 91' lang='lat' dir='ltr'><em>cum</em></span> <span class='ocrx_word' id='word_1_454' title='bbox 1763 2916 1806 2978; x_wconf 89' lang='lat' dir='ltr'><em>ad</em></span> <span class='ocrx_word' id='word_1_455' title='bbox 1826 2913 2037 2979; x_wconf 76' lang='lat' dir='ltr'><em>humiliantes</em></span> <span class='ocrx_word' id='word_1_456' title='bbox 2058 2913 2204 2995; x_wconf 88' lang='lat' dir='ltr'><em>homines,</em></span> 
     </span>
     <span class='ocr_line' id='line_1_32' title="bbox 207 2999 2209 3080; baseline 0.001 -17"><span class='ocrx_word' id='word_1_457' title='bbox 207 3019 283 3063; x_wconf 88' lang='lat' dir='ltr'><em>nam</em></span> <span class='ocrx_word' id='word_1_458' title='bbox 308 3000 563 3079; x_wconf 62' lang='lat' dir='ltr'><em>testificationem</em></span> <span class='ocrx_word' id='word_1_459' title='bbox 596 2999 688 3078; x_wconf 91' lang='lat' dir='ltr'><em>idque</em></span> <span class='ocrx_word' id='word_1_460' title='bbox 712 3003 778 3062; x_wconf 92' lang='lat' dir='ltr'><em>tum</em></span> <span class='ocrx_word' id='word_1_461' title='bbox 804 3000 952 3078; x_wconf 70' lang='lat' dir='ltr'><em>monim,</em></span> <span class='ocrx_word' id='word_1_462' title='bbox 985 2999 1015 3063; x_wconf 88' lang='lat' dir='ltr'><em>si</em></span> <span class='ocrx_word' id='word_1_463' title='bbox 1043 3000 1077 3062; x_wconf 91' lang='lat' dir='ltr'><em>in</em></span> <span class='ocrx_word' id='word_1_464' title='bbox 1105 3019 1181 3062; x_wconf 83' lang='lat' dir='ltr'><em>conr·</em></span> <span class='ocrx_word' id='word_1_465' title='bbox 1233 3005 1299 3063; x_wconf 89' lang='lat' dir='ltr'><em>tum</em></span> <span class='ocrx_word' id='word_1_466' title='bbox 1326 3001 1368 3064; x_wconf 88' lang='lat' dir='ltr'><em>ad</em></span> <span class='ocrx_word' id='word_1_467' title='bbox 1394 2999 1598 3063; x_wconf 76' lang='lat' dir='ltr'><em>humilitatem</em></span> <span class='ocrx_word' id='word_1_468' title='bbox 1624 3000 1837 3080; x_wconf 67' lang='lat' dir='ltr'><em>confundam:</em></span> <span class='ocrx_word' id='word_1_469' title='bbox 1869 3020 1925 3065; x_wconf 89' lang='lat' dir='ltr'><em>cur</em></span> <span class='ocrx_word' id='word_1_470' title='bbox 1950 3020 1983 3065; x_wconf 91' lang='lat' dir='ltr'><em>co</em></span> <span class='ocrx_word' id='word_1_471' title='bbox 2010 3001 2115 3070; x_wconf 83' lang='lat' dir='ltr'><em>minus</em></span> <span class='ocrx_word' id='word_1_472' title='bbox 2138 3007 2209 3065; x_wconf 79' lang='lat' dir='ltr'><em>uta</em></span> 
     </span>
     <span class='ocr_line' id='line_1_33' title="bbox 208 3084 2208 3169; baseline 0.002 -21"><span class='ocrx_word' id='word_1_473' title='bbox 208 3104 332 3148; x_wconf 85' lang='lat' dir='ltr'><em>onmem</em></span> <span class='ocrx_word' id='word_1_474' title='bbox 352 3085 591 3165; x_wconf 78' lang='lat' dir='ltr'><em>aedificationem</em></span> <span class='ocrx_word' id='word_1_475' title='bbox 614 3085 697 3163; x_wconf 82' lang='lat' dir='ltr'><em>culit,</em></span> <span class='ocrx_word' id='word_1_476' title='bbox 719 3089 755 3147; x_wconf 90' lang='lat' dir='ltr'><em>ut</em></span> <span class='ocrx_word' id='word_1_477' title='bbox 774 3105 878 3149; x_wconf 92' lang='lat' dir='ltr'><em>omnes</em></span> <span class='ocrx_word' id='word_1_478' title='bbox 898 3084 1003 3162; x_wconf 83' lang='lat' dir='ltr'><em>suunt,</em></span> <span class='ocrx_word' id='word_1_479' title='bbox 1020 3089 1180 3166; x_wconf 90' lang='lat' dir='ltr'><em>peccatum</em></span> <span class='ocrx_word' id='word_1_480' title='bbox 1232 3106 1317 3165; x_wconf 90' lang='lat' dir='ltr'><em>mur,</em></span> <span class='ocrx_word' id='word_1_481' title='bbox 1350 3105 1445 3165; x_wconf 87' lang='lat' dir='ltr'><em>quam</em></span> <span class='ocrx_word' id='word_1_482' title='bbox 1472 3090 1598 3165; x_wconf 86' lang='lat' dir='ltr'><em>veteres,</em></span> <span class='ocrx_word' id='word_1_483' title='bbox 1626 3085 1661 3148; x_wconf 90' lang='lat' dir='ltr'><em>in</em></span> <span class='ocrx_word' id='word_1_484' title='bbox 1686 3086 1786 3149; x_wconf 85' lang='lat' dir='ltr'><em>simili</em></span> <span class='ocrx_word' id='word_1_485' title='bbox 1812 3085 2010 3150; x_wconf 81' lang='lat' dir='ltr'><em>necessitate?</em></span> <span class='ocrx_word' id='word_1_486' title='bbox 2059 3085 2208 3169; x_wconf 63' lang='lat' dir='ltr'><em>Lepcim</em></span> 
     </span>
     <span class='ocr_line' id='line_1_34' title="bbox 208 3169 2207 3255; baseline 0.001 -20"><span class='ocrx_word' id='word_1_487' title='bbox 208 3189 302 3235; x_wconf 86' lang='lat' dir='ltr'><em>snum</em></span> <span class='ocrx_word' id='word_1_488' title='bbox 317 3169 429 3251; x_wconf 89' lang='lat' dir='ltr'><em>palam</em></span> <span class='ocrx_word' id='word_1_489' title='bbox 449 3169 625 3250; x_wconf 67' lang='lat' dir='ltr'><em>mentiendo,</em></span> <span class='ocrx_word' id='word_1_490' title='bbox 652 3169 777 3233; x_wconf 87' lang='lat' dir='ltr'><em>laudern</em></span> <span class='ocrx_word' id='word_1_491' title='bbox 797 3171 935 3234; x_wconf 86' lang='lat' dir='ltr'><em>institiae</em></span> <span class='ocrx_word' id='word_1_492' title='bbox 953 3170 1022 3235; x_wconf 91' lang='lat' dir='ltr'><em>Deo</em></span> <span class='ocrx_word' id='word_1_493' title='bbox 1042 3171 1179 3247; x_wconf 77' lang='lat' dir='ltr'><em>reddant,</em></span> <span class='ocrx_word' id='word_1_494' title='bbox 1234 3170 1266 3253; x_wconf 91' lang='lat' dir='ltr'><em>(l</em></span> <span class='ocrx_word' id='word_1_495' title='bbox 1287 3169 1376 3235; x_wconf 79' lang='lat' dir='ltr'><em>Sam.</em></span> <span class='ocrx_word' id='word_1_496' title='bbox 1398 3175 1426 3249; x_wconf 85' lang='lat'><em>7,</em></span> <span class='ocrx_word' id='word_1_497' title='bbox 1451 3175 1469 3233; x_wconf 86' lang='grc'><strong>6</strong></span> <span class='ocrx_word' id='word_1_498' title='bbox 1495 3178 1527 3234; x_wconf 81' lang='lat' dir='ltr'><em>et</em></span> <span class='ocrx_word' id='word_1_499' title='bbox 1551 3174 1601 3249; x_wconf 85' lang='lat'><em>31,</em></span> <span class='ocrx_word' id='word_1_500' title='bbox 1624 3173 1671 3233; x_wconf 78' lang='lat'><em>13.</em></span> <span class='ocrx_word' id='word_1_501' title='bbox 1707 3169 1833 3236; x_wconf 81' lang='lat' dir='ltr'><em>2Sam.</em></span> <span class='ocrx_word' id='word_1_502' title='bbox 1857 3177 1883 3250; x_wconf 90' lang='lat' dir='ltr'><em>l,</em></span> <span class='ocrx_word' id='word_1_503' title='bbox 1906 3171 1959 3255; x_wconf 83' lang='lat'><em>12)</em></span> <span class='ocrx_word' id='word_1_504' title='bbox 1988 3172 2144 3238; x_wconf 84' lang='lat' dir='ltr'><em>ieiunasse</em></span> <span class='ocrx_word' id='word_1_505' title='bbox 2172 3174 2207 3236; x_wconf 90' lang='lat' dir='ltr'><em>in</em></span> 
     </span>
     <span class='ocr_line' id='line_1_35' title="bbox 208 3255 2204 3340; baseline 0.001 -20"><span class='ocrx_word' id='word_1_506' title='bbox 208 3259 290 3321; x_wconf 86' lang='lat' dir='ltr'><em>etse</em></span> <span class='ocrx_word' id='word_1_507' title='bbox 311 3259 416 3320; x_wconf 89' lang='lat' dir='ltr'><em>mutuo</em></span> <span class='ocrx_word' id='word_1_508' title='bbox 436 3256 554 3338; x_wconf 81' lang='lat' dir='ltr'><em>sinquli</em></span> <span class='ocrx_word' id='word_1_509' title='bbox 576 3255 710 3336; x_wconf 82' lang='lat' dir='ltr'><em>evemplo</em></span> <span class='ocrx_word' id='word_1_510' title='bbox 731 3276 787 3320; x_wconf 88' lang='lat' dir='ltr'><em>suo</em></span> <span class='ocrx_word' id='word_1_511' title='bbox 808 3256 1004 3321; x_wconf 77' lang='lat' dir='ltr'><em>cohortentur.</em></span> <span class='ocrx_word' id='word_1_512' title='bbox 1232 3258 1356 3340; x_wconf 79' lang='lat' dir='ltr'><em>siquam</em></span> <span class='ocrx_word' id='word_1_513' title='bbox 1388 3256 1570 3334; x_wconf 71' lang='lat' dir='ltr'><em>miscela,</em></span> <span class='ocrx_word' id='word_1_514' title='bbox 1604 3277 1664 3320; x_wconf 81' lang='lat' dir='ltr'><em>own</em></span> <span class='ocrx_word' id='word_1_515' title='bbox 1696 3257 1784 3320; x_wconf 77' lang='lat' dir='ltr'><em>nudo</em></span> <span class='ocrx_word' id='word_1_516' title='bbox 1810 3258 2014 3322; x_wconf 82' lang='lat' dir='ltr'><em>israeliticam</em></span> <span class='ocrx_word' id='word_1_517' title='bbox 2040 3259 2204 3337; x_wconf 86' lang='lat' dir='ltr'><em>ecclesiam,</em></span> 
     </span>
    </p>

    <p class='ocr_par' dir='ltr' id='par_1_4' title="bbox 202 3339 2209 4113">
     <span class='ocr_line' id='line_1_36' title="bbox 298 3339 2208 3424; baseline 0.002 -20"><span class='ocrx_word' id='word_1_518' title='bbox 298 3345 367 3405; x_wconf 84' lang='lat'>199.</span> <span class='ocrx_word' id='word_1_519' title='bbox 420 3339 506 3407; x_wconf 88' lang='lat' dir='ltr'><em>Unde</em></span> <span class='ocrx_word' id='word_1_520' title='bbox 525 3341 693 3418; x_wconf 91' lang='lat' dir='ltr'><em>ieiunium,</em></span> <span class='ocrx_word' id='word_1_521' title='bbox 721 3345 755 3404; x_wconf 92' lang='lat' dir='ltr'><em>ut</em></span> <span class='ocrx_word' id='word_1_522' title='bbox 776 3346 820 3405; x_wconf 89' lang='lat' dir='ltr'><em>est</em></span> <span class='ocrx_word' id='word_1_523' title='bbox 840 3342 966 3423; x_wconf 78' lang='lat' dir='ltr'><em>siqnum</em></span> <span class='ocrx_word' id='word_1_524' title='bbox 992 3342 1181 3406; x_wconf 85' lang='lat' dir='ltr'><em>humiliatio-</em></span> <span class='ocrx_word' id='word_1_525' title='bbox 1233 3342 1320 3407; x_wconf 84' lang='lat' dir='ltr'><em>verbo</em></span> <span class='ocrx_word' id='word_1_526' title='bbox 1353 3341 1417 3407; x_wconf 88' lang='lat' dir='ltr'><em>Dei</em></span> <span class='ocrx_word' id='word_1_527' title='bbox 1446 3342 1614 3424; x_wconf 86' lang='lat' dir='ltr'><em>formatam</em></span> <span class='ocrx_word' id='word_1_528' title='bbox 1646 3361 1682 3406; x_wconf 89' lang='lat' dir='ltr'><em>ue</em></span> <span class='ocrx_word' id='word_1_529' title='bbox 1714 3343 1924 3407; x_wconf 89' lang='lat' dir='ltr'><em>constitutam:</em></span> <span class='ocrx_word' id='word_1_530' title='bbox 1956 3345 2011 3408; x_wconf 88' lang='lat' dir='ltr'><em>sed</em></span> <span class='ocrx_word' id='word_1_531' title='bbox 2044 3343 2208 3408; x_wconf 86' lang='lat' dir='ltr'><em>Ninivitas</em></span> 
     </span>
     <span class='ocr_line' id='line_1_37' title="bbox 208 3425 2208 3513; baseline 0.001 -21"><span class='ocrx_word' id='word_1_532' title='bbox 208 3427 274 3506; x_wconf 87' lang='lat' dir='ltr'><em>nis,</em></span> <span class='ocrx_word' id='word_1_533' title='bbox 294 3427 531 3509; x_wconf 77' lang='lat' dir='ltr'><em>frequentiorem</em></span> <span class='ocrx_word' id='word_1_534' title='bbox 552 3447 646 3490; x_wconf 83' lang='lat' dir='ltr'><em>vesum</em></span> <span class='ocrx_word' id='word_1_535' title='bbox 666 3425 753 3489; x_wconf 84' lang='lat' dir='ltr'><em>habet</em></span> <span class='ocrx_word' id='word_1_536' title='bbox 774 3428 808 3489; x_wconf 92' lang='lat' dir='ltr'><em>in</em></span> <span class='ocrx_word' id='word_1_537' title='bbox 823 3427 963 3509; x_wconf 82' lang='lat' dir='ltr'><em>publico,</em></span> <span class='ocrx_word' id='word_1_538' title='bbox 984 3448 1080 3508; x_wconf 90' lang='lat' dir='ltr'><em>quam</em></span> <span class='ocrx_word' id='word_1_539' title='bbox 1100 3428 1181 3491; x_wconf 91' lang='lat' dir='ltr'><em>inter</em></span> <span class='ocrx_word' id='word_1_540' title='bbox 1231 3448 1348 3510; x_wconf 88' lang='lat' dir='ltr'><em>quoqne</em></span> <span class='ocrx_word' id='word_1_541' title='bbox 1369 3427 1453 3513; x_wconf 91' lang='lat' dir='ltr'><em>(Ion.</em></span> <span class='ocrx_word' id='word_1_542' title='bbox 1474 3431 1502 3505; x_wconf 85' lang='lat'><em>3,</em></span> <span class='ocrx_word' id='word_1_543' title='bbox 1523 3426 1567 3511; x_wconf 83' lang='lat'><em>5),</em></span> <span class='ocrx_word' id='word_1_544' title='bbox 1588 3428 1643 3508; x_wconf 91' lang='lat' dir='ltr'><em>qui</em></span> <span class='ocrx_word' id='word_1_545' title='bbox 1659 3427 1740 3490; x_wconf 88' lang='lat' dir='ltr'><em>nihil</em></span> <span class='ocrx_word' id='word_1_546' title='bbox 1756 3427 1920 3507; x_wconf 87' lang='lat' dir='ltr'><em>doctrinae,</em></span> <span class='ocrx_word' id='word_1_547' title='bbox 1936 3435 2064 3510; x_wconf 88' lang='lat' dir='ltr'><em>praeter</em></span> <span class='ocrx_word' id='word_1_548' title='bbox 2082 3431 2208 3494; x_wconf 87' lang='lat' dir='ltr'><em>unicam</em></span> 
     </span>
     <span class='ocr_line' id='line_1_38' title="bbox 208 3512 2207 3598; baseline 0 -20"><span class='ocrx_word' id='word_1_549' title='bbox 208 3513 345 3578; x_wconf 80' lang='lat' dir='ltr'><em>homins</em></span> <span class='ocrx_word' id='word_1_550' title='bbox 369 3515 527 3596; x_wconf 74' lang='lat' dir='ltr'><em>privates,</em></span> <span class='ocrx_word' id='word_1_551' title='bbox 561 3517 714 3593; x_wconf 89' lang='lat' dir='ltr'><em>uteunque</em></span> <span class='ocrx_word' id='word_1_552' title='bbox 738 3513 780 3575; x_wconf 88' lang='lat' dir='ltr'><em>sit</em></span> <span class='ocrx_word' id='word_1_553' title='bbox 804 3533 973 3593; x_wconf 90' lang='lat' dir='ltr'><em>commune,</em></span> <span class='ocrx_word' id='word_1_554' title='bbox 1006 3514 1180 3578; x_wconf 75' lang='lat' dir='ltr'><em>littidum</em></span> <span class='ocrx_word' id='word_1_555' title='bbox 1233 3513 1329 3578; x_wconf 91' lang='lat' dir='ltr'><em>Ionae</em></span> <span class='ocrx_word' id='word_1_556' title='bbox 1351 3514 1614 3595; x_wconf 86' lang='lat' dir='ltr'><em>praedicationem</em></span> <span class='ocrx_word' id='word_1_557' title='bbox 1639 3512 1794 3578; x_wconf 80' lang='lat' dir='ltr'><em>liabehem.</em></span> <span class='ocrx_word' id='word_1_558' title='bbox 1842 3516 1925 3596; x_wconf 79' lang='lat' dir='ltr'><em>Quid</em></span> <span class='ocrx_word' id='word_1_559' title='bbox 1950 3535 2063 3580; x_wconf 74' lang='lat' dir='ltr'><em>mensae</em></span> <span class='ocrx_word' id='word_1_560' title='bbox 2083 3520 2127 3579; x_wconf 91' lang='lat' dir='ltr'><em>est</em></span> <span class='ocrx_word' id='word_1_561' title='bbox 2148 3515 2207 3598; x_wconf 83' lang='lat' dir='ltr'><em>iqi-</em></span> 
     </span>
     <span class='ocr_line' id='line_1_39' title="bbox 208 3598 2209 3683; baseline 0 -19"><span class='ocrx_word' id='word_1_562' title='bbox 208 3603 260 3664; x_wconf 88' lang='lat' dir='ltr'><em>est.</em></span> <span class='ocrx_word' id='word_1_563' title='bbox 308 3599 394 3680; x_wconf 75' lang='lat' dir='ltr'><em>Quod</em></span> <span class='ocrx_word' id='word_1_564' title='bbox 420 3620 490 3683; x_wconf 85' lang='lat' dir='ltr'><em>erqo</em></span> <span class='ocrx_word' id='word_1_565' title='bbox 512 3600 555 3664; x_wconf 91' lang='lat' dir='ltr'><em>ad</em></span> <span class='ocrx_word' id='word_1_566' title='bbox 579 3599 793 3680; x_wconf 88' lang='lat' dir='ltr'><em>disciplinam,</em></span> <span class='ocrx_word' id='word_1_567' title='bbox 821 3598 859 3663; x_wconf 91' lang='lat' dir='ltr'><em>de</em></span> <span class='ocrx_word' id='word_1_568' title='bbox 884 3620 947 3680; x_wconf 91' lang='lat' dir='ltr'><em>qua</em></span> <span class='ocrx_word' id='word_1_569' title='bbox 968 3619 1049 3663; x_wconf 91' lang='lat' dir='ltr'><em>nunc</em></span> <span class='ocrx_word' id='word_1_570' title='bbox 1069 3603 1180 3664; x_wconf 79' lang='lat' dir='ltr'><em>tracta</em></span> <span class='ocrx_word' id='word_1_571' title='bbox 1232 3605 1297 3678; x_wconf 89' lang='lat' dir='ltr'><em>tur,</em></span> <span class='ocrx_word' id='word_1_572' title='bbox 1321 3619 1377 3662; x_wconf 87' lang='lat' dir='ltr'><em>cur</em></span> <span class='ocrx_word' id='word_1_573' title='bbox 1398 3619 1454 3664; x_wconf 93' lang='lat' dir='ltr'><em>nos</em></span> <span class='ocrx_word' id='word_1_574' title='bbox 1474 3619 1535 3664; x_wconf 91' lang='lat' dir='ltr'><em>non</em></span> <span class='ocrx_word' id='word_1_575' title='bbox 1556 3599 1637 3663; x_wconf 88' lang='lat' dir='ltr'><em>idem</em></span> <span class='ocrx_word' id='word_1_576' title='bbox 1703 3600 1820 3664; x_wconf 78' lang='lat' dir='ltr'><em>amus?</em></span> <span class='ocrx_word' id='word_1_577' title='bbox 1861 3600 1907 3665; x_wconf 80' lang='lat' dir='ltr'><em>Ae</em></span> <span class='ocrx_word' id='word_1_578' title='bbox 1928 3606 2052 3665; x_wconf 72' lang='lat' dir='ltr'><em>extenta</em></span> <span class='ocrx_word' id='word_1_579' title='bbox 2072 3607 2117 3665; x_wconf 89' lang='lat' dir='ltr'><em>est</em></span> <span class='ocrx_word' id='word_1_580' title='bbox 2144 3621 2209 3665; x_wconf 78' lang='lat' dir='ltr'><em>eoo</em></span> 
     </span>
     <span class='ocr_line' id='line_1_40' title="bbox 207 3621 2208 3768; baseline 0 -20"><span class='ocrx_word' id='word_1_581' title='bbox 207 3703 292 3762; x_wconf 83' lang='lat' dir='ltr'><em>mus,</em></span> <span class='ocrx_word' id='word_1_582' title='bbox 314 3685 462 3765; x_wconf 89' lang='lat' dir='ltr'><em>pertinet:</em></span> <span class='ocrx_word' id='word_1_583' title='bbox 490 3686 607 3766; x_wconf 89' lang='lat' dir='ltr'><em>quoties</em></span> <span class='ocrx_word' id='word_1_584' title='bbox 632 3685 669 3749; x_wconf 90' lang='lat' dir='ltr'><em>de</em></span> <span class='ocrx_word' id='word_1_585' title='bbox 696 3705 729 3747; x_wconf 95' lang='lat' dir='ltr'><em>re</em></span> <span class='ocrx_word' id='word_1_586' title='bbox 750 3685 860 3765; x_wconf 88' lang='lat' dir='ltr'><em>aliqua</em></span> <span class='ocrx_word' id='word_1_587' title='bbox 880 3706 996 3768; x_wconf 84' lang='lat' dir='ltr'><em>maqna</em></span> <span class='ocrx_word' id='word_1_588' title='bbox 1018 3685 1085 3748; x_wconf 90' lang='lat' dir='ltr'><em>Deo</em></span> <span class='ocrx_word' id='word_1_589' title='bbox 1106 3705 1180 3767; x_wconf 81' lang='lat' dir='ltr'><em>sup</em></span> <span class='ocrx_word' id='word_1_590' title='bbox 1231 3686 1378 3763; x_wconf 75' lang='lat' dir='ltr'><em>renconie,</em></span> <span class='ocrx_word' id='word_1_591' title='bbox 1400 3705 1479 3766; x_wconf 89' lang='lat' dir='ltr'><em>quoe</em></span> <span class='ocrx_word' id='word_1_592' title='bbox 1497 3685 1590 3765; x_wconf 77' lang='lat' dir='ltr'><em>finem</em></span> <span class='ocrx_word' id='word_1_593' title='bbox 1611 3686 1646 3748; x_wconf 89' lang='lat' dir='ltr'><em>in</em></span> <span class='ocrx_word' id='word_1_594' title='bbox 1664 3621 1791 3750; x_wconf 45' lang='lat' dir='ltr'><em>aneu</em></span> <span class='ocrx_word' id='word_1_595' title='bbox 1812 3707 1877 3751; x_wconf 89' lang='lat' dir='ltr'><em>una</em></span> <span class='ocrx_word' id='word_1_596' title='bbox 1898 3707 1967 3751; x_wconf 90' lang='lat' dir='ltr'><em>oum</em></span> <span class='ocrx_word' id='word_1_597' title='bbox 1989 3686 2064 3751; x_wconf 88' lang='lat' dir='ltr'><em>aliis</em></span> <span class='ocrx_word' id='word_1_598' title='bbox 2085 3687 2208 3766; x_wconf 86' lang='lat' dir='ltr'><em>acecpit.</em></span> 
     </span>
     <span class='ocr_line' id='line_1_41' title="bbox 203 3767 2209 3852; baseline 0.001 -19"><span class='ocrx_word' id='word_1_599' title='bbox 203 3767 387 3852; x_wconf 87' lang='lat' dir='ltr'><em>plicondum</em></span> <span class='ocrx_word' id='word_1_600' title='bbox 407 3776 459 3849; x_wconf 85' lang='lat' dir='ltr'><em>est,</em></span> <span class='ocrx_word' id='word_1_601' title='bbox 480 3771 634 3835; x_wconf 90' lang='lat' dir='ltr'><em>ieiunium</em></span> <span class='ocrx_word' id='word_1_602' title='bbox 650 3791 717 3834; x_wconf 89' lang='lat' dir='ltr'><em>nno</em></span> <span class='ocrx_word' id='word_1_603' title='bbox 737 3791 807 3834; x_wconf 89' lang='lat' dir='ltr'><em>cum</em></span> <span class='ocrx_word' id='word_1_604' title='bbox 824 3772 958 3835; x_wconf 88' lang='lat' dir='ltr'><em>eratione</em></span> <span class='ocrx_word' id='word_1_605' title='bbox 975 3771 1108 3836; x_wconf 85' lang='lat' dir='ltr'><em>indicere</em></span> <span class='ocrx_word' id='word_1_606' title='bbox 1130 3792 1180 3834; x_wconf 81' lang='lat' dir='ltr'><em>en-</em></span> <span class='ocrx_word' id='word_1_607' title='bbox 1232 3771 1301 3835; x_wconf 89' lang='lat' dir='ltr'><em>Imo</em></span> <span class='ocrx_word' id='word_1_608' title='bbox 1327 3770 1472 3851; x_wconf 75' lang='lat' dir='ltr'><em>hodieque</em></span> <span class='ocrx_word' id='word_1_609' title='bbox 1498 3771 1648 3852; x_wconf 88' lang='lat' dir='ltr'><em>optimum</em></span> <span class='ocrx_word' id='word_1_610' title='bbox 1666 3769 1810 3850; x_wconf 86' lang='lat' dir='ltr'><em>fidelihus</em></span> <span class='ocrx_word' id='word_1_611' title='bbox 1837 3772 2062 3837; x_wconf 86' lang='lat' dir='ltr'><em>adminiculum</em></span> <span class='ocrx_word' id='word_1_612' title='bbox 2088 3777 2145 3850; x_wconf 86' lang='lat' dir='ltr'><em>est,</em></span> <span class='ocrx_word' id='word_1_613' title='bbox 2173 3777 2209 3835; x_wconf 93' lang='lat' dir='ltr'><em>ut</em></span> 
     </span>
     <span class='ocr_line' id='line_1_42' title="bbox 202 3854 2208 3939; baseline 0.001 -21"><span class='ocrx_word' id='word_1_614' title='bbox 202 3854 333 3936; x_wconf 84' lang='lat' dir='ltr'><em>pediret.</em></span> <span class='ocrx_word' id='word_1_615' title='bbox 380 3855 434 3920; x_wconf 83' lang='lat' dir='ltr'><em>Sic</em></span> <span class='ocrx_word' id='word_1_616' title='bbox 460 3877 555 3937; x_wconf 90' lang='lat' dir='ltr'><em>quum</em></span> <span class='ocrx_word' id='word_1_617' title='bbox 579 3856 683 3921; x_wconf 90' lang='lat' dir='ltr'><em>Paulo</em></span> <span class='ocrx_word' id='word_1_618' title='bbox 710 3856 929 3920; x_wconf 82' lang='lat' dir='ltr'><em>etBarnalae</em></span> <span class='ocrx_word' id='word_1_619' title='bbox 949 3877 1064 3921; x_wconf 76' lang='lat' dir='ltr'><em>mainus</em></span> <span class='ocrx_word' id='word_1_620' title='bbox 1085 3858 1181 3937; x_wconf 87' lang='lat' dir='ltr'><em>impe</em></span> <span class='ocrx_word' id='word_1_621' title='bbox 1231 3876 1350 3939; x_wconf 87' lang='lat' dir='ltr'><em>semper</em></span> <span class='ocrx_word' id='word_1_622' title='bbox 1373 3856 1452 3939; x_wconf 87' lang='lat' dir='ltr'><em>fuit,</em></span> <span class='ocrx_word' id='word_1_623' title='bbox 1478 3861 1505 3920; x_wconf 87' lang='lat' dir='ltr'><em>et</em></span> <span class='ocrx_word' id='word_1_624' title='bbox 1525 3856 1613 3920; x_wconf 89' lang='lat' dir='ltr'><em>utilis</em></span> <span class='ocrx_word' id='word_1_625' title='bbox 1634 3857 1816 3935; x_wconf 84' lang='lat' dir='ltr'><em>adnmnitio,</em></span> <span class='ocrx_word' id='word_1_626' title='bbox 1846 3859 1889 3923; x_wconf 90' lang='lat' dir='ltr'><em>ad</em></span> <span class='ocrx_word' id='word_1_627' title='bbox 1909 3879 1942 3923; x_wconf 92' lang='lat' dir='ltr'><em>se</em></span> <span class='ocrx_word' id='word_1_628' title='bbox 1968 3860 2054 3939; x_wconf 88' lang='lat' dir='ltr'><em>ipsos</em></span> <span class='ocrx_word' id='word_1_629' title='bbox 2076 3858 2208 3923; x_wconf 74' lang='lat' dir='ltr'><em>euitan-</em></span> 
     </span>
     <span class='ocr_line' id='line_1_43' title="bbox 208 3939 2206 4026; baseline 0.003 -23"><span class='ocrx_word' id='word_1_630' title='bbox 208 3945 287 4004; x_wconf 85' lang='lat' dir='ltr'><em>nunl</em></span> <span class='ocrx_word' id='word_1_631' title='bbox 314 3939 518 4021; x_wconf 76' lang='lat' dir='ltr'><em>Antistheni,</em></span> <span class='ocrx_word' id='word_1_632' title='bbox 540 3963 598 4023; x_wconf 91' lang='lat' dir='ltr'><em>quo</em></span> <span class='ocrx_word' id='word_1_633' title='bbox 620 3963 724 4007; x_wconf 90' lang='lat' dir='ltr'><em>eorum</em></span> <span class='ocrx_word' id='word_1_634' title='bbox 750 3943 972 4023; x_wconf 89' lang='lat' dir='ltr'><em>ministerium,</em></span> <span class='ocrx_word' id='word_1_635' title='bbox 1001 3943 1081 4025; x_wconf 89' lang='lat' dir='ltr'><em>quod</em></span> <span class='ocrx_word' id='word_1_636' title='bbox 1101 3943 1181 4006; x_wconf 91' lang='lat' dir='ltr'><em>tanti</em></span> <span class='ocrx_word' id='word_1_637' title='bbox 1232 3944 1306 4021; x_wconf 88' lang='lat' dir='ltr'><em>dos,·</em></span> <span class='ocrx_word' id='word_1_638' title='bbox 1327 3962 1365 4005; x_wconf 90' lang='lat' dir='ltr'><em>ne</em></span> <span class='ocrx_word' id='word_1_639' title='bbox 1386 3962 1446 4006; x_wconf 87' lang='lat' dir='ltr'><em>sna</em></span> <span class='ocrx_word' id='word_1_640' title='bbox 1467 3942 1568 4006; x_wconf 89' lang='lat' dir='ltr'><em>nimia</em></span> <span class='ocrx_word' id='word_1_641' title='bbox 1589 3943 1751 4008; x_wconf 87' lang='lat' dir='ltr'><em>securitate</em></span> <span class='ocrx_word' id='word_1_642' title='bbox 1771 3948 1798 4007; x_wconf 88' lang='lat' dir='ltr'><em>ct</em></span> <span class='ocrx_word' id='word_1_643' title='bbox 1819 3944 1959 4009; x_wconf 87' lang='lat' dir='ltr'><em>socordio</em></span> <span class='ocrx_word' id='word_1_644' title='bbox 1977 3943 2082 4008; x_wconf 92' lang='lat' dir='ltr'><em>Deum</em></span> <span class='ocrx_word' id='word_1_645' title='bbox 2103 3944 2206 4026; x_wconf 80' lang='lat' dir='ltr'><em>maqis</em></span> 
     </span>
     <span class='ocr_line' id='line_1_44' title="bbox 207 4026 2204 4113; baseline 0.001 -22"><span class='ocrx_word' id='word_1_646' title='bbox 207 4028 352 4091; x_wconf 78' lang='lat' dir='ltr'><em>momenti</em></span> <span class='ocrx_word' id='word_1_647' title='bbox 377 4032 457 4106; x_wconf 87' lang='lat' dir='ltr'><em>erat,</em></span> <span class='ocrx_word' id='word_1_648' title='bbox 485 4029 596 4093; x_wconf 88' lang='lat' dir='ltr'><em>melius</em></span> <span class='ocrx_word' id='word_1_649' title='bbox 617 4026 685 4092; x_wconf 92' lang='lat' dir='ltr'><em>Deo</em></span> <span class='ocrx_word' id='word_1_650' title='bbox 705 4029 922 4107; x_wconf 90' lang='lat' dir='ltr'><em>commendent,</em></span> <span class='ocrx_word' id='word_1_651' title='bbox 951 4029 1083 4093; x_wconf 91' lang='lat' dir='ltr'><em>orationi</em></span> <span class='ocrx_word' id='word_1_652' title='bbox 1104 4029 1181 4092; x_wconf 84' lang='lat' dir='ltr'><em>ieiu-</em></span> <span class='ocrx_word' id='word_1_653' title='bbox 1232 4049 1269 4093; x_wconf 91' lang='lat' dir='ltr'><em>ao</em></span> <span class='ocrx_word' id='word_1_654' title='bbox 1300 4028 1401 4110; x_wconf 83' lang='lat' dir='ltr'><em>meqis</em></span> <span class='ocrx_word' id='word_1_655' title='bbox 1428 4031 1604 4110; x_wconf 63' lang='lat' dir='ltr'><em>provoc‘mt</em></span> <span class='ocrx_word' id='word_1_656' title='bbox 1639 4029 1715 4093; x_wconf 91' lang='lat' dir='ltr'><em>dum</em></span> <span class='ocrx_word' id='word_1_657' title='bbox 1746 4030 1814 4094; x_wconf 89' lang='lat' dir='ltr'><em>eius</em></span> <span class='ocrx_word' id='word_1_658' title='bbox 1840 4029 1973 4113; x_wconf 78' lang='lat' dir='ltr'><em>flapellis</em></span> <span class='ocrx_word' id='word_1_659' title='bbox 2005 4030 2204 4112; x_wconf 83' lang='lat' dir='ltr'><em>castiqantnr.</em></span> 
     </span>
    </p>
   </div>
   <div class='ocr_carea' id='block_1_3' title="bbox 101 4111 2208 4198">
    <p class='ocr_par' dir='ltr' id='par_1_5' title="bbox 101 4111 2208 4198">
     <span class='ocr_line' id='line_1_45' title="bbox 101 4111 2208 4198; baseline 0.001 -21"><span class='ocrx_word' id='word_1_660' title='bbox 101 4172 108 4185; x_wconf 83' lang='grc'>,</span> <span class='ocrx_word' id='word_1_661' title='bbox 207 4112 302 4177; x_wconf 45' lang='lat' dir='ltr'><em>num*</em></span> <span class='ocrx_word' id='word_1_662' title='bbox 319 4114 505 4196; x_wconf 75' lang='lat' dir='ltr'><em>ceniunqnnt</em></span> <span class='ocrx_word' id='word_1_663' title='bbox 525 4112 613 4198; x_wconf 80' lang='lat' dir='ltr'><em>(Aet.</em></span> <span class='ocrx_word' id='word_1_664' title='bbox 637 4118 684 4192; x_wconf 90' lang='lat'><em>13,</em></span> <span class='ocrx_word' id='word_1_665' title='bbox 704 4114 747 4198; x_wconf 89' lang='lat'><em>3).</em></span> <span class='ocrx_word' id='word_1_666' title='bbox 799 4112 852 4178; x_wconf 85' lang='lat' dir='ltr'><em>Sic</em></span> <span class='ocrx_word' id='word_1_667' title='bbox 873 4114 960 4178; x_wconf 81' lang='lat' dir='ltr'><em>ambo</em></span> <span class='ocrx_word' id='word_1_668' title='bbox 982 4115 1047 4196; x_wconf 89' lang='lat' dir='ltr'><em>ipsi</em></span> <span class='ocrx_word' id='word_1_669' title='bbox 1063 4119 1179 4196; x_wconf 88' lang='lat' dir='ltr'><em>postea,</em></span> <span class='ocrx_word' id='word_1_670' title='bbox 1235 4113 1371 4178; x_wconf 89' lang='lat' dir='ltr'><em>Proinde</em></span> <span class='ocrx_word' id='word_1_671' title='bbox 1394 4111 1550 4191; x_wconf 75' lang='lat' dir='ltr'><em>Christus,</em></span> <span class='ocrx_word' id='word_1_672' title='bbox 1578 4135 1674 4195; x_wconf 91' lang='lat' dir='ltr'><em>quum</em></span> <span class='ocrx_word' id='word_1_673' title='bbox 1700 4115 1850 4197; x_wconf 88' lang='lat' dir='ltr'><em>apostolos</em></span> <span class='ocrx_word' id='word_1_674' title='bbox 1870 4135 1943 4180; x_wconf 91' lang='lat' dir='ltr'><em>suos</em></span> <span class='ocrx_word' id='word_1_675' title='bbox 1964 4121 2103 4194; x_wconf 77' lang='lat' dir='ltr'><em>mensu,</em></span> <span class='ocrx_word' id='word_1_676' title='bbox 2126 4114 2208 4197; x_wconf 90' lang='lat' dir='ltr'><em>qnod</em></span> 
     </span>
    </p>
   </div>
   <div class='ocr_carea' id='block_1_4' title="bbox 206 4199 2209 4458">
    <p class='ocr_par' dir='ltr' id='par_1_6' title="bbox 206 4199 2209 4458">
     <span class='ocr_line' id='line_1_46' title="bbox 207 4199 2207 4284; baseline 0.001 -22"><span class='ocrx_word' id='word_1_677' title='bbox 207 4217 304 4280; x_wconf 86' lang='lat' dir='ltr'><em>quum</em></span> <span class='ocrx_word' id='word_1_678' title='bbox 325 4199 485 4264; x_wconf 77' lang='lat' dir='ltr'><em>minnistros</em></span> <span class='ocrx_word' id='word_1_679' title='bbox 503 4200 705 4281; x_wconf 72' lang='lat' dir='ltr'><em>praeficerent</em></span> <span class='ocrx_word' id='word_1_680' title='bbox 726 4200 872 4279; x_wconf 82' lang='lat' dir='ltr'><em>ecclesiis,</em></span> <span class='ocrx_word' id='word_1_681' title='bbox 895 4200 978 4264; x_wconf 90' lang='lat' dir='ltr'><em>soliti</em></span> <span class='ocrx_word' id='word_1_682' title='bbox 999 4205 1071 4263; x_wconf 79' lang='lat' dir='ltr'><em>sunit</em></span> <span class='ocrx_word' id='word_1_683' title='bbox 1091 4220 1181 4263; x_wconf 89' lang='lat' dir='ltr'><em>orere</em></span> <span class='ocrx_word' id='word_1_684' title='bbox 1232 4221 1293 4265; x_wconf 91' lang='lat' dir='ltr'><em>non</em></span> <span class='ocrx_word' id='word_1_685' title='bbox 1313 4199 1463 4278; x_wconf 85' lang='lat' dir='ltr'><em>ieiunent,</em></span> <span class='ocrx_word' id='word_1_686' title='bbox 1489 4219 1551 4263; x_wconf 92' lang='lat' dir='ltr'><em>non</em></span> <span class='ocrx_word' id='word_1_687' title='bbox 1572 4200 1647 4264; x_wconf 88' lang='lat' dir='ltr'><em>dicit</em></span> <span class='ocrx_word' id='word_1_688' title='bbox 1668 4200 1847 4284; x_wconf 70' lang='lat' dir='ltr'><em>abrepatm</em></span> <span class='ocrx_word' id='word_1_689' title='bbox 1869 4223 1934 4267; x_wconf 86' lang='lat' dir='ltr'><em>esso</em></span> <span class='ocrx_word' id='word_1_690' title='bbox 1954 4202 2125 4280; x_wconf 72' lang='lat' dir='ltr'><em>ieiunium·</em></span> <span class='ocrx_word' id='word_1_691' title='bbox 2152 4201 2207 4266; x_wconf 91' lang='lat' dir='ltr'><em>sed</em></span> 
     </span>
     <span class='ocr_line' id='line_1_47' title="bbox 207 4283 2206 4370; baseline 0 -20"><span class='ocrx_word' id='word_1_692' title='bbox 207 4303 278 4350; x_wconf 83' lang='lat' dir='ltr'><em>curn</em></span> <span class='ocrx_word' id='word_1_693' title='bbox 298 4285 414 4348; x_wconf 89' lang='lat' dir='ltr'><em>ieiunio</em></span> <span class='ocrx_word' id='word_1_694' title='bbox 434 4283 524 4370; x_wconf 91' lang='lat' dir='ltr'><em>(ibid.</em></span> <span class='ocrx_word' id='word_1_695' title='bbox 548 4291 596 4365; x_wconf 89' lang='grc'><em>14,</em></span> <span class='ocrx_word' id='word_1_696' title='bbox 615 4284 680 4369; x_wconf 85' lang='grc'>23).</span> <span class='ocrx_word' id='word_1_697' title='bbox 725 4286 767 4349; x_wconf 90' lang='lat' dir='ltr'><em>In</em></span> <span class='ocrx_word' id='word_1_698' title='bbox 785 4307 892 4369; x_wconf 84' lang='lat' dir='ltr'><em>qenere</em></span> <span class='ocrx_word' id='word_1_699' title='bbox 912 4286 967 4350; x_wconf 89' lang='lat' dir='ltr'><em>hoc</em></span> <span class='ocrx_word' id='word_1_700' title='bbox 987 4286 1101 4349; x_wconf 89' lang='lat' dir='ltr'><em>ieiunii</em></span> <span class='ocrx_word' id='word_1_701' title='bbox 1122 4304 1180 4347; x_wconf 89' lang='lat' dir='ltr'><em>nen</em></span> <span class='ocrx_word' id='word_1_702' title='bbox 1233 4285 1422 4351; x_wconf 87' lang='lat' dir='ltr'><em>calamitosis</em></span> <span class='ocrx_word' id='word_1_703' title='bbox 1453 4285 1640 4366; x_wconf 85' lang='lat' dir='ltr'><em>temporihus</em></span> <span class='ocrx_word' id='word_1_704' title='bbox 1670 4287 1776 4367; x_wconf 86' lang='lat' dir='ltr'><em>ipsum</em></span> <span class='ocrx_word' id='word_1_705' title='bbox 1808 4289 1955 4366; x_wconf 83' lang='lat' dir='ltr'><em>destinat,</em></span> <span class='ocrx_word' id='word_1_706' title='bbox 1991 4293 2020 4352; x_wconf 90' lang='lat' dir='ltr'><em>et</em></span> <span class='ocrx_word' id='word_1_707' title='bbox 2051 4286 2206 4368; x_wconf 84' lang='lat' dir='ltr'><em>mniunqit</em></span> 
     </span>
     <span class='ocr_line' id='line_1_48' title="bbox 206 4369 2209 4458; baseline 0 -23"><span class='ocrx_word' id='word_1_708' title='bbox 206 4370 297 4435; x_wconf 86' lang='lat' dir='ltr'><em>aliud</em></span> <span class='ocrx_word' id='word_1_709' title='bbox 317 4377 499 4452; x_wconf 82' lang='lat' dir='ltr'><em>spectarunt,</em></span> <span class='ocrx_word' id='word_1_710' title='bbox 521 4373 586 4434; x_wconf 86' lang='lat' dir='ltr'><em>nisi</em></span> <span class='ocrx_word' id='word_1_711' title='bbox 607 4375 641 4433; x_wconf 90' lang='lat' dir='ltr'><em>ut</em></span> <span class='ocrx_word' id='word_1_712' title='bbox 662 4372 860 4435; x_wconf 87' lang='lat' dir='ltr'><em>redderentur</em></span> <span class='ocrx_word' id='word_1_713' title='bbox 881 4372 1048 4435; x_wconf 74' lang='lat' dir='ltr'><em>‹damieres</em></span> <span class='ocrx_word' id='word_1_714' title='bbox 1068 4375 1181 4458; x_wconf 75' lang='lat' dir='ltr'><em>elma</em></span> <span class='ocrx_word' id='word_1_715' title='bbox 1233 4392 1302 4437; x_wconf 82' lang='lat' dir='ltr'><em>cum</em></span> <span class='ocrx_word' id='word_1_716' title='bbox 1323 4371 1415 4435; x_wconf 86' lang='lat' dir='ltr'><em>luctu.</em></span> <span class='ocrx_word' id='word_1_717' title='bbox 1460 4369 1572 4449; x_wconf 87' lang='lat' dir='ltr'><em>Veniet,</em></span> <span class='ocrx_word' id='word_1_718' title='bbox 1594 4373 1704 4452; x_wconf 90' lang='lat' dir='ltr'><em>inquit,</em></span> <span class='ocrx_word' id='word_1_719' title='bbox 1726 4378 1853 4455; x_wconf 87' lang='lat' dir='ltr'><em>tempus,</em></span> <span class='ocrx_word' id='word_1_720' title='bbox 1876 4393 1972 4454; x_wconf 89' lang='lat' dir='ltr'><em>quum</em></span> <span class='ocrx_word' id='word_1_721' title='bbox 1989 4374 2148 4455; x_wconf 79' lang='lat' dir='ltr'><em>auferetur</em></span> <span class='ocrx_word' id='word_1_722' title='bbox 2169 4370 2209 4435; x_wconf 83' lang='lat' dir='ltr'><em>ah</em></span> 
     </span>
    </p>
   </div>
   <div class='ocr_carea' id='block_1_5' title="bbox 89 4455 1970 4545">
    <p class='ocr_par' dir='ltr' id='par_1_7' title="bbox 89 4455 1970 4545">
     <span class='ocr_line' id='line_1_49' title="bbox 89 4455 1970 4545; baseline 0 -23"><span class='ocrx_word' id='word_1_723' title='bbox 89 4465 95 4469; x_wconf 85' lang='lat'>&#39;</span> <span class='ocrx_word' id='word_1_724' title='bbox 205 4456 257 4539; x_wconf 80' lang='lat' dir='ltr'><em>qis</em></span> <span class='ocrx_word' id='word_1_725' title='bbox 289 4457 423 4538; x_wconf 74' lang='lat' dir='ltr'><em>expediti</em></span> <span class='ocrx_word' id='word_1_726' title='bbox 456 4459 498 4522; x_wconf 91' lang='lat' dir='ltr'><em>ad</em></span> <span class='ocrx_word' id='word_1_727' title='bbox 524 4456 725 4538; x_wconf 90' lang='lat' dir='ltr'><em>precandum.</em></span> <span class='ocrx_word' id='word_1_728' title='bbox 782 4457 849 4520; x_wconf 89' lang='lat' dir='ltr'><em>Hoc</em></span> <span class='ocrx_word' id='word_1_729' title='bbox 882 4463 957 4521; x_wconf 82' lang='lat' dir='ltr'><em>cente</em></span> <span class='ocrx_word' id='word_1_730' title='bbox 996 4456 1179 4537; x_wconf 75' lang='lat' dir='ltr'><em>experimur,</em></span> <span class='ocrx_word' id='word_1_731' title='bbox 1232 4457 1299 4522; x_wconf 89' lang='lat' dir='ltr'><em>illis</em></span> <span class='ocrx_word' id='word_1_732' title='bbox 1320 4475 1452 4538; x_wconf 88' lang='lat' dir='ltr'><em>sponsus</em></span> <span class='ocrx_word' id='word_1_733' title='bbox 1474 4455 1608 4541; x_wconf 82' lang='lat' dir='ltr'><em>(Manh.</em></span> <span class='ocrx_word' id='word_1_734' title='bbox 1629 4463 1658 4536; x_wconf 84' lang='lat'><em>9,</em></span> <span class='ocrx_word' id='word_1_735' title='bbox 1680 4461 1728 4521; x_wconf 82' lang='lat'><em>15.</em></span> <span class='ocrx_word' id='word_1_736' title='bbox 1752 4459 1833 4525; x_wconf 86' lang='lat' dir='ltr'><em>Luc.</em></span> <span class='ocrx_word' id='word_1_737' title='bbox 1855 4465 1882 4538; x_wconf 79' lang='lat'><em>5,</em></span> <span class='ocrx_word' id='word_1_738' title='bbox 1905 4459 1970 4545; x_wconf 76' lang='lat'><em>34).</em></span> 
     </span>
    </p>
   </div>
   <div class='ocr_carea' id='block_1_6' title="bbox 206 4519 2277 5315">
    <p class='ocr_par' dir='ltr' id='par_1_8' title="bbox 206 4519 2277 5315">
     <span class='ocr_line' id='line_1_50' title="bbox 208 4519 2277 4623; baseline 0 -16"><span class='ocrx_word' id='word_1_739' title='bbox 208 4548 311 4608; x_wconf 83' lang='lat' dir='ltr'><em>ventre</em></span> <span class='ocrx_word' id='word_1_740' title='bbox 334 4542 427 4623; x_wconf 89' lang='lat' dir='ltr'><em>pleno</em></span> <span class='ocrx_word' id='word_1_741' title='bbox 461 4548 590 4608; x_wconf 88' lang='lat' dir='ltr'><em>mevtern</em></span> <span class='ocrx_word' id='word_1_742' title='bbox 618 4561 679 4605; x_wconf 92' lang='lat' dir='ltr'><em>non</em></span> <span class='ocrx_word' id='word_1_743' title='bbox 705 4543 751 4605; x_wconf 90' lang='lat' dir='ltr'><em>ita</em></span> <span class='ocrx_word' id='word_1_744' title='bbox 776 4562 840 4605; x_wconf 91' lang='lat' dir='ltr'><em>esse</em></span> <span class='ocrx_word' id='word_1_745' title='bbox 861 4543 896 4604; x_wconf 89' lang='lat' dir='ltr'><em>in</em></span> <span class='ocrx_word' id='word_1_746' title='bbox 917 4542 1022 4606; x_wconf 89' lang='lat' dir='ltr'><em>Deum</em></span> <span class='ocrx_word' id='word_1_747' title='bbox 1043 4546 1180 4620; x_wconf 82' lang='lat' dir='ltr'><em>erectam,</em></span> <span class='ocrx_word' id='word_1_748' title='bbox 1320 4546 1391 4606; x_wconf 85' lang='lat'>201.</span> <span class='ocrx_word' id='word_1_749' title='bbox 1440 4541 1488 4606; x_wconf 85' lang='lat' dir='ltr'><em>Ne</em></span> <span class='ocrx_word' id='word_1_750' title='bbox 1512 4544 1588 4623; x_wconf 87' lang='lat' dir='ltr'><em>quis</em></span> <span class='ocrx_word' id='word_1_751' title='bbox 1613 4548 1715 4608; x_wconf 64' lang='lat' dir='ltr'><em>anem</em></span> <span class='ocrx_word' id='word_1_752' title='bbox 1737 4563 1823 4609; x_wconf 87' lang='lat' dir='ltr'><em>error</em></span> <span class='ocrx_word' id='word_1_753' title='bbox 1842 4536 1945 4610; x_wconf 77' lang='lat' dir='ltr'><em>sit&#39;in</em></span> <span class='ocrx_word' id='word_1_754' title='bbox 1971 4545 2105 4622; x_wconf 89' lang='lat' dir='ltr'><em>nomine,</em></span> <span class='ocrx_word' id='word_1_755' title='bbox 2135 4542 2206 4623; x_wconf 76' lang='lat' dir='ltr'><em>defi</em></span> <span class='ocrx_word' id='word_1_756' title='bbox 2266 4519 2277 4544; x_wconf 75' lang='lat'><em>⁰</em></span> 
     </span>
     <span class='ocr_line' id='line_1_51' title="bbox 207 4626 2205 4713; baseline -0.001 -21"><span class='ocrx_word' id='word_1_757' title='bbox 207 4631 242 4692; x_wconf 80' lang='lat' dir='ltr'><em>ut</em></span> <span class='ocrx_word' id='word_1_758' title='bbox 263 4633 291 4692; x_wconf 90' lang='lat' dir='ltr'><em>el</em></span> <span class='ocrx_word' id='word_1_759' title='bbox 311 4630 392 4692; x_wconf 88' lang='lat' dir='ltr'><em>serio</em></span> <span class='ocrx_word' id='word_1_760' title='bbox 412 4629 594 4710; x_wconf 78' lang='lat' dir='ltr'><em>ardentique</em></span> <span class='ocrx_word' id='word_1_761' title='bbox 614 4628 724 4708; x_wconf 77' lang='lat' dir='ltr'><em>affectu</em></span> <span class='ocrx_word' id='word_1_762' title='bbox 743 4626 823 4709; x_wconf 89' lang='lat' dir='ltr'><em>ferri</em></span> <span class='ocrx_word' id='word_1_763' title='bbox 849 4628 883 4689; x_wconf 89' lang='lat' dir='ltr'><em>in</em></span> <span class='ocrx_word' id='word_1_764' title='bbox 905 4627 1126 4708; x_wconf 88' lang='lat' dir='ltr'><em>precationem,</em></span> <span class='ocrx_word' id='word_1_765' title='bbox 1154 4632 1182 4692; x_wconf 90' lang='lat' dir='ltr'><em>et</em></span> <span class='ocrx_word' id='word_1_766' title='bbox 1233 4629 1361 4692; x_wconf 84' lang='lat' dir='ltr'><em>niernus</em></span> <span class='ocrx_word' id='word_1_767' title='bbox 1382 4627 1458 4708; x_wconf 85' lang='lat' dir='ltr'><em>quid</em></span> <span class='ocrx_word' id='word_1_768' title='bbox 1479 4629 1521 4692; x_wconf 90' lang='lat' dir='ltr'><em>sit</em></span> <span class='ocrx_word' id='word_1_769' title='bbox 1541 4630 1711 4708; x_wconf 75' lang='lat' dir='ltr'><em>ieiunium·</em></span> <span class='ocrx_word' id='word_1_770' title='bbox 1739 4651 1800 4695; x_wconf 92' lang='lat' dir='ltr'><em>nen</em></span> <span class='ocrx_word' id='word_1_771' title='bbox 1828 4632 1909 4696; x_wconf 90' lang='lat' dir='ltr'><em>enim</em></span> <span class='ocrx_word' id='word_1_772' title='bbox 1935 4631 2117 4713; x_wconf 81' lang='lat' dir='ltr'><em>simpliciter</em></span> <span class='ocrx_word' id='word_1_773' title='bbox 2137 4648 2205 4692; x_wconf 76' lang='lat' dir='ltr'><em>oon</em></span> 
     </span>
     <span class='ocr_line' id='line_1_52' title="bbox 211 4711 2204 4798; baseline 0.001 -22"><span class='ocrx_word' id='word_1_774' title='bbox 211 4713 247 4776; x_wconf 86' lang='lat' dir='ltr'><em>in</em></span> <span class='ocrx_word' id='word_1_775' title='bbox 268 4734 304 4778; x_wconf 88' lang='lat' dir='ltr'><em>ea</em></span> <span class='ocrx_word' id='word_1_776' title='bbox 326 4735 525 4795; x_wconf 89' lang='lat' dir='ltr'><em>perseverare</em></span> <span class='ocrx_word' id='word_1_777' title='bbox 546 4713 655 4795; x_wconf 91' lang='lat' dir='ltr'><em>possit.</em></span> <span class='ocrx_word' id='word_1_778' title='bbox 701 4711 755 4776; x_wconf 83' lang='lat' dir='ltr'><em>Sic</em></span> <span class='ocrx_word' id='word_1_779' title='bbox 782 4712 1011 4794; x_wconf 87' lang='lat' dir='ltr'><em>intelliqendum</em></span> <span class='ocrx_word' id='word_1_780' title='bbox 1036 4713 1182 4794; x_wconf 86' lang='lat' dir='ltr'><em>estquod</em></span> <span class='ocrx_word' id='word_1_781' title='bbox 1232 4714 1393 4779; x_wconf 88' lang='lat' dir='ltr'><em>tinentiom</em></span> <span class='ocrx_word' id='word_1_782' title='bbox 1422 4734 1458 4776; x_wconf 90' lang='lat' dir='ltr'><em>ec</em></span> <span class='ocrx_word' id='word_1_783' title='bbox 1483 4715 1715 4794; x_wconf 83' lang='lat' dir='ltr'><em>parsimoniam</em></span> <span class='ocrx_word' id='word_1_784' title='bbox 1743 4717 1778 4780; x_wconf 91' lang='lat' dir='ltr'><em>in</em></span> <span class='ocrx_word' id='word_1_785' title='bbox 1806 4719 1887 4782; x_wconf 91' lang='lat' dir='ltr'><em>victu</em></span> <span class='ocrx_word' id='word_1_786' title='bbox 1915 4717 1964 4782; x_wconf 89' lang='lat' dir='ltr'><em>hic</em></span> <span class='ocrx_word' id='word_1_787' title='bbox 1995 4715 2204 4798; x_wconf 60' lang='lat' dir='ltr'><em>intelligemus,</em></span> 
     </span>
     <span class='ocr_line' id='line_1_53' title="bbox 209 4796 2208 4884; baseline -0.001 -21"><span class='ocrx_word' id='word_1_788' title='bbox 209 4799 303 4882; x_wconf 84' lang='lat' dir='ltr'><em>refert</em></span> <span class='ocrx_word' id='word_1_789' title='bbox 324 4799 429 4865; x_wconf 76' lang='lat' dir='ltr'><em>Leucas</em></span> <span class='ocrx_word' id='word_1_790' title='bbox 451 4799 495 4884; x_wconf 85' lang='lat'><em>(2,</em></span> <span class='ocrx_word' id='word_1_791' title='bbox 519 4799 574 4883; x_wconf 80' lang='lat'><em>37)</em></span> <span class='ocrx_word' id='word_1_792' title='bbox 596 4799 633 4863; x_wconf 93' lang='lat' dir='ltr'><em>de</em></span> <span class='ocrx_word' id='word_1_793' title='bbox 654 4796 769 4863; x_wconf 75' lang='lat' dir='ltr'><em>Annia:</em></span> <span class='ocrx_word' id='word_1_794' title='bbox 790 4818 859 4862; x_wconf 86' lang='lat' dir='ltr'><em>eam</em></span> <span class='ocrx_word' id='word_1_795' title='bbox 880 4798 1024 4863; x_wconf 84' lang='lat' dir='ltr'><em>serviisse</em></span> <span class='ocrx_word' id='word_1_796' title='bbox 1050 4798 1182 4864; x_wconf 87' lang='lat' dir='ltr'><em>Domino</em></span> <span class='ocrx_word' id='word_1_797' title='bbox 1233 4800 1286 4864; x_wconf 88' lang='lat' dir='ltr'><em>sed</em></span> <span class='ocrx_word' id='word_1_798' title='bbox 1312 4798 1463 4880; x_wconf 89' lang='lat' dir='ltr'><em>quiddam</em></span> <span class='ocrx_word' id='word_1_799' title='bbox 1491 4800 1587 4865; x_wconf 90' lang='lat' dir='ltr'><em>aliud.</em></span> <span class='ocrx_word' id='word_1_800' title='bbox 1634 4798 1766 4866; x_wconf 87' lang='lat' dir='ltr'><em>Piorum</em></span> <span class='ocrx_word' id='word_1_801' title='bbox 1792 4804 1916 4884; x_wconf 87' lang='lat' dir='ltr'><em>quidem</em></span> <span class='ocrx_word' id='word_1_802' title='bbox 1937 4805 2002 4868; x_wconf 88' lang='lat' dir='ltr'><em>vitu</em></span> <span class='ocrx_word' id='word_1_803' title='bbox 2026 4800 2208 4884; x_wconf 81' lang='lat' dir='ltr'><em>fruqalitate</em></span> 
     </span>
     <span class='ocr_line' id='line_1_54' title="bbox 207 4883 2208 4970; baseline -0.001 -20"><span class='ocrx_word' id='word_1_804' title='bbox 207 4885 340 4950; x_wconf 52' lang='lat' dir='ltr'><em>muniis</em></span> <span class='ocrx_word' id='word_1_805' title='bbox 366 4889 394 4949; x_wconf 88' lang='lat' dir='ltr'><em>et</em></span> <span class='ocrx_word' id='word_1_806' title='bbox 419 4885 682 4950; x_wconf 75' lang='lat' dir='ltr'><em>obsecrationibus.</em></span> <span class='ocrx_word' id='word_1_807' title='bbox 733 4883 840 4966; x_wconf 86' lang='lat' dir='ltr'><em>Neque</em></span> <span class='ocrx_word' id='word_1_808' title='bbox 872 4884 954 4948; x_wconf 90' lang='lat' dir='ltr'><em>enim</em></span> <span class='ocrx_word' id='word_1_809' title='bbox 982 4885 1097 4950; x_wconf 92' lang='lat' dir='ltr'><em>cultum</em></span> <span class='ocrx_word' id='word_1_810' title='bbox 1118 4886 1182 4951; x_wconf 89' lang='lat' dir='ltr'><em>Dei</em></span> <span class='ocrx_word' id='word_1_811' title='bbox 1233 4884 1439 4949; x_wconf 81' lang='lat' dir='ltr'><em>ctsobrietete</em></span> <span class='ocrx_word' id='word_1_812' title='bbox 1459 4889 1626 4970; x_wconf 89' lang='lat' dir='ltr'><em>temperato</em></span> <span class='ocrx_word' id='word_1_813' title='bbox 1652 4905 1717 4951; x_wconf 90' lang='lat' dir='ltr'><em>esse</em></span> <span class='ocrx_word' id='word_1_814' title='bbox 1736 4888 1834 4967; x_wconf 85' lang='lat' dir='ltr'><em>dehet,</em></span> <span class='ocrx_word' id='word_1_815' title='bbox 1856 4894 1890 4952; x_wconf 91' lang='lat' dir='ltr'><em>ut</em></span> <span class='ocrx_word' id='word_1_816' title='bbox 1914 4888 2072 4970; x_wconf 73' lang='lat' dir='ltr'><em>qmndam</em></span> <span class='ocrx_word' id='word_1_817' title='bbox 2092 4885 2208 4950; x_wconf 90' lang='lat' dir='ltr'><em>ieiunii</em></span> 
     </span>
     <span class='ocr_line' id='line_1_55' title="bbox 207 4970 2208 5055; baseline 0 -22"><span class='ocrx_word' id='word_1_818' title='bbox 207 4971 328 5053; x_wconf 85' lang='lat' dir='ltr'><em>reponit</em></span> <span class='ocrx_word' id='word_1_819' title='bbox 348 4971 383 5033; x_wconf 90' lang='lat' dir='ltr'><em>in</em></span> <span class='ocrx_word' id='word_1_820' title='bbox 404 4971 539 5051; x_wconf 88' lang='lat' dir='ltr'><em>ieiunio,·</em></span> <span class='ocrx_word' id='word_1_821' title='bbox 560 4973 614 5037; x_wconf 89' lang='lat' dir='ltr'><em>sed</em></span> <span class='ocrx_word' id='word_1_822' title='bbox 635 4971 791 5055; x_wconf 75' lang='lat' dir='ltr'><em>siqnifteat</em></span> <span class='ocrx_word' id='word_1_823' title='bbox 810 4973 948 5035; x_wconf 88' lang='lat' dir='ltr'><em>sanctam</em></span> <span class='ocrx_word' id='word_1_824' title='bbox 968 4971 1129 5037; x_wconf 74' lang='lat' dir='ltr'><em>mdmrem</em></span> <span class='ocrx_word' id='word_1_825' title='bbox 1150 4992 1183 5036; x_wconf 91' lang='lat' dir='ltr'><em>se</em></span> <span class='ocrx_word' id='word_1_826' title='bbox 1233 4971 1376 5052; x_wconf 86' lang='lat' dir='ltr'><em>speeiem,</em></span> <span class='ocrx_word' id='word_1_827' title='bbox 1404 4970 1507 5051; x_wconf 88' lang='lat' dir='ltr'><em>quoad</em></span> <span class='ocrx_word' id='word_1_828' title='bbox 1529 4972 1600 5053; x_wconf 71' lang='lat' dir='ltr'><em>fieri</em></span> <span class='ocrx_word' id='word_1_829' title='bbox 1620 4977 1727 5053; x_wconf 88' lang='lat' dir='ltr'><em>potest,</em></span> <span class='ocrx_word' id='word_1_830' title='bbox 1756 4979 1814 5039; x_wconf 90' lang='lat' dir='ltr'><em>toto</em></span> <span class='ocrx_word' id='word_1_831' title='bbox 1835 4978 1891 5039; x_wconf 87' lang='lat' dir='ltr'><em>su&#39;o</em></span> <span class='ocrx_word' id='word_1_832' title='bbox 1912 4975 2045 5040; x_wconf 81' lang='lat' dir='ltr'><em>dennsu</em></span> <span class='ocrx_word' id='word_1_833' title='bbox 2066 4993 2147 5055; x_wconf 90' lang='lat' dir='ltr'><em>pree</em></span> <span class='ocrx_word' id='word_1_834' title='bbox 2175 4991 2208 5034; x_wconf 89' lang='lat' dir='ltr'><em>se</em></span> 
     </span>
     <span class='ocr_line' id='line_1_56' title="bbox 209 5054 2207 5142; baseline 0 -22"><span class='ocrx_word' id='word_1_835' title='bbox 209 5054 264 5120; x_wconf 90' lang='lat' dir='ltr'><em>hoc</em></span> <span class='ocrx_word' id='word_1_836' title='bbox 282 5055 371 5120; x_wconf 89' lang='lat' dir='ltr'><em>mode</em></span> <span class='ocrx_word' id='word_1_837' title='bbox 396 5059 568 5121; x_wconf 72' lang='lat' dir='ltr'><em>evanuisse</em></span> <span class='ocrx_word' id='word_1_838' title='bbox 595 5059 637 5122; x_wconf 92' lang='lat' dir='ltr'><em>ad</em></span> <span class='ocrx_word' id='word_1_839' title='bbox 659 5056 812 5137; x_wconf 89' lang='lat' dir='ltr'><em>precandi</em></span> <span class='ocrx_word' id='word_1_840' title='bbox 837 5056 1060 5122; x_wconf 85' lang='lat' dir='ltr'><em>assiduitatem.</em></span> <span class='ocrx_word' id='word_1_841' title='bbox 1107 5056 1183 5122; x_wconf 79' lang='lat' dir='ltr'><em>Tale</em></span> <span class='ocrx_word' id='word_1_842' title='bbox 1232 5057 1320 5137; x_wconf 90' lang='lat' dir='ltr'><em>ferat.</em></span> <span class='ocrx_word' id='word_1_843' title='bbox 1372 5054 1434 5120; x_wconf 81' lang='lat' dir='ltr'><em>Sed</em></span> <span class='ocrx_word' id='word_1_844' title='bbox 1465 5061 1509 5119; x_wconf 83' lang='lat' dir='ltr'><em>est</em></span> <span class='ocrx_word' id='word_1_845' title='bbox 1532 5063 1694 5138; x_wconf 88' lang='lat' dir='ltr'><em>praeterea</em></span> <span class='ocrx_word' id='word_1_846' title='bbox 1725 5060 1880 5124; x_wconf 89' lang='lat' dir='ltr'><em>ieiunium</em></span> <span class='ocrx_word' id='word_1_847' title='bbox 1912 5060 2003 5127; x_wconf 89' lang='lat' dir='ltr'><em>atiud</em></span> <span class='ocrx_word' id='word_1_848' title='bbox 2034 5056 2207 5142; x_wconf 87' lang='lat' dir='ltr'><em>temporale,</em></span> 
     </span>
     <span class='ocr_line' id='line_1_57' title="bbox 206 5139 2208 5228; baseline 0.001 -24"><span class='ocrx_word' id='word_1_849' title='bbox 206 5139 271 5222; x_wconf 88' lang='lat' dir='ltr'><em>fuit</em></span> <span class='ocrx_word' id='word_1_850' title='bbox 290 5142 446 5207; x_wconf 91' lang='lat' dir='ltr'><em>ieiunium</em></span> <span class='ocrx_word' id='word_1_851' title='bbox 469 5142 636 5208; x_wconf 88' lang='lat' dir='ltr'><em>Nehemiee</em></span> <span class='ocrx_word' id='word_1_852' title='bbox 657 5141 702 5228; x_wconf 88' lang='lat' dir='ltr'><em>(l,</em></span> <span class='ocrx_word' id='word_1_853' title='bbox 721 5141 766 5226; x_wconf 88' lang='grc'><em>4),</em></span> <span class='ocrx_word' id='word_1_854' title='bbox 788 5162 884 5222; x_wconf 89' lang='lat' dir='ltr'><em>quum</em></span> <span class='ocrx_word' id='word_1_855' title='bbox 902 5142 1059 5208; x_wconf 87' lang='lat' dir='ltr'><em>intentiore</em></span> <span class='ocrx_word' id='word_1_856' title='bbox 1079 5143 1183 5208; x_wconf 78' lang='lat' dir='ltr'><em>studeo</em></span> <span class='ocrx_word' id='word_1_857' title='bbox 1233 5162 1330 5223; x_wconf 88' lang='lat' dir='ltr'><em>quum</em></span> <span class='ocrx_word' id='word_1_858' title='bbox 1351 5141 1474 5222; x_wconf 88' lang='lat' dir='ltr'><em>aliquid</em></span> <span class='ocrx_word' id='word_1_859' title='bbox 1499 5163 1537 5208; x_wconf 82' lang='lat' dir='ltr'><em>ee</em></span> <span class='ocrx_word' id='word_1_860' title='bbox 1558 5148 1700 5209; x_wconf 87' lang='lat' dir='ltr'><em>consueta</em></span> <span class='ocrx_word' id='word_1_861' title='bbox 1720 5146 1843 5211; x_wconf 90' lang='lat' dir='ltr'><em>vivendi</em></span> <span class='ocrx_word' id='word_1_862' title='bbox 1864 5147 1982 5211; x_wconf 90' lang='lat' dir='ltr'><em>ratione</em></span> <span class='ocrx_word' id='word_1_863' title='bbox 2009 5145 2208 5221; x_wconf 88' lang='lat' dir='ltr'><em>retrahimus,</em></span> 
     </span>
     <span class='ocr_line' id='line_1_58' title="bbox 209 5224 2213 5315; baseline 0.001 -25"><span class='ocrx_word' id='word_1_864' title='bbox 209 5224 315 5292; x_wconf 89' lang='lat' dir='ltr'><em>Deum</em></span> <span class='ocrx_word' id='word_1_865' title='bbox 331 5248 393 5309; x_wconf 83' lang='lat' dir='ltr'><em>pro</em></span> <span class='ocrx_word' id='word_1_866' title='bbox 413 5227 590 5295; x_wconf 83' lang='lat' dir='ltr'><em>liberatione</em></span> <span class='ocrx_word' id='word_1_867' title='bbox 606 5230 718 5312; x_wconf 81' lang='lat' dir='ltr'><em>populi</em></span> <span class='ocrx_word' id='word_1_868' title='bbox 738 5229 791 5293; x_wconf 89' lang='lat' dir='ltr'><em>sui</em></span> <span class='ocrx_word' id='word_1_869' title='bbox 806 5232 995 5311; x_wconf 88' lang='lat' dir='ltr'><em>precaretur.</em></span> <span class='ocrx_word' id='word_1_870' title='bbox 1232 5227 1280 5292; x_wconf 87' lang='lat' dir='ltr'><em>vel</em></span> <span class='ocrx_word' id='word_1_871' title='bbox 1300 5228 1343 5292; x_wconf 92' lang='lat' dir='ltr'><em>ad</em></span> <span class='ocrx_word' id='word_1_872' title='bbox 1369 5226 1450 5291; x_wconf 91' lang='lat' dir='ltr'><em>diem</em></span> <span class='ocrx_word' id='word_1_873' title='bbox 1476 5247 1589 5311; x_wconf 85' lang='lat' dir='ltr'><em>unum,</em></span> <span class='ocrx_word' id='word_1_874' title='bbox 1618 5229 1666 5294; x_wconf 89' lang='lat' dir='ltr'><em>vel</em></span> <span class='ocrx_word' id='word_1_875' title='bbox 1691 5231 1735 5297; x_wconf 91' lang='lat' dir='ltr'><em>ad</em></span> <span class='ocrx_word' id='word_1_876' title='bbox 1760 5237 1874 5297; x_wconf 74' lang='lat' dir='ltr'><em>artum</em></span> <span class='ocrx_word' id='word_1_877' title='bbox 1901 5236 2037 5315; x_wconf 84' lang='lat' dir='ltr'><em>tempus;</em></span> <span class='ocrx_word' id='word_1_878' title='bbox 2070 5236 2098 5296; x_wconf 90' lang='lat' dir='ltr'><em>et</em></span> <span class='ocrx_word' id='word_1_879' title='bbox 2124 5229 2213 5295; x_wconf 84' lang='lat' dir='ltr'><em>nohis</em></span> 
     </span>
    </p>
   </div>
   <div class='ocr_carea' id='block_1_7' title="bbox 0 0 2370 6020">
    <p class='ocr_par' dir='ltr' id='par_1_9' title="bbox 0 0 2370 6020">
     <span class='ocr_line' id='line_1_59' title="bbox 0 0 2370 6020; baseline 0 0"><span class='ocrx_word' id='word_1_880' title='bbox 0 0 2370 6020; x_wconf 95' lang='lat' dir='ltr'><em> </em></span> 
     </span>
    </p>
   </div>
  </div>
 </body>
</html>
