4770 6030
178 375 239 435 ree
701 369 799 436 cir.
822 370 866 434 X.
890 368 981 454 (vr.)
1024 370 1088 434 nn
1110 364 1490 435 mscereamonn
1511 367 1652 433 nrnnr.
2112 378 2176 441 rso

176 480 539 551 amaseomoeos.

177 562 274 625 tionis
301 557 492 640 partemin
520 468 670 639 odoribus
698 558 835 624 Iacobus
863 559 997 639 reponit.
1049 555 1087 620 Si
1116 563 1149 620 et
1199 555 1235 617 in
1257 555 1422 637 operibus3
1454 576 1493 620 ac
1513 577 1555 620 ne
1576 554 1658 620 illud
1677 555 1824 639 quidem,
1854 558 1933 640 quin
1955 560 2111 626 consistat
2137 563 2176 627 in

177 646 309 726 reliquis
338 643 521 724 scripturis,
550 649 584 706 et
610 643 671 708 sibi
697 645 759 725 ipsi
781 652 1034 709 consentaneum
1056 642 1148 706 Iaco·
1199 661 1335 723 operum
1346 641 1574 707 iustificatione
1583 642 1715 707 iustitia
1761 641 1829 708 Sed
1845 644 1991 710 nondum
2002 648 2176 728 probatum

176 733 254 798 bum
276 731 383 795 facere
405 728 500 804 velis,
524 731 741 793 necessarium
764 737 827 807 est,
856 727 1053 793 iustificandi
1074 749 1148 792 ver·
1200 733 1258 803 est,
1281 727 1432 808 operibus
1453 749 1512 793 nos
1534 728 1712 806 iustificari,
1730 729 1794 793 nisi
1816 751 1919 793 unum
1941 731 2083 814 aliquem
2099 755 2176 816 pro·

176 818 256 882 bum
282 815 345 880 alio
371 815 557 897 significatu
579 816 739 896 accipere,
769 836 867 897 quam
889 813 975 896 apud
996 813 1147 877 Paulum.
1199 812 1315 888 ferant,
1338 813 1394 893 qui
1412 812 1518 896 legem
1539 813 1733 895 impleverit
1778 814 1854 879 Non
1871 815 1961 880 aliud
1979 825 2087 883 autem
2100 841 2176 884 sen-

176 903 352 967 Iustiticari
381 901 469 964 enim
496 899 635 964 dicimur
662 901 819 978 aPaulo,
848 921 949 981 quum
978 899 1149 963 obliterata
1200 898 1280 962 sisse
1301 897 1444 962 Paulum
1475 900 1538 963 erit
1565 900 1644 963 satis
1674 901 1782 982 amplo
1809 903 1994 967 testimonio
2021 905 2177 972 orationis

176 989 353 1052 iniustitiae
386 992 516 1050 nostrae
552 987 709 1050 memoria
745 986 824 1051 iusti
855 992 1053 1067 reputamur.
1098 984 1149 1048 Eo
1200 990 1378 1048 contextus.
1422 985 1602 1066 Postquam
1633 992 1747 1069 gentes
1780 1008 1817 1051 ac
1849 986 1988 1053 Iudaeos
2020 991 2056 1053 in
2089 1011 2178 1055 eom-

177 1076 206 1139 si
235 1079 413 1156 spectasset
439 1070 592 1149 Iacobus,
620 1078 827 1154 praepostere
853 1073 985 1137 citasset
1007 1069 1088 1134 illud
1107 1091 1150 1134 ex
1200 1089 1299 1132 mune
1320 1070 1499 1135 iniustitiae
1521 1069 1742 1150 damnaverat,
1766 1079 1837 1136 tum
1855 1072 1897 1137 ad
1915 1074 2178 1142 distributionem

177 1160 285 1225 Mose:
314 1157 452 1224 credidit
477 1157 648 1221 Abraham
669 1158 754 1236 Deo,
783 1164 842 1222 etc.
888 1155 944 1221 Sic
966 1156 1052 1220 enim
1072 1177 1150 1221 con·
1201 1153 1367 1218 descendit
1399 1176 1437 1220 ac
1470 1154 1549 1221 dicit
1580 1178 1634 1222 eos
1661 1158 1716 1238 qui
1751 1158 1823 1223 sine
1855 1158 1928 1243 lege
1959 1169 2178 1242 peccaverunt

178 1247 274 1310 texit:
302 1243 472 1309 Abrabam
493 1243 644 1325 oporibus
666 1248 882 1324 consequutus
904 1248 954 1306 est
982 1242 1149 1320 iustitiam,
1199 1240 1269 1306 sine
1290 1239 1363 1323 lege
1384 1242 1505 1323 perire,
1532 1242 1619 1323 quod
1640 1241 1682 1307 ad
1704 1251 1819 1326 gentes
1840 1245 1980 1310 refertur
1986 1269 1994 1324 ;
2021 1247 2078 1329 qui
2098 1269 2177 1313 vero

177 1331 263 1413 quod
289 1330 394 1394 filium
421 1328 603 1406 immolare,
627 1328 758 1392 iubente
778 1329 865 1406 Deo,
890 1348 956 1391 non
978 1327 1148 1392 dubitavit
1200 1325 1235 1389 in
1254 1324 1326 1409 loge
1343 1335 1560 1408 peccaverunt
1570 1349 1629 1410 per
1643 1329 1750 1411 legem
1767 1329 1913 1408 iudicari,
1937 1331 2023 1413 quod
2039 1333 2177 1398 Iudaeo·

177 1418 287 1498 Atque
318 1417 364 1479 ita
395 1414 530 1496 impleta
561 1421 611 1477 est
637 1415 812 1495 scriptura,
840 1434 923 1496 quae
950 1412 1030 1478 dicit
1055 1412 1150 1476 illum
1200 1418 1344 1476 rumest
1388 1413 1501 1491 Porro,
1524 1415 1678 1495 quoniam
1694 1414 1742 1478 illi
1760 1416 1828 1479 suis
1844 1419 2178 1498 praevaricationibus

177 1501 352 1567 credidisse
378 1501 467 1578 Deo,
496 1505 529 1563 et
553 1500 749 1580 imputatum
776 1501 806 1564 ei
834 1499 875 1564 ad
898 1499 1066 1563 iustitiam.
1111 1495 1151 1562 Si
1202 1498 1412 1562 conniventes
1434 1499 1503 1563 sola
1529 1498 1601 1582 lege
1636 1500 1880 1582 superbiebant,
1914 1502 2064 1587 adiungit
2091 1504 2177 1587 quod

178 1587 356 1653 absurdum
378 1592 428 1650 est
448 1585 601 1650 effectum
622 1606 692 1649 esse
714 1607 774 1651 sua
795 1607 894 1651 causa
914 1585 1070 1666 priorem,
1093 1591 1151 1648 aut
1202 1583 1323 1664 optime
1344 1585 1556 1667 congruebat:
1586 1607 1652 1650 non
1673 1584 1746 1650 ideo
1772 1586 1873 1651 latam
1894 1608 1965 1652 esse
1985 1589 2108 1672 legem,
2139 1598 2179 1655 ut

176 1673 258 1737 falso
280 1679 419 1736 testatur
440 1672 550 1735 Moses
572 1691 610 1734 eo
627 1670 696 1735 loeo
713 1672 908 1753 imputatam
926 1672 1025 1734 firism
1041 1669 1149 1734 Abra·
1202 1667 1315 1732 audita
1335 1669 1536 1735 solummodo
1558 1671 1629 1735 eius
1657 1693 1736 1737 voce
1762 1673 1840 1737 iusti
1862 1672 2091 1753 redderentur;
2119 1675 2178 1740 sed

177 1759 239 1823 hae
266 1757 365 1822 fidem
391 1759 426 1821 in
452 1756 624 1833 iustitiam,
655 1763 712 1821 aut
738 1778 780 1820 ex
808 1779 847 1821 ea
868 1777 966 1838 quam
994 1757 1030 1819 in
1055 1755 1149 1820 Isaac
1201 1758 1273 1817 tum
1295 1752 1442 1831 demum,
1471 1756 1500 1820 si
1527 1756 1703 1822 obedirent
1748 1755 1799 1823 Ac
1827 1759 1856 1824 si
1877 1758 2013 1838 diceret,
2041 1761 2077 1825 in
2104 1762 2178 1845 lege

177 1843 342 1908 offerendo
379 1842 543 1926 praestitit
574 1841 757 1906 obedientia
793 1843 953 1907 iustitiam
989 1863 1057 1906 non
1088 1840 1151 1904 fuit
1202 1839 1332 1921 quaeris
1358 1840 1539 1905 iustitiam?
1568 1864 1609 1907 ne
1637 1843 1785 1908 auditum
1813 1845 1883 1908 eius
1910 1852 2099 1926 praetexas,
2122 1848 2179 1929 qui

176 1930 380 2013 promeritus.
431 1927 586 1993 Nondum
617 1936 771 2010 concepto
802 1928 957 2006 Ismaele,
997 1928 1052 2009 qui
1083 1927 1151 1990 iam
1201 1925 1296 2006 parvi
1313 1931 1363 1989 est
1385 1947 1444 2008 per
1467 1948 1502 1991 se
1523 1927 1689 2009 ponderis;
1722 1929 1780 1994 sed
1801 1930 1918 1994 afferas
1941 1953 2039 2013 opera
2060 1933 2177 2014 quibus

178 2014 373 2092 adoleverat,
397 2023 572 2095 antequam
593 2013 687 2078 Isaac
708 2023 911 2091 nasceretur,
933 2013 998 2078 fide
1020 2034 1080 2078 sua
1100 2013 1150 2076 iu·
1203 2009 1356 2089 declares,
1378 2010 1485 2094 legem
1506 2033 1575 2076 non
1596 2014 1656 2079 tibi
1678 2015 1800 2080 frustra
1820 2016 1968 2097 positam.
2013 2017 2077 2082 His
2099 2039 2178 2100 quo·

178 2101 335 2165 stificatus
362 2101 425 2164 fuit
445 2099 624 2164 Abraham.
675 2098 844 2179 Quomodo
872 2100 974 2182 igitur
995 2098 1149 2176 dicemus,
1202 2096 1292 2160 niam
1313 2095 1545 2163 deliciabantur
1571 2119 1699 2178 omnes,
1720 2101 1929 2182 sequebatur,
1958 2102 2040 2186 legis
2058 2103 2178 2186 gloria

178 2184 361 2251 obedientie
390 2185 446 2249 diu
477 2193 551 2266 post
583 2194 720 2266 sequuta
746 2187 905 2249 iustitiam
931 2185 992 2250 sibi
1021 2205 1151 2266 compa-
1201 2181 1290 2246 tione
1318 2203 1389 2247 esse
1416 2173 1577 2266 spoliatos.
1622 2184 1738 2268 Itaque
1765 2189 1965 2252 contrarium
1998 2190 2107 2270 potius
2137 2211 2180 2254 ex

88 2324 90 2328 .
178 2270 289 2336 rasse?
335 2270 446 2351 Quare
467 2277 716 2353 aut'perperam
738 2270 886 2336 ordinem
906 2270 1044 2336 invertit
1060 2270 1151 2335 Iaco-
1203 2274 1313 2332 mente
1337 2269 1434 2333 Pauli
1464 2276 1696 2353 argumentum
1724 2272 1931 2336 formandum
1958 2281 2021 2338 est:
2056 2276 2180 2340 iustitia

178 2359 240 2422 bus
266 2356 366 2439 (quod
388 2358 531 2439 cogitare
553 2364 603 2420 est
630 2357 737 2439 nefas)
765 2365 823 2420 aut
855 2357 1065 2421 iustificatum
1093 2376 1151 2420 no-
1202 2352 1284 2436 legis
1301 2353 1337 2418 in
1358 2375 1492 2436 operum
1512 2356 1710 2437 perfectione
1738 2357 1801 2421 sita
1823 2364 1880 2421 est.
1925 2358 2029 2423 Nemo
2057 2362 2179 2426 iactare

178 2443 241 2507 luit
263 2443 383 2519 dicere,
412 2443 505 2524 quasi
531 2444 727 2525 promeritus
749 2443 793 2505 sit
814 2450 852 2506 ut
878 2443 983 2507 iustus
1003 2462 1151 2506 censere-
1191 2446 1325 2520 potest,
1354 2461 1389 2504 se
1415 2462 1475 2523 per
1502 2462 1602 2524 opera
1629 2441 1695 2525 legi
1724 2443 1926 2507 satisfecisse.
1971 2445 2072 2510 Nulla
2099 2467 2178 2531 ergo

179 2536 242 2592 tur.
299 2527 387 2609 Quid
419 2527 517 2611 ergo?
557 2526 645 2592 certe
678 2528 718 2592 de
748 2529 890 2592 iustitiae
924 2527 1150 2606 declaratione,
1204 2531 1254 2588 est
1275 2525 1387 2608 alege
1408 2527 1540 2591 iustitia.

179 2636 246 2679 non
268 2622 379 2679 autem
406 2615 638 2696 imputatione,
668 2614 776 2695 ipsum
803 2614 891 2695 loqui
914 2620 1057 2695 apparet
1101 2615 1152 2678 Ae
1291 2613 1341 2675 75.
1386 2611 1460 2677 Iam
1478 2619 1511 2677 et
1528 2634 1570 2678 ex
1586 2613 1666 2679 locis
1682 2613 1748 2678 illis
1764 2621 1924 2697 pugnant,
1949 2615 2066 2696 quibus
2084 2638 2179 2681 suam

179 2702 206 2765 si
229 2700 364 2766 diceret:
395 2700 450 2781 qui
477 2721 556 2764 vera
582 2698 647 2763 tide
669 2700 747 2763 iusti
775 2709 865 2779 sunt,
893 2700 916 2762 ii
944 2720 1037 2763 suam
1058 2697 1152 2762 iusti·
1203 2696 1365 2761 iustitiam
1386 2697 1499 2763 fideles
1520 2698 1772 2764 examinandam
1794 2700 1860 2764 Dei
1879 2699 2000 2764 iudicio
2024 2701 2179 2766 audacter

179 2788 260 2850 tiam
292 2786 475 2850 obedientia
513 2785 668 2866 bonisque
706 2787 856 2866 operibus
894 2786 1049 2868 probant,
1085 2804 1152 2849 non
1204 2781 1355 2860 offerunt,
1390 2804 1428 2848 ao
1455 2784 1636 2850 seeundum
1663 2806 1736 2849 eam
1765 2785 1805 2849 de
1836 2806 1872 2850 se
1900 2785 2000 2874 statui
2033 2787 2177 2868 cupiunt.

178 2872 267 2937 nuda
299 2883 332 2935 et
359 2872 555 2954 imaginaria
581 2870 656 2935 fidei
688 2870 789 2936 larva
843 2871 883 2935 In
911 2891 1053 2948 summa,
1085 2890 1153 2933 non
1205 2864 1327 2946 Quales
1349 2878 1426 2933 sunt
1447 2870 1549 2954 (Psal.
1570 2874 1599 2949 7,
1623 2869 1672 2955 9):
1694 2869 1803 2936 iudica
1824 2892 1877 2936 me
1898 2871 2042 2936 Domine
2064 2894 2179 2937 seeun-

179 2958 324 3038 disputat
344 2979 408 3039 qua
429 2958 556 3021 ratione
574 2949 802 3035 iustificemur;
825 2957 883 3022 sed
900 2957 1060 3020 iustitiam
1077 2975 1153 3039 ope-
1205 2952 1284 3017 dum
1293 2954 1452 3019 iustitiam
1461 2976 1579 3035 meam,
1599 2957 1823 3022 etseeundum
1833 2959 2052 3023 innocentiam
2062 2979 2179 3038 meam,

179 3044 331 3107 ratricem
365 3065 385 3107 a
421 3042 570 3107 fidelibus
603 3044 747 3125 requirit.
802 3043 849 3107 Et
880 3040 1153 3124 quemadmodum
1204 3060 1287 3121 quae
1309 3047 1387 3106 sunt
1413 3041 1448 3105 in
1469 3062 1531 3106 me.
1576 3042 1662 3107 Item
1683 3041 1785 3121 (Psal.
1809 3047 1847 3105 17
1856 3094 1864 3122 ,
1889 3048 1903 3106 1
1929 3050 1963 3108 θῖ
1986 3045 2033 3129 3);
2063 3044 2184 3109 exaudi
2215 3080 2219 3101 ι

179 3128 304 3193 Paulus
325 3129 407 3193 eitra
428 3150 563 3210 operum
584 3128 819 3193 adminiculum
835 3128 1004 3193 iustificari
1021 3135 1152 3191 conten-
1205 3125 1297 3189 Deus
1313 3126 1475 3191 iustitiam
1491 3148 1608 3206 meam,
1627 3128 1771 3210 probasti
1790 3150 1845 3195 cor
1862 3150 1973 3194 meum
1990 3138 2023 3194 et
2041 3130 2182 3196 visitasti
2217 3199 2218 3202 ,

180 3213 237 3290 dit,
259 3214 307 3278 ita
328 3214 382 3278 hic
402 3215 504 3279 iustos
527 3215 641 3279 haberi
663 3236 730 3279 non
750 3215 883 3298 patitur,
907 3214 962 3296 qui
983 3213 1076 3279 bonis
1098 3233 1152 3278 eae
1205 3218 1314 3291 nocte,
1347 3218 1381 3275 et
1408 3233 1475 3276 non
1504 3220 1555 3278 est
1585 3215 1721 3279 inventa
1746 3215 1782 3279 in
1807 3236 1860 3280 me
1886 3215 2051 3297 iniquitas.
2095 3216 2183 3281 ltem

179 3307 274 3364 reant
295 3300 454 3381 operibus.
498 3300 607 3364 Huius
637 3302 725 3382 scopi
747 3299 961 3366 consideratio
982 3319 1044 3364 nos
1065 3298 1153 3362 omni
1206 3296 1308 3377 (Psal.
1331 3301 1384 3376 18,
1415 3297 1486 3382 21):
1511 3300 1674 3372 retribuet
1699 3300 1782 3364 mihi
1809 3301 1974 3365 Dominus
2002 3301 2183 3367 secundum

180 3384 331 3468 scrupulo
360 3385 540 3450 extricabit.
585 3386 673 3451 Nam
701 3387 778 3452 hinc
799 3386 972 3470 praecipue
994 3384 1154 3449 falluntur
1205 3381 1366 3447 iustitiam
1391 3403 1514 3464 meam,
1548 3392 1582 3449 et
1603 3385 1783 3451 seeundum
1814 3387 1990 3467 puritatem
2023 3407 2183 3450 manuum

180 3472 283 3535 nostri
306 3469 498 3548 adversarii,
526 3471 611 3553 quod
638 3480 757 3554 putant
776 3472 931 3537 Iacobum
952 3470 1153 3535 iustificatio-
1206 3488 1355 3532 mearum
1377 3469 1534 3552 rependet
1555 3471 1653 3535 mihi:
1677 3473 1753 3554 quia
1769 3471 1929 3538 custodivi
1947 3472 2018 3536 vias
2035 3472 2181 3552 Domini,

180 3559 232 3621 nis
264 3557 424 3621 rationem
457 3554 607 3636 definire;
647 3578 748 3639 quum
780 3557 862 3622 nihil
894 3555 983 3621 aliud
1014 3556 1152 3634 studeat,
1205 3575 1266 3619 nec
1294 3554 1394 3637 impie
1423 3554 1525 3622 defeci
1547 3577 1567 3621 a
1587 3557 1659 3622 Deo
1681 3579 1767 3636 meo,
1797 3564 1831 3622 et
1859 3578 1914 3622 ero
1942 3557 2181 3638 immaculatus,
2239 3628 2244 3649 Ι

180 3664 279 3724 quam
299 3663 436 3724 pravam
458 3663 569 3705 eorum
591 3645 798 3708 securitatem
820 3642 958 3719 diruere,
981 3643 1038 3724 qui
1054 3663 1152 3707 excu-
1206 3646 1239 3703 et
1249 3639 1428 3706 observabo
1439 3662 1492 3706 me
1508 3641 1550 3706 ab
1561 3643 1733 3725 iniquitate
1744 3663 1826 3707 mea
1849 3643 1937 3707 Item
1948 3642 2051 3729 (Psal.
2065 3647 2116 3723 26,
2133 3643 2180 3728 1):

181 3728 284 3793 sande
310 3730 468 3793 bonorum
496 3748 630 3809 operum
660 3730 859 3812 contemptui
886 3728 985 3794 fidem
1010 3728 1154 3792 inaniter
1205 3724 1313 3791 iudica
1333 3747 1386 3790 me
1407 3727 1559 3807 Domine,
1582 3729 1735 3810 quoniam
1756 3730 1793 3793 in
1809 3724 1997 3793 inndeentia
2015 3750 2090 3793 mea
2111 3751 2181 3794 am-

180 3814 407 3879 obtendebant.
452 3814 542 3896 Ergo
560 3814 719 3895 quoslibet
740 3817 775 3879 in
792 3814 904 3879 modos
926 3814 1035 3879 Iaeobi
1054 3814 1154 3878 verba
1206 3810 1332 3889 bulavi;
1355 3833 1422 3877 non
1444 3813 1514 3877 sedi
1534 3835 1610 3878 oum
1627 3815 1708 3881 viris
1725 3813 1948 3894 mendacibus;
1971 3835 2046 3880 eum
2068 3815 2182 3898 iniqua

179 3907 361 3982 torqueant,
384 3900 466 3963 nihil
488 3907 619 3982 praeter
641 3900 721 3965 duas
751 3901 928 3965 sententias
955 3901 1151 3981 expriment:
1206 3898 1393 3979 gerentibus
1414 3920 1482 3963 non
1502 3900 1656 3964 introibo:
1679 3921 1723 3965 ne
1743 3900 1861 3983 perdas
1882 3921 1957 3965 eum
1978 3901 2088 3983 impiis
2110 3903 2181 3966 ani·

179 3985 278 4049 inane
308 3986 385 4050 fidei
423 3992 588 4067 spectrum
622 4006 688 4050 non
720 3987 910 4065 iustificare;
949 3993 982 4049 et
1012 3984 1152 4064 fidelem,
1205 4003 1295 4047 mam
1313 4004 1430 4062 meam,
1454 4006 1529 4050 cum
1550 3986 1631 4051 viris
1653 3986 1851 4070 sanguinum
1872 3987 1976 4053 vitam
1997 4006 2122 4066 meam,
2144 3988 2181 4050 in

179 4071 238 4134 tali
270 4071 504 4153 imaginatione
536 4093 604 4134 non
636 4080 840 4151 contentum,
878 4071 1028 4154 operibus
1059 4071 1153 4136 bonis
1205 4089 1344 4151 quorum
1371 4071 1523 4135 manibus
1549 4071 1738 4155 iniquitates
1759 4080 1852 4152 sunt;
1880 4070 2015 4136 dextera
2043 4093 2181 4154 quorum

179 4177 273 4219 suam
295 4157 453 4220 iustitiam
476 4157 649 4223 declarare.
1206 4155 1331 4237 repleta
1357 4163 1407 4220 est
1433 4156 1637 4222 muneribus:
1666 4178 1726 4241 ego
1755 4165 1865 4223 autem
1891 4159 2083 4222 innocenter
2110 4178 2180 4220 am·

266 4245 315 4303 74.
362 4240 458 4321 Quod
480 4250 591 4309 autem
612 4263 654 4306 ex
675 4243 779 4308 Paulo
801 4245 837 4308 in
858 4240 998 4307 eundem
1020 4262 1153 4307 sensum
1205 4240 1326 4306 bulavi.
1371 4241 1454 4306 Dixi
1480 4263 1580 4325 supra
1612 4243 1652 4308 de
1680 4243 1815 4324 fiducia,
1848 4264 1946 4326 quam
1979 4243 2041 4308 sibi
2075 4243 2180 4307 sancti

179 4328 291 4406 citant,
313 4328 488 4391 minimum
509 4329 679 4393 eosiuvat:
702 4329 840 4394 factores
861 4329 953 4412 legis,
974 4349 1040 4392 non
1060 4327 1153 4392 audi·
1206 4326 1397 4408 simpliciter
1434 4327 1476 4392 ab
1515 4329 1667 4411 operibus
1703 4350 1831 4395 sumere
1867 4328 2029 4394 videntur.
2086 4325 2181 4408 Quae
2217 4337 2218 4340 ’

64 4426 68 4432 ’
109 4428 115 4432 ·
180 4419 266 4477 tores
287 4414 456 4478 iustificari
482 4414 592 4496 (Rom.
613 4420 641 4492 2,
665 4415 728 4498 13).
779 4415 863 4479 Nolo
890 4414 1050 4479 solutione
1070 4415 1153 4478 Am·
1206 4420 1316 4477 autem
1343 4412 1407 4478 hue
1435 4412 1631 4480 adduximus
1661 4416 1863 4495 testimonia,
1897 4436 1957 4479 nos
1990 4434 2057 4478 non
2083 4412 2180 4478 valde

179 4498 277 4562 brosii
300 4498 445 4577 evadere,
469 4498 541 4563 ideo
563 4521 634 4564 esse
655 4500 737 4565 illud
758 4499 889 4577 dietum,
913 4500 1153 4582 quiacomple·
1204 4497 1397 4581 impedient,
1431 4500 1460 4565 si
1486 4500 1665 4564 seeundum
1694 4523 1788 4566 suam
1815 4509 2008 4586 περίστασιν,
2041 4498 2103 4563 hoc
2130 4505 2181 4563 est

179 4591 328 4648 mentum
355 4585 436 4668 legis
464 4586 568 4649 sitin
597 4584 766 4649 Christum
790 4585 880 4650 fides.
930 4584 1035 4649 Video
1062 4587 1152 4650 enim
1204 4584 1419 4666 complexum,
1442 4584 1505 4663 vel,
1526 4593 1564 4650 ut
1575 4586 1672 4670 vulgo
1694 4587 1879 4670 loquuntur,
1902 4584 2182 4650 circumstantiam

163 4688 306 4733 vmerum
328 4690 397 4734 esse
420 4670 586 4754 effugium,
610 4692 672 4753 quo
690 4671 773 4736 nihil
790 4691 871 4753 opus
888 4678 946 4748 est,
964 4671 1021 4734 ubi
1040 4680 1154 4754 aperta
1206 4671 1416 4753 accipiantur.
1466 4670 1519 4735 Ea
1550 4692 1647 4754 porro
1679 4673 1800 4755 duplex
1834 4678 1891 4737 est
1941 4670 2028 4734 Nam
2056 4689 2116 4734 nee
2139 4668 2181 4736 de

179 4763 270 4837 patet
296 4756 358 4821 via.
406 4756 479 4821 Illic
512 4757 629 4821 stolida
657 4757 852 4822 confidentia
879 4755 1017 4821 Iudaeos
1044 4756 1154 4822 deiieit
1205 4755 1286 4836 ipsis
1307 4757 1343 4819 in
1372 4756 1564 4822 universum
1591 4759 1814 4840 quaestionem
1840 4756 1955 4821 haberi
1983 4754 2116 4835 volunt,
2143 4760 2182 4820 ut

180 4840 357 4922 apostolus,
389 4843 445 4923 qui
475 4843 545 4908 sola
565 4843 647 4926 legis
679 4844 844 4927 agnitione
867 4863 901 4906 se
929 4840 1151 4920 venditabant,
1205 4861 1265 4923 pro
1287 4842 1387 4906 totius
1408 4843 1496 4908 vitae
1517 4849 1643 4924 tenore,
1672 4844 1725 4910 vel
1752 4842 1963 4918 damnentur,
1991 4838 2045 4906 vel
2074 4839 2181 4905 absol·

179 4946 280 5006 quum
301 4927 435 4992 interim
454 4929 574 4992 summi
593 4936 702 4994 essent
723 4931 793 4993 eius
814 4933 1061 5009 contemptores.
1101 4928 1153 4992 Ne
1205 4931 1341 5005 vantur,
1369 4925 1428 4992 sed
1455 4928 1628 5010 specialem
1654 4949 1788 4994 causam
1813 4929 1850 4991 in
1871 4926 2030 4991 iudicium
2055 4925 2181 5010 discep-

180 5031 258 5093 ergo
278 5012 367 5077 nuda
388 5013 470 5097 legis
492 5015 608 5097 peritia
627 5023 795 5097 tantopere
817 5014 879 5079 sibi
895 5013 1071 5097 placerent,
1095 5011 1153 5077 ad·
1204 5009 1340 5076 tandem
1361 5012 1511 5078 affenmt
1556 5014 1626 5078 Nee
1644 5014 1775 5079 divinae
1795 5012 2003 5095 perfectionis
2020 5018 2180 5095 respectu,

179 5105 304 5176 monet,
328 5100 353 5161 si
377 5120 418 5163 ex
440 5099 512 5183 lege
533 5108 708 5182 quaeratur
728 5101 866 5175 iustitia,
889 5121 955 5163 non
977 5099 1047 5163 eius
1068 5099 1152 5163 noti-
1205 5095 1263 5163 sed
1290 5118 1332 5161 ex
1358 5097 1581 5179 improborum
1616 5120 1653 5164 ae
1689 5099 1898 5165 scelestorum
1930 5118 2001 5163 com
2026 5099 2181 5180 aratione,

180 5181 276 5260 tiam,
304 5184 361 5248 sed
388 5185 648 5251 observationem
674 5187 794 5270 quaeri.
844 5186 913 5250 Nos
945 5191 1033 5250 certe
1064 5183 1153 5249 istud
1203 5183 1364 5248 iustitiam
1385 5184 1447 5249 sibi
1468 5191 1633 5268 arrogant
1677 5186 1841 5265 Primum,
1864 5205 1965 5267 quum
2009 5183 2182 5248 ehomine

178 5266 215 5329 in
237 5267 371 5333 dubium
387 5291 455 5335 non
471 5292 634 5352 vocamus,
656 5273 738 5356 quin
754 5271 837 5356 legis
854 5270 980 5337 iustitia
996 5270 1153 5336 consistat
1205 5267 1410 5336 iustificando
1431 5269 1556 5355 agitur,
1584 5292 1653 5336 non
1669 5277 1800 5337 tantum
1816 5271 1983 5426 quaeribtour
2003 5276 2042 5336 ut
2062 5270 2183 5337 bonam
