4770 6030
210 342 272 405 371
782 333 1050 403 marmano
1071 335 1178 402 RDL.
1199 333 1381 402 offerar.
1406 338 1639 400 losa-1554.
2155 335 2218 396 3¹12

1919 447 2010 502 aas·
2027 446 2118 514 aaa
2137 443 2219 500 css.

209 551 271 594 mc
304 549 396 594 secus
425 527 588 592 Dominus
614 527 697 609 ipse,
728 525 807 591 dum
833 525 950 590 horam
978 525 1107 591 venisse
1135 527 1190 604 ait,
1215 568 1218 655 J
1241 525 1420 590 adimatur:
1453 524 1607 607 adempta
1634 545 1705 589 esse
1733 524 1860 602 bomini
1884 433 1960 605 pbst
1985 489 2115 604 lipsum
2143 543 2219 605 gra-

231 636 275 681 ua
295 613 416 678 mortui
437 611 479 676 ad
501 633 614 677 vocem
637 633 730 676 suam
752 618 927 695 resurgant
949 609 1053 695 (Ioan.
1074 615 1103 688 5,
1123 611 1190 696 25).
1214 663 1217 693 ,
1240 612 1325 675 tuita
1346 611 1432 676 bona
1454 609 1542 676 unde
1562 610 1651 675 salus
1673 609 1849 693 dependet3
1871 608 2035 674 naturalia
2051 628 2131 671 vero
2148 629 2219 672 cor·

267 722 288 765 a
316 701 423 764 fronte
455 697 563 764 levem
596 698 788 763 allusionem
815 704 865 760 tot
890 697 988 763 claris
1020 697 1192 762 sententiis
1214 695 1217 782 l
1240 703 1336 780 rupta
1358 696 1545 779 pollutaque
1567 717 1647 762 esse.
1692 688 1769 762 Stot'
1789 716 1868 778 orgo
1889 695 1983 761 nobis
2002 693 2138 760 indubia
2154 694 2220 758 ista

209 783 432 868 opponerent?
466 783 588 848 Valeat
608 791 720 848 tamen
739 783 897 867 allegoria
919 781 999 848 haec
1020 804 1080 864 pro
1101 790 1190 849 certo
1241 784 1371 861 veritas,
1395 804 1477 866 quae
1500 782 1599 847 nullis
1612 783 1891 848 ¹machinamentis
1909 781 2078 863 quatcfieri
2094 787 2218 862 potest:

208 871 408 936 testimonio:
432 869 510 952 quid
532 877 643 933 tamen
664 892 684 933 a
704 870 798 935 nobis
819 868 1082 952 extorquebunt?
1128 866 1190 934 Se·
1239 876 1385 933 mentem
1407 869 1549 934 hominis
1571 870 1618 933 sic
1640 869 1816 933 alienatam
1838 888 1972 950 prorsus
1999 888 2019 931 a
2040 866 2104 931 Dei
2126 867 2220 931 iusti-

208 958 351 1023 mivivus
384 963 435 1021 est
467 956 579 1034 homo;
619 955 719 1020 habet
754 956 856 1039 igitur
889 955 1012 1037 aliquid
1044 955 1188 1020 salvum:
1239 956 1300 1033 tia,
1330 961 1367 1019 ut
1387 954 1471 1018 nihil
1493 976 1561 1018 non
1582 955 1736 1038 impium,
1764 960 1964 1031 contortum,
1985 952 2133 1030 foedum,
2156 953 2219 1016 im·

211 1064 332 1125 nempe
354 1041 455 1107 habet
475 1048 619 1106 mentem
636 1041 872 1124 intelligentiae
890 1061 1052 1122 capacem,
1074 1042 1190 1106 etiam·
1213 1081 1216 1121 ,
1239 1063 1367 1123 purum,
1390 1041 1588 1123 flagitiosum
1611 1041 1784 1123 concipiat,
1808 1040 2022 1122 concupiscat,
2046 1037 2217 1117 moliatur3

209 1130 237 1195 si
264 1128 307 1192 ad
329 1127 501 1192 coelestem
530 1127 796 1210 spiritualemque
828 1128 917 1209 sapie
942 1127 1023 1191 tiam
1044 1148 1110 1191 non
1131 1149 1189 1209 pe-
1239 1149 1295 1193 cor
1316 1126 1441 1209 peccati
1468 1146 1594 1191 veneno
1624 1126 1671 1190 ita
1698 1127 1829 1209 penitus
1852 1124 2048 1204 delibutum,
2076 1133 2115 1188 ut
2135 1122 2220 1189 nihil

208 1222 331 1293 netret3
354 1213 454 1278 habet
475 1214 670 1279 nonnullum
696 1214 875 1278 honestatis
896 1148 1067 1292 iridicium,
1090 1212 1191 1277 habet
1239 1234 1338 1295 quam
1366 1218 1556 1296 corruptum
1585 1212 1742 1277 foetorem
1771 1211 1883 1276 efflare
1910 1217 2017 1293 queat.
2067 1208 2220 1290 Quodsi

209 1301 351 1382 aliquem
373 1297 554 1364 divinitatis
574 1321 716 1378 sensum,
738 1307 903 1382 utcunque
922 1319 1036 1363 reram
1054 1298 1118 1363 Dei
1135 1319 1190 1363 ra
1240 1298 1405 1382 quidpiam
1427 1297 1597 1362 interdum
1618 1298 1695 1362 boni
1716 1298 1751 1361 in
1768 1298 1910 1380 speciem
1927 1302 2104 1374 ostentant,
2127 1317 2220 1360 men-

209 1388 332 1451 tionem
364 1405 429 1448 non
464 1391 663 1466 assequatur.
720 1383 788 1451 Sed
821 1406 885 1468 quo
918 1385 983 1449 ista
1015 1384 1187 1450 recidunt?
1240 1392 1306 1448 tem
1333 1392 1445 1448 tamen
1473 1404 1603 1466 semper
1631 1383 1797 1469 hypocrisi
1824 1389 1859 1447 et
1890 1382 1997 1447 fallaci
2030 1382 2220 1464 obliquitate

210 1479 299 1537 certe
325 1492 392 1535 non
414 1470 574 1548 efficiunt,
602 1477 641 1535 ut
661 1472 754 1537 nobis
774 1470 857 1535 illud
878 1470 1073 1554 Augustini,
1102 1491 1189 1536 com-
1239 1469 1434 1548 involutam,
1469 1471 1616 1534 animum
1637 1470 1785 1534 interiori
1812 1469 2040 1551 perversitate·
2057 1468 2221 1552 illigatum

208 1558 363 1623 munibus
400 1557 501 1621 etiam
538 1556 725 1622 scholarum
758 1557 935 1671 suffragiis·
964 1557 1188 1640 approbatum,
1213 1522 1216 1629 l
1239 1576 1383 1621 manere.

881 2287 896 2324 ο
948 2141 1153 2314 OAPD'P
1184 2228 1475 2313 TERTIUM.

1015 2363 1024 2383 ’
1056 2416 1150 2512 nn
1177 2414 1370 2513 anea.

217 2579 278 2650 Uti
293 2583 435 2665 pamm
458 2582 627 2646 caecae
646 2583 789 2665 officium
804 2574 943 2665 carew
963 2584 1067 2665 melas
1087 2585 1180 2668 legis,
1206 2590 1272 2648 tam
1293 2586 1330 2649 de
1351 2605 1420 2649 vero
1441 2584 1525 2650 alltc
1545 2582 1618 2664 Dei,
1641 2583 1679 2648 de
1698 2581 1897 2666 impactas,
1920 2580 1959 2645 dc
1978 2580 2158 2660 loramento,
2181 2581 2221 2646 de

894 2670 995 2751 feriit,
1017 2671 1055 2735 de
1076 2672 1154 2735 volis
1174 2673 1354 2736 monasticis
1374 2675 1533 2736 baccar.

302 2843 330 2904 1.
374 2840 468 2904 Inter
488 2839 717 2922 explicandam
738 2862 852 2907 eorum
873 2862 1036 2907 summam
1057 2863 1140 2924 quae
1157 2844 1193 2907 in
1244 2842 1351 2926 legem
1379 2841 1471 2907 illam
1499 2842 1686 2908 naturalem
1711 2841 1770 2906 vix
1796 2838 1940 2905 tenuiter
1967 2837 2121 2922 degustat
2147 2839 2221 2921 quis

213 2946 294 2992 vera
323 2926 388 2991 Dei
413 2927 531 2991 notitia
557 2927 783 3008 requiramtur,
810 2926 977 2992 docuimus
1003 2949 1070 2993 non
1097 2950 1192 3012 posse
1243 2929 1316 2993 Deo
1338 2934 1489 3012 acceptus
1511 2927 1555 2992 sit
1581 2927 1704 3006 cultus;
1731 2933 1819 2992 corte
1848 2947 1868 2990 a
1894 2930 1985 3008 recta
2003 2925 2074 2990 eius
2094 2924 2222 2993 ratione

213 3012 322 3096 ipsum
349 3032 408 3094 pro
436 3033 496 3076 sua
521 3012 748 3094 magnitudine
777 3035 797 3078 a
826 3013 920 3079 nobis
941 3015 1083 3097 concipi,
1113 3016 1192 3097 quin
1243 3015 1435 3098 longissimo
1462 3014 1636 3079 intervallo
1663 3013 1772 3078 distat
1816 3010 1872 3078 Ad
1898 3009 1960 3076 hoc
1980 3011 2169 3094 arrogantia
2188 3018 2223 3076 θῖ

214 3099 326 3162 statim
359 3103 523 3175 occurrat,
556 3118 631 3161 cum
663 3121 766 3163 unum
800 3120 871 3164 esse
905 3100 997 3165 cuius
1028 3101 1193 3165 maiestati
1245 3101 1423 3166 ambitione
1445 3102 1493 3166 sic
1514 3099 1667 3184 turgidus
1687 3099 1802 3182 suique
1822 3117 1934 3162 amore
1951 3103 2144 3163 excaecatus
2161 3103 2221 3176 est,

214 3204 363 3248 summus
384 3183 491 3247 cultus
519 3182 684 3248 debeata.
735 3185 777 3249 In
799 3185 982 3269 cognitione
1003 3186 1108 3251 nostri
1129 3186 1192 3252 hoo
1244 3191 1283 3251 ut
1304 3207 1339 3251 se
1360 3187 1544 3269 prospicere
1565 3185 1713 3251 nondum
1733 3190 1846 3267 queat,
1869 3189 1903 3248 θῖ
1922 3181 2015 3248 velut
2040 3183 2077 3247 in
2104 3204 2140 3248 se
2166 3182 2222 3248 de·

213 3268 426 3352 praecipuum
447 3269 628 3351 posuimus,
657 3277 695 3333 ut
715 3271 866 3354 propriae
887 3272 1019 3336 virtutis
1041 3272 1192 3355 opinione
1244 3272 1409 3352 scandere,
1433 3292 1497 3355 quo
1509 3272 1747 3338 submitterose
1765 3291 1803 3336 ac
1820 3268 1960 3334 deiicere
1977 3267 2089 3347 discat,
2113 3290 2222 3346 suam·

213 3355 324 3433 vacui,
352 3355 504 3438 propriae
531 3355 675 3419 institiae
701 3355 822 3423 fiducia
846 3357 953 3436 exuti,
981 3364 1095 3422 contra
1117 3379 1192 3441 ege-
1244 3374 1307 3442 que
1333 3359 1500 3423 miseriam
1525 3358 1629 3423 fateri.
1679 3355 1842 3434 Proinde,
1870 3353 1958 3438 quod
1986 3361 2057 3418 tum
2085 3355 2221 3420 hebetu-

214 3441 310 3506 stalis
332 3441 529 3506 conscientia
552 3441 647 3506 fracti
673 3448 707 3505 et
728 3443 871 3522 contusi,
901 3443 1038 3508 solidam
1060 3443 1192 3508 humili·
1244 3445 1327 3522 dini,
1361 3452 1433 3508 tum
1465 3444 1688 3509 contumaciae
1723 3448 1855 3507 nostrae
1886 3441 2108 3506 necessarium
2140 3448 2220 3519 erat,

213 3531 318 3591 tatem
345 3526 507 3592 discamus
535 3548 573 3592 ao
605 3527 710 3592 nostri
739 3528 959 3594 deiectionem.
1008 3530 1193 3613 Utrumque
1244 3530 1407 3595 Dominus
1429 3530 1537 3614 legem
1557 3530 1713 3613 scriptam
1731 3528 1825 3594 nobis
1847 3527 1969 3610 posuit:
1992 3547 2075 3609 quae
2097 3533 2130 3591 et
2151 3548 2221 3591 cer-

214 3612 251 3675 in
271 3612 344 3695 lege
366 3634 425 3678 sua
445 3612 609 3678 Dominus
631 3616 833 3696 exsequitur,
861 3615 918 3680 ubi
939 3617 1096 3698 primum,
1119 3617 1192 3680 vin-
1243 3617 1309 3681 tius
1331 3617 1563 3682 testificaretur
1583 3615 1668 3699 quod
1686 3616 1722 3679 in
1739 3614 1812 3698 loge
1829 3611 1974 3678 natm-ali
1991 3611 2089 3676 nimis
2106 3611 2220 3677 obscu-

216 3696 323 3795 dicata
345 3699 407 3763 sibi
426 3698 573 3782 legitima
594 3700 778 3782 imperandi
795 3707 964 3784 potestate,
988 3701 1030 3766 ad
1047 3702 1192 3767 numinis
1244 3724 1319 3766 rum
1336 3709 1415 3782 erat,
1438 3710 1472 3766 et
1487 3709 1632 3788 mentem
1649 3701 1904 3782 memoriamque
1920 3703 2067 3764 nostram
2084 3717 2220 3762 excusso

216 3803 267 3846 sur
289 3786 506 3847 reverentiam
528 3805 588 3849 nos
609 3791 720 3865 vocat,
743 3795 841 3869 atque
861 3788 897 3851 in
919 3807 983 3870 quo
1005 3788 1068 3851 sita
1089 3808 1128 3852 ea
1149 3789 1194 3853 sit
1243 3795 1372 3871 torpore
1393 3788 1536 3854 vividius
1555 3788 1677 3853 feriret.

216 3874 251 3931 et
272 3869 448 3932 constituta
473 3872 679 3951 praescribit3
709 3872 843 3953 deinde,
870 3872 1078 3958 promulgata
1098 3873 1192 3938 iusti·
1331 3878 1359 3939 3.
1405 3874 1502 3940 Nunc
1519 3879 1709 3957 promptum
1725 3878 1776 3937 ost
1791 3870 1975 3954 intelligere
1992 3867 2072 3952 quid
2088 3889 2130 3933 ex
2147 3867 2221 3952 lege

110 4035 112 4039 ι
216 3952 283 4017 tiae
316 3975 393 4018 suae
426 3955 540 4039 regula
573 3956 679 4033 (cuius
711 3960 900 4025 rectitudini
933 3960 1103 4042 ingenium
1133 3981 1193 4025 no-
1245 3959 1436 4025 disoendum
1457 3961 1509 4025 sit.
1553 3960 1681 4042 Nempe
1698 3958 1817 4036 Deum,
1837 3957 1922 4022 sicut
1942 3960 2069 4021 creator
2090 3962 2141 4020 est
2162 3976 2221 4019 no-

217 4045 337 4116 strum,
366 4047 402 4103 ut
429 4061 568 4121 pravum
597 4050 647 4106 est
673 4051 706 4107 et
727 4052 926 4123 contortum,
955 4052 1113 4128 perpetuo
1134 4045 1193 4110 ad-
1244 4052 1325 4125 ster,
1349 4047 1396 4111 ita
1422 4047 1493 4111 iure
1519 4046 1627 4112 locum
1651 4045 1754 4128 patris
1776 4051 1809 4108 θῖ
1831 4041 1953 4108 domini
1976 4061 2057 4125 erga
2078 4062 2138 4106 nos
2164 4041 2221 4106 ob-

215 4130 382 4204 versatur3
414 4126 500 4190 infra
527 4127 620 4193 cuius
647 4130 879 4210 perfectionem
905 4131 1043 4196 facultas
1070 4139 1192 4210 nostra,
1243 4132 1364 4211 tinere;
1393 4132 1456 4198 hac
1482 4132 1609 4197 ratione
1631 4131 1784 4215 gloriam,
1812 4128 2043 4206 reverentiam,
2067 4148 2221 4204 amorem,

215 4217 254 4274 ut
274 4210 436 4275 imbecilla
457 4219 508 4277 est
529 4219 563 4277 et
580 4214 622 4278 ad
638 4215 760 4279 bonum
777 4222 941 4295 enervata,
963 4216 1078 4299 procul
1093 4219 1192 4302 iacet)
1244 4218 1396 4282 timorem
1424 4218 1473 4282 illi
1501 4240 1521 4283 a
1549 4218 1641 4284 nobis
1669 4217 1789 4283 deberi.
1835 4213 1924 4296 Quin
1952 4214 2052 4278 etiam
2073 4234 2134 4277 nos
2155 4234 2222 4277 non

215 4302 286 4362 tum
307 4298 518 4379 impotentiae
539 4320 606 4376 nos,
631 4306 702 4364 tum
718 4303 898 4367 iniustitiae
917 4304 1034 4385 arguit
1069 4300 1191 4382 Quare,
1244 4323 1315 4368 esse
1336 4304 1441 4369 nostri
1460 4304 1556 4383 iuris,
1584 4312 1629 4369 ut¹
1641 4323 1833 4386 quocunque
1855 4300 1959 4366 animi
1983 4299 2084 4364 libido
2104 4299 2221 4365 incita-

213 4383 286 4466 ipsa
308 4384 493 4468 argumenti
515 4384 555 4448 ab
577 4385 670 4449 initio
691 4387 833 4452 instituti
854 4388 955 4453 series
973 4388 1038 4453 huc
1055 4387 1192 4453 nosdu·
1244 4390 1289 4452 rit
1309 4410 1484 4473 sequamur
1489 4413 1498 4470 ;
1520 4390 1579 4456 sed
1598 4391 1639 4456 ab
1661 4391 1731 4455 eius
1752 4394 1836 4453 nutu
1853 4407 2028 4469 suspensos
2045 4385 2081 4449 in
2098 4405 2136 4450 eo
2153 4383 2221 4449 solo

214 4469 267 4546 cit,
291 4477 329 4533 ut
349 4468 390 4534 de
411 4469 484 4553 lege
506 4469 641 4534 Domini
661 4493 751 4537 nuno
772 4495 917 4557 agamus.
1244 4474 1362 4541 debere
1390 4477 1567 4542 consistere
1585 4474 1680 4560 quod
1706 4476 1737 4540 ei
1764 4473 1932 4558 placuerit
1976 4469 2108 4536 Deinde
2129 4470 2224 4536 iusti-

301 4558 330 4618 2.
374 4556 479 4621 Porro
501 4556 671 4639 haecipsa
689 4579 773 4640 quac
791 4559 923 4643 exlege
941 4557 1096 4625 discenda
1114 4565 1193 4624 sunt
1243 4561 1327 4626 tiam
1347 4583 1384 4628 ac
1405 4562 1636 4629 rectiurdinem
1656 4561 1705 4626 illi
1727 4558 1816 4645 cordi
1837 4577 1917 4637 esse,
1936 4557 2145 4656 iniquitatem
2167 4576 2222 4621 ve-

214 4639 451 4739 quodammodo
482 4642 575 4706 nobis
608 4642 710 4709 dictat
736 4644 792 4709 lex
823 4644 881 4708 illa
904 4645 1055 4724 interior,
1092 4667 1192 4728 quam
1243 4668 1281 4711 ro
1301 4648 1552 4730 abominationi3
1574 4649 1720 4732 ideoque,
1743 4646 1808 4710 nisi
1830 4643 1969 4710 velimus
1991 4641 2094 4741 1mpia
2109 4643 2222 4724 ingra-

214 4745 362 4790 ommum
394 4727 546 4794 cordibus
578 4729 770 4813 inscriptam
799 4737 832 4795 et
866 4731 960 4814 quasi
986 4731 1190 4814 impressam,
1243 4732 1383 4798 titudine
1409 4755 1430 4799 a
1458 4735 1625 4801 conditore
1653 4739 1765 4799 nostro
1793 4730 1945 4808 deficere,
1972 4728 2132 4793 iustitiam
2153 4733 2223 4791 tota

212 4814 363 4894 superius
385 4812 508 4879 dictum
530 4820 588 4879 est.
620 4816 696 4880 Non
714 4817 803 4881 enim
823 4817 902 4882 sinit
918 4837 978 4882 nos
995 4825 1191 4902 perpetuum
1243 4820 1313 4883 vita
1338 4820 1432 4886 nobis
1459 4841 1531 4887 esso
1558 4819 1730 4886 crassato
1757 4815 1936 4882 colendam.
1985 4813 2073 4879 N'am
2100 4812 2222 4877 situm

213 4916 364 4996 somnum
386 4900 457 4964 sine
478 4922 577 4966 sensu
594 4900 736 4968 dormire
753 4909 866 4969 nostra
882 4903 1089 4984 conscientia,
1111 4905 1191 4987 quin
1242 4904 1292 4968 illi
1310 4903 1442 4971 demum
1459 4907 1652 4973 exhibemus
1669 4924 1768 4987 quam
1786 4901 1880 4967 decet
1896 4899 2123 4976 reverentiam,
2142 4896 2221 4961 dum

211 4991 303 5048 mtus
325 4986 417 5049 testis
445 4987 488 5050 sit
509 5007 548 5052 ac
574 4988 732 5055 monitrix
753 5011 868 5055 eorum
894 5009 977 5072 quae
998 4991 1071 5056 Deo
1094 4990 1190 5056 debe-
1242 4991 1446 5057 voluntatem
1468 4992 1538 5058 eius
1559 4999 1690 5057 nostrae
1712 4988 1943 5072 praeferimus:
1972 4983 2132 5067 requiam
2155 5005 2224 5048 non

212 5071 402 5168 mns31quin
423 5071 499 5136 boni
522 5079 554 5136 et
575 5075 655 5139 mali
672 5074 848 5141 dmcmmen
866 5074 960 5142 nobis
977 5077 1117 5156 obiiciat,
1140 5082 1190 5142 at·
1242 5076 1342 5142 alium
1370 5099 1441 5143 esse
1467 5077 1652 5163 legitimum
1679 5077 1750 5141 eius
1772 5075 1912 5147 cultum,
1945 5090 2043 5156 quam
2068 5070 2221 5149 iustitiae,

212 5164 344 5235 quarta
365 5177 425 5221 nos
447 5165 585 5239 accuset,
608 5160 688 5225 dum
704 5162 745 5228 ab
763 5162 869 5227 officio
887 5161 1102 5229 discedimus„
1122 5163 1190 5227 Ve·
1242 5163 1443 5242 sanctitatis,
1474 5163 1627 5248 puritatis
1655 5161 1925 5228 observationem.
1969 5156 2039 5222 Nec
2071 5162 2222 5239 praeten-

211 5259 295 5320 rum,
318 5263 383 5323 qua
404 5263 553 5309 errorum
574 5245 715 5331 caligine
735 5247 909 5315 obvolutus
930 5254 981 5314 est
1001 5248 1109 5329 bomo,
1131 5269 1191 5331 per
1242 5247 1319 5313 dere
1336 5249 1580 5315 excusationem
1600 5247 1686 5327 licet,
1710 5247 1797 5332 quod
1813 5244 1953 5311 facultas
1970 5241 2063 5322 (lesit,
2082 5250 2117 5307 ot
2133 5243 2224 5308 volut
