4770 6030
200 335 261 396 ⁶91
777 322 1043 391 INSfflUulo
1064 325 1170 391 REL.
1193 321 1374 390 CHRIST.
1399 326 1630 387 1539-1554.
2142 326 2204 386 692

1828 423 2083 512 [A1so;nece;
2102 434 2205 491 cece.
2305 486 2307 491 .

202 519 331 586 ratione
358 519 393 582 in
416 518 480 581 Dei
505 515 662 581 iustitiam
685 513 810 579 Christi
837 515 991 579 beneficio
1014 514 1177 577 instaura
1228 511 1275 576 tie
1295 511 1356 590 sui,
1378 515 1405 575 et
1425 511 1539 592 reliqui
1560 512 1695 592 affectus,
1718 513 1774 593 qui
1794 533 1832 577 ec
1855 512 1940 576 seria
1961 510 2139 576 delictorm
2160 532 2207 576 re-

204 627 295 683 mur,
311 595 345 668 'a
372 600 436 685 qua
464 622 522 685 per
543 600 653 664 Adam
684 600 909 665 excideramus
916 623 924 679 ;
957 598 1116 681 quomodo
1143 600 1177 662 in
1230 598 1396 680 nequitiem
1416 601 1596 661 nasacntur.

203 692 369 773 integrum
397 688 567 752 restituere
594 686 701 768 placet
730 686 888 762 Domine,
912 705 1121 767 quoscunque
1143 685 1177 748 in
1319 687 1367 746 10.
1419 683 1491 746 Iam
1520 691 1553 747 et
1586 684 1803 765 poenitentiae
1834 683 1961 748 fructus
1989 681 2100 764 quales
2128 682 2203 760 sint,

203 775 291 842 vitae
312 771 548 838 haereditatem
569 778 704 854 cooptat.
1230 768 1370 851 intelligi
1398 776 1512 850 potest.
1570 768 1690 850 Nempe
1715 769 1819 851 officia
1840 769 1970 851 pictatis
1995 789 2069 851 erqo
2090 766 2204 846 Deum,

290 863 318 924 9.
367 859 454 940 Quod
481 862 583 922 autem
609 856 765 939 apostolus
787 856 820 940 (2
841 855 914 920 Gor.
935 859 964 933 l,
986 854 1040 941 ll)
1068 856 1103 919 in
1129 856 1178 920 de-
1232 854 1373 918 caritatis
1404 875 1477 937 erpa
1506 854 1657 932 homines,
1692 855 1735 918 ad
1761 854 1835 918 lcaec
1861 855 1895 917 in
1922 858 1984 917 teta
2004 855 2068 917 uita
2094 853 2205 918 sandi-

199 946 367 1027 scriptione
381 944 586 1026 poeniteutiae
607 963 662 1007 seu
678 943 747 1019 eius
767 942 813 1006 ecl
833 961 959 1019 causas,
982 942 1029 1007 cel
1049 942 1179 1022 effectus,
1231 941 1337 1004 monio
1366 960 1402 1004 ac
1419 940 1556 1022 puritas.
1607 939 1688 1004 Sunt
1709 945 1920 1022 praetereact
1946 944 2069 1004 caterua
2096 939 2205 1020 aliqua

203 1030 250 1096 ael
264 1036 374 1114 partes
395 1033 559 1107 munierat,
582 1029 618 1092 id
642 1029 758 1110 optima
779 1047 876 1092 causa
891 1027 977 1108 facit.
1023 1026 1104 1090 Sunt
1125 1047 1181 1091 au
1232 1026 1391 1104 exercitia,
1410 1024 1527 1106 ‘quibrcs
1549 1027 1704 1107 punctim
1725 1025 1818 1091 ueluti
1844 1025 1989 1090 remediis
2015 1024 2061 1090 vel
2087 1025 2129 1090 ad
2150 1046 2205 1089 nos

203 1121 264 1183 tem
284 1117 423 1182 studium
452 1120 507 1179 aut
528 1113 713 1193 sollicitudo,
741 1114 911 1190 excusatio,
933 1113 1120 1195 indipnatie,
1143 1114 1181 1176 ti·
1232 1110 1455 1188 humiliandas,
1483 1110 1530 1175 cel
1557 1112 1600 1176 ad
1625 1112 1814 1177 dunandam
1840 1131 1963 1176 carnem
1988 1115 2126 1174 nestram
2146 1111 2205 1173 uti

203 1224 280 1281 mor,
302 1201 501 1279 dedalum,
522 1201 616 1278 relus,
639 1200 782 1263 uindicta.
818 1199 924 1280 Neque
945 1198 1116 1263 absurdum
1137 1198 1181 1262 ui·
1232 1218 1321 1273 mur;
1351 1197 1474 1278 publice
1510 1206 1580 1262 cero
1617 1199 1660 1263 ed
1696 1198 1924 1279 resipiscentiae
1960 1196 2203 1277 testificationem.

204 1290 273 1357 deri
290 1288 380 1366 debet,
401 1287 480 1368 quod
501 1290 632 1350 statuere
653 1306 714 1350 non
734 1286 841 1363 audeo,
864 1305 1013 1349 causaene
1034 1306 1077 1348 an
1098 1285 1181 1365 effec-
1232 1283 1393 1346 Εαιααααα
1424 1288 1526 1372 auum
1563 1283 1602 1346 ab
1636 1284 1694 1348 illa
1725 1283 1875 1361 uindicta,
1907 1283 1945 1347 de
1976 1303 2040 1363 qua
2071 1283 2207 1362 loquitur

203 1381 255 1441 tus
281 1375 396 1439 censeri
423 1371 563 1449 debcant,
597 1376 762 1452 utrumque
788 1371 870 1434 enim
896 1370 1054 1451 disputari
1074 1375 1181 1451 potest.
1235 1368 1366 1433 Paulus.
1420 1370 1579 1449 Siquidem
1607 1368 1681 1433 baec
1701 1369 1810 1449 afflicti
1834 1368 1936 1432 animi
1962 1372 2035 1431 sarit
2057 1368 2205 1449 propria

206 1459 344 1527 Possunt
371 1458 465 1523 etiam
490 1458 593 1522 cecam
615 1457 788 1538 affectiones
815 1475 885 1520 cum
906 1456 1093 1536 poenitentia
1115 1474 1182 1519 con·
1233 1456 1268 1518 in
1288 1453 1443 1535 squalore,
1465 1456 1596 1536 qcnritu,
1618 1455 1765 1537 laaprnis
1786 1473 1867 1532 esse;
1891 1455 1997 1536 fuqere
2017 1453 2207 1534 splendorem

67 1593 70 1596 -
204 1547 343 1621 iunctae·
364 1544 419 1608 sed
437 1544 514 1624 quia
535 1542 660 1608 emissis
682 1542 747 1607 illis
768 1539 998 1622 quaestionibus
1015 1541 1182 1624 iutelliqerc
1233 1540 1441 1620 etquemlibct
1462 1545 1670 1622 apparatum,
1693 1539 1834 1604 manibus
1859 1540 1981 1604 deliciis
2002 1560 2034 1605 se
2056 1539 2206 1604 abdicere.

205 1632 274 1698 licet
306 1630 382 1711 quid
406 1628 531 1693 Paulus
559 1628 645 1706 uelit,
674 1628 813 1710 simplici
842 1627 1028 1708 expositione
1055 1629 1182 1691 contenti
1233 1624 1356 1690 Der-nde
1388 1646 1418 1689 is
1449 1647 1504 1706 qui
1530 1630 1632 1704 sedit,
1661 1631 1810 1706 quantum
1831 1627 1952 1690 malum
1973 1626 2014 1689 sit
2034 1625 2140 1690 carnis
2161 1645 2207 1688 re

204 1718 332 1784 munus.
376 1714 465 1780 Dicit
486 1733 555 1796 erpa
577 1734 614 1777 ec
635 1714 773 1792 tristitia,
796 1733 875 1793 quae
891 1713 1059 1777 secrcndum
1077 1711 1182 1777 Deum
1233 1711 1328 1789 bellic,
1351 1712 1487 1775 remedia
1508 1712 1613 1775 murcia
1627 1712 1768 1792 quaerit,
1792 1711 1905 1792 quibus
1925 1716 2062 1776 aarum
2109 1709 2206 1774 Prae

206 1808 259 1883 est,
281 1801 411 1867 cantari
433 1796 680 1864 sollicitudiuem.
726 1799 889 1879 Numqui
917 1798 997 1862 serie
1019 1800 1183 1879 displicen-
1233 1802 1315 1861 terea
1336 1797 1391 1877 qui
1412 1796 1483 1860 bene
1503 1798 1614 1880 coqr'tat
1635 1818 1729 1878 quam
1748 1818 1843 1880 pram
1862 1798 1904 1861 sit
1925 1796 2054 1861 uiolasse
2072 1793 2136 1859 Dei
2157 1796 2206 1858 iu

205 1891 267 1954 tiae
289 1908 382 1952 sensu
403 1886 556 1969 tariqitur,
579 1885 660 1965 quod
681 1885 715 1948 in
737 1883 842 1949 Deum
863 1904 957 1948 suum
972 1885 1117 1965 peccarit,
1140 1884 1183 1947 si·
1233 1883 1365 1960 sidiam,
1395 1884 1547 1963 quiescere
1573 1901 1633 1946 nou
1654 1888 1768 1965 petest,
1790 1882 1882 1947 donec
1902 1885 1937 1946 iu
1953 1903 2013 1946 sua
2034 1881 2206 1946 bunulitmc

204 1975 273 2041 mul
301 1972 521 2037 eadinruletur
546 1971 590 2034 ad
615 1970 809 2053 dilipentiam
831 1975 858 2034 et
878 1971 1084 2048 attentionem,
1107 1975 1141 2032 nt
1162 1992 1182 2033 a
1231 1969 1366 2052 pluriam
1392 1968 1509 2032 dederit
1530 1968 1605 2033 Deo.
1658 1968 1824 2032 Eiusmodi
1852 1969 1997 2034 enuntia
2017 1987 2109 2050 saepe
2130 1987 2207 2031 cern·

205 2059 324 2126 decoci·
346 2058 466 2139 laqueis
482 2057 609 2137 penitus
629 2076 662 2120 se
682 2056 824 2137 erplicet,
850 2061 885 2120 ut
905 2055 943 2118 ab
965 2055 1033 2120 eius
1054 2055 1183 2120 insidiis
1233 2059 1402 2119 munerant
1423 2055 1533 2118 uetusd
1552 2054 1723 2135 scriptores,
1745 2075 1841 2136 quum
1858 2054 1895 2118 de
1905 2055 2109 2136 poenitentiae
2124 2053 2208 2134 fruc-

206 2146 320 2210 melius
347 2142 408 2206 sibi
430 2146 548 2220 micat,
575 2162 613 2206 ne
638 2163 659 2205 a
687 2142 819 2222 spiritus
844 2141 945 2205 saneti
966 2141 1183 2224 pubernatione
1234 2139 1315 2203 tibris
1340 2139 1530 2219 loquuntur·
1565 2141 1751 2221 Quanquam
1784 2145 1886 2205 autem
1912 2140 1976 2205 uun
2002 2139 2207 2221 poenitentiae

142 2245 146 2251 '
201 2229 332 2315 posticae
362 2226 495 2305 cecidet,
525 2247 563 2290 ne
589 2227 751 2292 securitate
778 2229 982 2309 opprimatur.
1029 2227 1183 2291 Proxima
1234 2225 1360 2289 murima
1387 2227 1421 2288 in
1442 2225 1509 2290 illis
1529 2232 1693 2307 reposuit,
1720 2226 1842 2290 ueniam
1869 2231 1972 2290 tamen
1992 2226 2072 2290 milri
2091 2224 2209 2290 dabunt

207 2321 252 2382 est
274 2315 436 2392 camisalia,
459 2333 537 2394 quae
558 2311 612 2376 lroc
634 2314 696 2389 loco
717 2333 777 2376 non
797 2313 1002 2394 defensionem
1018 2312 1181 2394 siqnidem,
1235 2312 1365 2388 lectores,
1387 2313 1417 2375 si
1438 2312 1545 2376 dicere
1566 2313 1646 2391 quad
1666 2313 1770 2377 sentio.
1815 2305 1898 2376 Plus
1919 2333 2014 2392 aequo
2034 2316 2111 2376 certe
2131 2310 2208 2374 insi-

206 2422 270 2484 qua
286 2404 435 2483 peccator,
457 2399 500 2463 ad
516 2398 723 2482 cffuqiendum
740 2396 804 2462 Dei
825 2400 987 2475 iudicium,
1010 2398 1059 2462 uel
1079 2418 1112 2462 se
1132 2398 1182 2462 de·
1233 2401 1311 2461 stere
1332 2396 1440 2460 inibis
1460 2396 1540 2460 milii
1560 2398 1712 2462 uideretur.
1755 2397 1805 2460 Ac
1826 2399 1856 2461 si
1877 2398 1949 2479 quis
1970 2398 2139 2479 prudenter
2160 2416 2209 2459 ee

207 2487 336 2570 liquisse
364 2489 461 2567 neqet,
490 2482 536 2548 ccl
556 2484 681 2565 culpam
703 2488 856 2562 extenuet,
883 2484 938 2549 sed
953 2485 1180 2565 purqationem,
1228 2482 1359 2564 pendat,
1382 2482 1474 2562 milri,
1496 2489 1530 2547 ut
1551 2504 1653 2564 spera
1676 2484 1873 2561 assentietur,
1895 2483 2059 2564 dupliciter
2079 2502 2129 2548 eas
2148 2502 2210 2546 mo

205 2592 286 2656 quac
305 2573 340 2636 in
356 2571 565 2652 deprecatione
585 2570 688 2653 maqis
699 2571 806 2651 posita
827 2570 877 2648 sit,
895 2590 991 2650 quam
1011 2570 1181 2650 causacio
1233 2569 1309 2633 dum
1336 2570 1508 2633 mcessisse.
1562 2568 1649 2632 Nam
1675 2590 1770 2649 quum
1803 2573 1958 2650 tardopere
1984 2572 2140 2653 urqereut,
2172 2587 2209 2630 ac
2300 2607 2307 2618 -

205 2658 308 2724 ducia.
367 2655 506 2737 Qualiter
535 2655 599 2737 filit
632 2676 693 2719 non
721 2654 843 2736 reprobi
876 2656 952 2720 dum
983 2659 1088 2720 errata
1121 2676 1181 2719 sua
1233 2654 1408 2719 immodicis
1436 2655 1543 2738 eloqiis
1564 2656 1807 2735 commendarent
1827 2654 2014 2736 corporalem
2035 2654 2123 2719 illam
2144 2653 2208 2717 dis-

205 2746 372 2829 aqnoscunt
392 2746 421 2806 et
440 2743 625 2822 amittentur,
648 2740 886 2823 deprecationem
906 2746 1009 2805 tamen
1029 2740 1181 2820 adlribent,
1234 2741 1396 2822 aplinam,
1430 2740 1484 2805 bec
1516 2741 1641 2820 quidem
1674 2739 1943 2821 consequebantur,
1972 2746 2007 2805 ut
2027 2739 2115 2821 plebs
2140 2759 2209 2802 eam

205 2834 296 2911 atque
321 2831 357 2892 ut
383 2848 419 2893 ea
446 2826 544 2890 locum
570 2825 692 2905 babeat,
720 2823 832 2908 quibus
853 2832 988 2909 pessunt
1013 2827 1115 2891 raedis
1142 2831 1182 2892 te
1232 2827 1350 2890 umiore
1376 2827 1479 2891 studio
1505 2825 1733 2906 amplecteretur
1739 2849 1750 2904 ,·
1776 2826 1830 2891 sed
1861 2827 1942 2908 qued
1968 2827 2053 2910 lonqe
2077 2825 2210 2890 maioris

204 2918 337 2993 stantur,
360 2934 392 2977 se
412 2913 540 2977 minime
561 2912 706 2977 abiecisse
727 2933 795 2977 eam
817 2934 912 2994 quam
927 2911 1112 2995 parentibus
1132 2912 1182 2977 de·
1232 2913 1375 2978 momenti
1397 2932 1461 2977 esse
1482 2911 1573 2990 debet,
1596 2912 1817 2992 quodanrmada
1834 2912 2045 2977 obscurabant.
2085 2911 2208 2976 Deinde

203 3000 273 3071 beni
293 2999 512 3076 reuerentiam,
539 2997 669 3079 dacique
689 2998 736 3062 sic
755 3003 917 3078 excusant,
946 3019 1006 3063 non
1026 3002 1061 3062 ut
1080 3019 1113 3062 se
1134 2999 1182 3062 iu
1232 3000 1268 3063 in
1289 2999 1448 3081 carpendis
1469 2997 1721 3081 mstiqatronibus
1741 2999 1868 3080 fuerunt
1895 2999 2055 3079 alquanto
2082 2997 2210 3081 riquila-

205 3091 269 3152 stas
290 3105 355 3150 csse
375 3104 412 3149 ac
433 3085 603 3149 innocentes
621 3083 763 3166 maban,
790 3085 845 3149 sed
865 3089 985 3149 mutum
1005 3089 1039 3148 ut
1061 3085 1182 3149 ueniam
1233 3105 1297 3163 res,
1324 3105 1418 3166 quam
1442 3084 1525 3164 fuat
1546 3085 1749 3149 eulesiastica
1774 3085 1989 3162 mansuetudo,
2016 3084 2210 3165 quemadmo-

206 3171 366 3238 abtineant.
422 3167 569 3251 Sequitur
601 3170 788 3252 ineliquatlo,
819 3191 883 3252 qua
909 3175 1051 3253 peccator
1079 3191 1182 3235 secum
1233 3172 1308 3235 dum
1329 3169 1407 3234 alibi
1428 3173 1592 3234 tradmum
1612 3175 1664 3235 est.

205 3257 292 3322 intus
320 3255 441 3338 fremit,
474 3275 576 3320 seorim
601 3255 788 3336 eupastulat,
822 3255 883 3320 sibi
910 3257 1073 3334 irascitur,
1106 3256 1183 3321 dum
1323 3261 1370 3319 11.
1417 3253 1484 3320 Sed
1505 3257 1581 3339 quis
1603 3255 1767 3333 nonnulli,
1795 3255 1873 3319 dum
1894 3258 2024 3333 fletum,
2051 3256 2209 3320 ieiunium

204 3362 299 3411 mmm
314 3342 555 3424 permutatam,
577 3361 728 3422 suarnque
748 3343 783 3405 in
801 3340 906 3406 Deum
927 3342 1182 3426 inqratitudiuem
1234 3349 1267 3406 et
1299 3335 1443 3407 cinerem
1475 3364 1551 3407 cum
1578 3342 1655 3407 alibi
1687 3343 1886 3424 frequenter,
1920 3349 1992 3405 tum
2018 3343 2209 3424 praesertim

203 3428 393 3511 recoqruscit.
447 3427 585 3492 Timores
612 3428 734 3491 nomine
762 3427 905 3512 intelliqit
932 3427 1020 3491 illam
1047 3429 1182 3510 trepula
1234 3428 1322 3511 apud
1342 3428 1465 3492 Ioelem
1487 3428 1531 3513 (2,
1554 3427 1607 3511 12)
1633 3428 1879 3492 commemorari
1901 3427 2053 3507 audiunt,
2084 3428 2208 3510 praeci·

204 3515 315 3580 uuor
337 3534 417 3593 quae
438 3511 589 3577 racidibus
611 3513 726 3576 nostris
747 3512 910 3591 incutitur,
934 3514 1050 3593 quoties
1071 3515 1182 3596 ecqita-
1233 3535 1333 3596 paam
1355 3514 1595 3596 resipiscentiae
1617 3519 1745 3594 partem
1765 3513 1895 3590 ieiunio,
1918 3520 1951 3577 et
1971 3515 2050 3579 fletu
2068 3515 2208 3578 metiun-

203 3604 323 3664 muset
349 3599 427 3679 quid
448 3618 505 3662 nas
525 3598 626 3661 simus
652 3599 769 3676 meriti,
796 3604 824 3662 et
843 3619 938 3680 quam
959 3599 1120 3663 bardbdis
1141 3601 1183 3663 sit
1232 3606 1296 3677 tur,
1320 3598 1464 3663 tollenda
1484 3608 1536 3664 est
1557 3620 1670 3663 eorum
1692 3598 1912 3664 hallucinatio.
1957 3598 2054 3680 Quod
2075 3599 2116 3664 de
2133 3621 2209 3664 con-

204 3687 273 3749 irae
306 3685 431 3748 diuinae
461 3685 608 3748 scenitas
637 3685 672 3747 in
695 3689 875 3765 peccatores.
926 3684 1073 3749 lllirabili
1099 3687 1181 3750 ereim
1233 3687 1382 3752 versione
1404 3686 1504 3750 tatius
1522 3684 1627 3750 cordis
1652 3683 1693 3749 ad
1711 3685 1900 3764 Dominum,
1924 3684 2027 3766 deque
2045 3686 2207 3761 scissione,

104 3761 118 3780 '
204 3769 416 3850 inquietudine
437 3775 508 3833 tum
529 3789 585 3833 nos
607 3771 716 3835 occari
737 3789 855 3835 necesse
877 3775 929 3848 est,
951 3776 1117 3852 quactum
1138 3773 1182 3836 ad
1232 3793 1298 3836 non
1319 3772 1604 3848 vestimentorum,
1639 3770 1697 3834 sed
1724 3769 1844 3849 cordis,
1876 3770 1943 3836 illic
1965 3769 2098 3847 dicitur,
2128 3772 2208 3833 resi-

132 3874 139 3885 ’
205 3855 410 3918 bumilitatem
440 3875 497 3919 nos
523 3855 639 3933 erudit,
678 3861 744 3920 mm
776 3856 929 3921 cautimes
960 3857 995 3920 in
1020 3862 1181 3937 posterum
1231 3858 1409 3939 piscantiae
1432 3857 1601 3940 proprium
1628 3863 1692 3936 est;
1726 3856 1822 3921 fletus
1851 3863 1959 3921 autem
1991 3865 2024 3919 et
2049 3855 2207 3920 ieiunium

204 3939 314 4006 reddit.
366 3939 453 4020 Quod
481 3941 512 4004 si
538 3941 639 4005 oritm
659 3962 697 4006 ec
717 3943 825 4007 timore
845 3942 1030 4021 seduitude,
1060 3944 1097 4007 de
1117 3962 1181 4024 qua
1231 3965 1300 4008 non
1321 3950 1359 4006 ut
1379 3951 1537 4027 perpetua
1557 3950 1614 4007 aut
1634 3943 1819 4008 necessaria
1839 3943 1910 4007 eius
1932 3942 2048 4007 effecta
2070 3940 2207 4006 subnec-

199 4026 298 4108 prius
314 4025 453 4105 dicam,
480 4026 621 4091 melanus
641 4046 701 4108 quo
724 4049 807 4093 uccu
828 4028 901 4092 baec
922 4029 1003 4093 inter
1023 4049 1057 4093 se
1077 4029 1180 4093 cobae-
1232 4036 1356 4104 timtur‚
1380 4028 1437 4094 sed
1460 4028 1632 4112 specialem
1654 4028 1777 4094 habent
1798 4028 2084 4094 cneumstantiam.
2118 4024 2208 4107 Quo-

204 4116 300 4176 reant.
344 4109 547 4178 Desiderimn
574 4114 695 4178 uidetur
717 4113 797 4178 mibi
818 4114 964 4195 posuisse
984 4134 1047 4195 pra
1067 4114 1181 4179 seduli-
1232 4115 1322 4180 niem
1343 4116 1574 4198 gravissimm
1593 4114 1725 4179 Iudaeis
1747 4114 1910 4179 excidium
1930 4113 2102 4179 imminere
2124 4113 2208 4178 vati·

203 4203 265 4264 uu
285 4197 320 4261 in
341 4197 450 4279 cilicia
473 4197 698 4279 etobsequendi
715 4200 884 4277 alacritate,
908 4200 950 4264 ad
967 4221 1062 4281 quam
1078 4201 1181 4263 maai-
1232 4200 1360 4266 sinatus
1387 4202 1506 4279 fuerat,
1545 4201 1630 4265 iram
1657 4201 1722 4266 Dei
1750 4200 1866 4265 suadet
1889 4207 2108 4279 antevertere,
2141 4220 2206 4262 non

203 4303 252 4348 me
273 4302 441 4366 prouocare
468 4304 525 4348 nos
552 4284 635 4349 debet
661 4285 839 4350 delictorum
859 4289 1034 4350 nostrorum
1055 4285 1179 4368 equitio.
1232 4293 1363 4351 tantum
1390 4286 1624 4369 resipiscendo,
1659 4286 1716 4351 sed
1743 4287 1900 4351 moeroris
1926 4287 2047 4355 indicia
2073 4306 2208 4368 praese

204 4369 278 4434 Huc
306 4389 424 4451 quoque
446 4370 579 4451 pertinet
602 4370 702 4451 celus,
730 4391 819 4452 quern
847 4373 987 4436 amitinae
1013 4370 1180 4454 subiunqit.
1231 4371 1374 4437 ferendo.
1412 4371 1563 4452 Qualiter
1584 4373 1672 4437 enim
1693 4372 1852 4455 promissa
1872 4373 1983 4452 barba,
2006 4373 2135 4455 impexo
2152 4392 2206 4435 ca-

204 4455 361 4520 Ardorem
388 4456 470 4520 mim
496 4457 664 4539 siqnidmt,
686 4475 745 4537 qua
767 4457 976 4534 accendimur,
1006 4457 1060 4519 ubi
1081 4457 1180 4521 arabi
1230 4458 1318 4541 pillo,
1333 4457 1430 4539 pulla
1451 4465 1550 4537 veste,
1574 4459 1763 4541 suppliciter
1789 4480 1824 4522 se
1846 4457 2016 4526 demittere
2034 4459 2116 4524 solet
2133 4479 2209 4521 reus

203 4540 255 4606 rut
280 4541 368 4606 uobis
392 4542 606 4606 admouentur:
642 4542 717 4622 quid
743 4542 826 4623 feci?
860 4562 919 4622 quo
951 4562 998 4605 nce
1024 4543 1180 4623 praecipi
1232 4543 1274 4608 ad
1307 4543 1544 4609 conciliandam
1583 4544 1700 4610 iudicis
1731 4543 2002 4624 misericordiam,
2046 4545 2093 4609 ita
2124 4543 2206 4620 illos,

203 4631 349 4706 mamam,
372 4628 438 4692 nisi
457 4627 538 4691 milii
560 4625 624 4691 Dei
645 4627 861 4692 misericordia
882 4626 1077 4692 subuenimt?
1121 4626 1180 4693 Po
1231 4651 1334 4712 quum
1370 4629 1418 4694 rei
1446 4638 1623 4714 agerentur
1645 4651 1755 4695 eoram
1775 4631 1840 4695 Dei
1866 4628 2036 4708 tribunali,
2067 4632 2135 4694 eius
2157 4649 2207 4691 se-

203 4716 318 4776 strema
339 4718 382 4776 est
398 4715 545 4778 oumicta.
598 4713 664 4793 Qua
692 4712 774 4776 enim
802 4713 968 4778 secuimes
996 4713 1031 4776 in
1051 4733 1108 4778 uos
1128 4734 1181 4779 sir·
1231 4715 1409 4780 veritatem·
1447 4716 1625 4782 miserabili
1668 4715 1782 4781 habitu
1827 4715 1994 4798 deprecari
2029 4713 2204 4797 oportebat.

203 4817 283 4876 nucs,
306 4803 333 4862 et
354 4800 474 4863 acriore
498 4817 629 4862 cmsura
654 4798 860 4878 quaestionem
884 4796 1032 4863 tabanm
1057 4799 1095 4863 de
1110 4821 1180 4881 pec
1231 4799 1431 4883 Quanquam
1458 4810 1567 4867 autem
1589 4803 1672 4868 cinis
1692 4809 1726 4867 et
1752 4823 1864 4868 saccus
1886 4800 1951 4864 illis
1979 4799 2061 4864 forte
2082 4805 2207 4878 tempo

203 4884 283 4948 catis
303 4885 432 4961 nosris,
459 4905 491 4949 eo
512 4882 654 4947 debenus
681 4902 806 4964 sperma
826 4885 929 4966 maqis
944 4885 1121 4966 propitium
1142 4907 1180 4951 ac
1232 4887 1322 4952 ribus
1348 4887 1455 4970 magis
1483 4888 1735 4966 conveniebant,
1770 4888 1866 4952 fletus
1892 4891 2002 4949 tamen
2031 4890 2064 4948 et
2094 4881 2205 4946 ieiunii

203 4969 431 5034 misericordem
458 4969 570 5032 Deum.
619 4967 664 5033 Et
690 4974 767 5034 certe
790 4970 863 5050 fieri
887 4990 948 5033 non
968 4975 1080 5051 potest,
1102 4973 1179 5052 quin
1231 4971 1328 5038 valde
1356 4983 1574 5055 opportimum
1599 4974 1667 5038 fore
1695 4974 1783 5038 inter
1808 4994 1868 5038 nos
1889 4989 1986 5034 usum
2013 4990 2080 5033 non
2106 4990 2206 5052 nega—

201 5055 328 5133 ouima,
349 5055 450 5118 divini
470 5053 583 5118 iudicii
604 5054 729 5119 bomem
744 5055 905 5135 pumtsa,
922 5061 1031 5138 partes
1051 5057 1180 5122 ultiouis
1231 5078 1315 5136 mus,
1329 5057 1354 5139 ¹)
1376 5061 1501 5139 quoties
1523 5057 1649 5124 cladem
1671 5058 1813 5140 aliquam
1835 5063 1893 5121 aut
1911 5053 2131 5120 carminum
2149 5076 2207 5119 no-

203 5139 239 5202 in
266 5140 414 5222 euiqenda
441 5139 478 5203 de
503 5158 537 5202 se
559 5159 661 5222 poena
685 5146 812 5222 occupet.
858 5141 999 5206 Sentiunt
1019 5163 1095 5208 sane
1116 5144 1178 5225 pii,
1232 5181 1437 5188 -——-›-

202 5224 310 5306 quales
325 5245 443 5306 poenae
464 5226 528 5290 sint
548 5224 662 5308 pudor,
684 5227 831 5308 musio,
851 5228 993 5312 punitam,
1016 5228 1180 5311 displicen-
1301 5245 1330 5313 1)
1348 5251 1454 5298 ansul
1473 5244 1542 5299 1545
1559 5261 1628 5315 seqq.
