4732 6030
38 302 41 313 ’
149 361 214 423 ass
783 356 1139 424 ramesmere
1162 358 1330 424 eacan
1352 357 1573 425 alanna.
2043 399 2045 404 .
2094 359 2193 441 ass¹

151 553 182 624 7,
203 550 241 610 18
259 556 293 610 et
313 550 343 624 8,
364 546 436 629 50),
461 567 633 629 perperam
656 559 833 612 censentur
855 547 1021 624 miracula,
1045 567 1128 628 quae
1180 556 1275 611 tores.
1321 546 1472 628 Quorum
1494 548 1669 612 autoritate
1696 549 1725 612 si
1747 547 1969 612 dirimendum
1991 557 2157 612 certamen

147 659 215 723 alio
237 679 335 741 quam
363 657 405 721 ad
433 657 667 722 illustrandum
695 659 794 722 unius
821 659 886 723 Dei
913 679 1033 722 nornen
1060 666 1128 721 tra·
1180 666 1279 735 esset,
1302 660 1419 723 melior
1440 660 1595 724 victoriae
1622 680 1699 742 pars
1722 659 1775 745 (ut
1796 657 2035 723 modestissime
2057 659 2158 724 etiam

147 769 286 834 huntur.
330 770 377 833 Et
397 770 586 834 meminisse
608 791 668 833 nos
691 769 797 847 decet,
820 790 880 833 sua
902 791 971 834 esse
995 775 1128 833 satanae
1179 769 1307 854 loquar)
1343 770 1385 834 ad
1418 793 1477 836 nos
1510 771 1694 836 inclinaret.
1752 771 1893 847 Verum,
1924 790 2026 852 quum
2053 769 2158 835 multe

146 881 318 959 miracula,
336 902 420 962 quae
437 882 569 945 tametsi
586 882 783 964 praestigiae
800 888 887 958 sunt,
905 881 1012 963 magis
1029 902 1127 963 quam
1179 884 1345 964 praeclare
1368 905 1405 948 ac
1428 883 1593 965 sapienter
1614 882 1656 946 ab
1677 882 1743 946 illis
1765 882 1914 964 patribus
1936 883 2058 964 scripta
2080 882 2156 960 sint,

147 1014 248 1058 verae
276 994 431 1071 virtutes,
459 1002 538 1057 sunt
560 1001 671 1058 tamen
694 993 868 1069 eiusmodi,
897 1013 980 1075 quae
1001 993 1127 1075 impru·
1180 993 1215 1056 in
1238 994 1433 1076 quibusdam
1456 1016 1533 1059 vero
1556 994 1597 1057 iis
1619 993 1774 1059 acciderit
1791 994 1876 1076 quod
1894 992 2083 1057 hominibus
2106 1013 2157 1057 so-

148 1105 265 1171 dentes
287 1113 321 1167 et
341 1105 511 1187 imperitos
534 1105 699 1170 deludant.
738 1106 830 1188 Magi
853 1113 887 1168 et
906 1106 1127 1168 incantatores
1179 1107 1239 1184 lot,
1263 1107 1319 1170 isti
1342 1107 1387 1189 pii
1411 1105 1535 1171 scilicet
1556 1106 1633 1184 lilii,
1663 1126 1727 1188 qua
1749 1112 1827 1170 sunt
1849 1118 1882 1170 et
1903 1105 2028 1188 ingenii
2052 1116 2085 1169 et
2106 1105 2157 1168 iu-

146 1215 317 1280 miracnlis
339 1237 468 1299 semper
490 1217 687 1282 claruonmt.
722 1216 947 1281 Idololatriam
965 1214 1127 1298 stupenda
1181 1217 1257 1282 dicii
1281 1227 1313 1282 ot
1335 1217 1438 1281 animi
1466 1217 1676 1294 dexteritate,
1705 1239 1817 1281 comm
1840 1223 1971 1281 tantum
1993 1216 2104 1298 lapsus
2125 1221 2160 1280 et

147 1327 308 1393 miracula
328 1327 496 1404 aluerunt;
524 1349 607 1410 quae
635 1337 746 1392 tamen
768 1349 828 1392 nec
850 1348 1036 1411 magorum,
1066 1348 1127 1392 nec
1179 1350 1306 1393 errores
1337 1328 1489 1407 adorant3
1513 1350 1596 1411 quae
1620 1328 1804 1393 benedicta
1826 1335 1912 1404 sunt,
1935 1328 1988 1391 vel
2012 1350 2078 1391 non
2101 1329 2158 1393 oh·

148 1439 395 1504 idololatranrm
417 1441 684 1522 superstitionem
709 1439 805 1503 nobis
828 1439 1018 1522 approbant.
1064 1440 1127 1503 At-
1179 1450 1325 1519 servant,
1349 1441 1401 1505 vel
1424 1441 1651 1518 dissimulant,
1675 1440 1729 1504 vel
1750 1424 1979 1523 corrumpunt:
2009 1445 2047 1502 ut
2068 1438 2157 1505 dicas

147 1572 213 1634 que
239 1551 301 1615 hoc
329 1550 408 1614 olim
434 1552 536 1615 an'ete
562 1551 655 1633 vulgi
689 1551 934 1633 simplicitatem
961 1553 1126 1617 concutie-
1179 1574 1312 1634 prorsus
1339 1553 1406 1618 illis
1434 1575 1530 1617 curae
1557 1554 1672 1631 hume,
1700 1552 1736 1615 in
1764 1572 1843 1615 auro
1873 1551 1982 1634 legere
2005 1559 2156 1615 stercora.

148 1662 231 1727 hant
256 1663 466 1740 Donatistae,
496 1662 583 1744 qnod
615 1662 782 1728 miraculis
810 1662 980 1745 pollerent.
1032 1663 1126 1727 Idem
1179 1664 1264 1726 llum
1287 1664 1445 1746 improbis
1468 1664 1666 1730 clamoribus
1687 1684 1746 1728 nos
1769 1663 1922 1740 obruunt,
1945 1684 2004 1726 cen
2026 1673 2157 1744 patrum

148 1794 228 1856 ergo
259 1795 348 1838 nunc
380 1775 502 1838 nostris
534 1773 729 1837 adversariis
756 1774 1006 1856 respondemus,
1040 1775 1127 1856 quod
1179 1782 1420 1858 contemptores
1454 1783 1487 1840 et
1514 1777 1726 1841 adversarios.
1776 1775 1844 1838 Nos
1872 1794 1950 1838 voro
1973 1772 2052 1837 adeo
2084 1773 2157 1837 illos

101 1874 106 1879 ⁴
147 1892 229 1950 tuno
265 1885 451 1949 Donatistis
485 1885 708 1968 Augustinus:
727 1885 753 1968 ¹)
791 1886 974 1950 Dominum
1011 1895 1126 1951 contra
1152 1894 1154 1901 '
1179 1907 1245 1949 non
1275 1888 1530 1966 contemnimus,
1559 1898 1597 1952 ut
1624 1888 1652 1952 si
1674 1887 1708 1950 id
1735 1885 1916 1969 praesentis
1938 1885 2084 1949 instituti
2106 1905 2157 1948 es·

146 1996 228 2061 istos
260 1997 490 2061 mirabiliarios
523 2005 635 2061 cantos
662 2016 722 2059 nos
750 1997 879 2075 fecisse,
907 2017 1010 2078 quum
1031 2019 1125 2081 prae·
1179 2005 1237 2075 set,
1261 1998 1351 2062 nullo
1374 2000 1505 2082 negotio
1526 1999 1610 2063 mihi
1633 1999 1730 2064 liceat
1755 1997 1923 2062 meliorem
1946 2017 2058 2061 eorimr
2081 2016 2156 2078 par·

146 2107 233 2172 dixit
254 2107 390 2191 (Matth.
409 2112 459 2185 24,
479 2107 535 2190 24)
558 2115 715 2172 venturos
736 2109 1045 2192 pseudoprophetas,
1068 2111 1124 2192 qui
1178 2122 1245 2172 tem
1273 2131 1355 2192 quae
1383 2111 1481 2175 hodie
1508 2131 1527 2174 a
1554 2111 1648 2174 nobis
1672 2109 1843 2187 dicuntur,
1873 2110 2019 2192 ipsorum
2040 2108 2157 2172 suffra·

145 2219 251 2303 signis
272 2220 464 2302 ingentibus
486 2229 520 2284 et
544 2219 703 2303 prodigiis
716 2220 745 2303 ²)
772 2222 808 2283 in
830 2242 973 2285 errorem
995 2222 1123 2300 electos,
1178 2222 1241 2302 giis
1263 2222 1481 2304 comprobare.
1523 2221 1580 2287 Sic
1601 2229 1713 2285 tamen
1736 2222 1772 2284 in
1794 2241 1907 2298 corum
1930 2220 2060 2304 scriptis
2083 2239 2155 2282 vers

146 2332 177 2395 si
199 2332 269 2396 fieri
291 2338 410 2415 posset,
432 2330 600 2396 inducant.
641 2332 687 2394 Et
707 2331 833 2396 Paulus
855 2332 889 2416 (2
905 2332 1018 2397 Thess.
1038 2338 1067 2412 2,
1090 2333 1124 2418 9)
1177 2354 1297 2410 samur,
1321 2341 1359 2396 ut
1380 2354 1509 2415 semper
1529 2332 1788 2409 meminerimus,
1811 2333 1921 2394 omnia
1943 2342 2057 2396 nostra
2074 2351 2155 2408 csse,

148 2441 334 2520 admonuit,
369 2443 556 2507 antichristi
584 2464 724 2526 regnum
753 2446 902 2508 futurum
931 2465 1006 2509 cum
1034 2445 1124 2508 omni
1177 2465 1260 2526 quae
1287 2444 1382 2509 nobis
1410 2445 1573 2522 serviant,
1601 2465 1670 2507 non
1698 2443 1924 2520 dominentur;
1959 2464 2018 2506 nos
2045 2451 2155 2506 autem

145 2554 293 2636 potentia
315 2563 350 2618 et
370 2555 474 2637 signis
497 2563 530 2619 et
551 2554 711 2638 prodigiis
728 2555 948 2620 mendacibus.
979 2558 1027 2621 At.
1043 2557 1124 2624 haec
1177 2558 1276 2622 unius
1304 2556 1431 2621 Christi
1459 2557 1490 2641 (1
1513 2556 1587 2621 (lor.
1608 2560 1636 2634 3,
1657 2553 1731 2639 21),
1760 2541 1819 2619 cui¹
1843 2574 1902 2635 per
1929 2555 2055 2630 omnia,
2085 2554 2155 2618 sino

145 2665 316 2747 inquiunt,
345 2665 505 2730 miracula
532 2687 600 2728 non
622 2666 663 2730 ab
684 2667 794 2743 idolis,
825 2688 894 2731 non
915 2688 935 2731 a
956 2669 1122 2749 maleficis,
1178 2670 1379 2752 exceptione,
1402 2668 1585 2752 parendum
1607 2667 1658 2733 sit.
1703 2666 1804 2730 Hunc
1827 2664 1988 2728 delectum
2010 2666 2065 2746 qui
2088 2687 2155 2727 non

145 2796 216 2841 non
236 2798 257 2841 a
277 2777 585 2861 pseudoprophetis,
615 2778 672 2841 sed
694 2799 713 2841 a
735 2780 857 2844 sanctis
879 2780 973 2843 fiunt.
1020 2779 1124 2861 Quasi
1177 2787 1279 2857 tenet,
1302 2781 1389 2844 nihil
1412 2782 1448 2844 in
1468 2780 1625 2862 religione
1648 2777 1862 2845 constitutum
1880 2775 2029 2854 habehit3
2052 2796 2155 2857 quan-

145 2909 228 2952 vero
246 2908 313 2952 non
328 2889 518 2953 noverimus
538 2888 622 2953 hanc
645 2911 715 2954 esse
731 2897 865 2954 satanae
883 2901 996 2970 artem,
1016 2901 1124 2958 trans·
1178 2891 1218 2955 do
1245 2893 1351 2956 multa
1372 2894 1568 2976 ignorarunt
1594 2891 1700 2955 sancti
1723 2889 1771 2953 illi
1794 2889 1867 2965 viri,
1890 2908 1987 2970 saepe
2009 2887 2097 2950 inter
2121 2907 2156 2951 se

145 3000 292 3082 figurare
312 3020 346 3065 se
366 3001 402 3064 in
425 2998 580 3084 angelum
603 3001 685 3066 lucis
703 3002 737 3084 (2
757 3000 831 3066 Oor.
856 3006 904 3081 11,
926 3002 990 3086 14).
1033 3003 1124 3069 Olim
1177 3005 1414 3080 conflictantur,
1443 3002 1610 3066 interdum
1639 3001 1738 3065 etiam
1767 3021 1876 3065 secum
1903 2999 1967 3082 ipsi
1995 3006 2154 3081 pugnant.

144 3112 305 3196 Aegyptii
321 3112 487 3195 sepultum
505 3112 645 3195 apud⁴se
661 3113 836 3177 Ieremiam
855 3115 1022 3181 sacrificiis
1035 3117 1124 3181 aliis·
1177 3115 1253 3178 Non
1267 3116 1338 3180 sine
1355 3136 1461 3193 caiisa,
1484 3115 1648 3197 inquiunt,
1672 3135 1692 3177 a
1712 3111 1889 3178 Solomone
1908 3110 2020 3194 (Prov.
2034 3112 2084 3188 22,
2099 3111 2156 3193 28)

146 3244 210 3305 que
237 3221 358 3288 divinis
391 3222 570 3289 honoribus
604 3225 795 3307 prosequuti
824 3234 910 3290 sunt.
926 3227 955 3311 ⁸)
1005 3229 1125 3294 Nonne
1177 3227 1405 3305 admonemur,
1439 3248 1481 3290 ne
1502 3224 1786 3309 transgrediamur
1813 3223 1965 3304 antiquos
1986 3222 2154 3299 terminos,

145 3343 262 3399 sancto
284 3334 348 3399 Dei
376 3335 537 3418 propheta
564 3336 606 3400 ad
632 3335 852 3400 idololatriam
880 3338 1122 3404 abutebantur?
1177 3360 1258 3420 quos
1287 3346 1468 3422 posuerunt
1495 3347 1606 3421 patres
1633 3337 1747 3402 nostri.
1799 3335 1847 3398 At
1873 3354 1941 3397 uon
1964 3332 2077 3397 eadem
2105 3338 2156 3394 est
2214 3347 2220 3360 ‘

146 3454 314 3510 ettamen
342 3446 400 3510 tali
427 3447 568 3529 sepulcri
596 3449 807 3512 veneratione
833 3451 1122 3534 consequebantur,
1178 3451 1292 3535 regula
1326 3452 1363 3515 in
1395 3471 1548 3535 agrorum
1587 3450 1749 3514 limitibus
1781 3455 1815 3511 ct
1848 3443 2032 3510 obedientia
2064 3441 2155 3521 fideig

146 3566 186 3621 ut
207 3565 402 3623 curarentur
419 3581 439 3622 a
459 3567 551 3624 tactu
572 3567 771 3642 serpentum.
786 3561 814 3636 4)
847 3559 936 3641 Quid
954 3562 1122 3629 dicemus?
1177 3584 1275 3645 quam
1299 3563 1347 3628 sio
1376 3569 1598 3645 comparatam
1621 3580 1691 3625 esse
1711 3565 1856 3642 oportet,
1886 3566 1923 3619 nt
1945 3554 2156 3618 obliviscatur

99 3706 104 3713 ·
146 3670 213 3752 nisi
239 3670 339 3735 firisse
367 3671 467 3749 hanc,
502 3692 694 3754 semperque
720 3672 789 3735 fore
816 3673 1032 3738 iustissimam
1059 3676 1125 3740 Dei
1176 3675 1336 3756 populum
1358 3696 1455 3739 suum
1477 3683 1510 3738 et
1532 3672 1665 3737 domum
1685 3670 1791 3752 patris
1814 3668 1865 3732 sni
1890 3665 1992 3751 (Psal.
2017 3670 2068 3742 45,
2091 3664 2154 3748 11).

145 3780 344 3861 vindictam,
372 3783 414 3847 iis
442 3783 498 3865 qui
526 3782 734 3848 dilectionem
761 3784 910 3850 veritatis
939 3806 1008 3849 non
1035 3808 1125 3853 rece-
1178 3785 1276 3865 Quod
1302 3787 1330 3850 si
1365 3793 1534 3867 tantopere
1563 3783 1709 3866 gestiunt
1742 3779 1964 3863 ἀλληγορίζειν,
1997 3799 2056 3842 cur
2087 3797 2155 3840 non

144 3905 277 3976 penint,
297 3895 428 3959 mittere
446 3894 624 3959 efficaciam
642 3893 814 3971 illusionis,
834 3905 872 3959 ut
882 3897 1019 3962 credant
1030 3921 1124 3964 men·
1177 3898 1338 3980 apostolos
1366 3899 1489 3981 potius,
1517 3915 1616 3978 quam
1644 3892 1725 3957 ahos
1751 3892 1884 3973 quosvis
1915 3898 2025 3973 patres
2052 3890 2155 3954 inter-

146 4005 263 4071 dacio?
287 4005 322 4090 (2
341 4006 454 4070 Thess.
475 4009 504 4085 2,
527 4011 566 4069 10
585 4016 619 4069 et
638 4004 701 4089 11).
746 4006 909 4073 surana
930 4030 1008 4093 ergo
1030 4010 1124 4075 nobis
1176 4017 1363 4091 metantur,
1393 4031 1413 4072 a
1432 4008 1549 4091 quibus
1570 4004 1789 4088 praescriptos
1817 4003 1975 4067 terminos
1997 4001 2089 4066 nefas
2111 4000 2154 4064 sit

142 4118 284 4182 minime
313 4117 445 4195 desunt,
482 4138 583 4199 eaque
611 4125 701 4181 certa
727 4138 788 4183 nec
820 4120 947 4184 cavillis
973 4120 1122 4186 obnoxia.
1176 4120 1356 4185 revellere?
1386 4121 1432 4186 sio
1459 4119 1549 4184 enim
1576 4119 1813 4198 interpretatus
1840 4122 1890 4179 est
1916 4113 2151 4196 Hieronymus,

143 4226 242 4309 Quae
264 4237 374 4294 autern
394 4228 443 4292 illi
466 4249 527 4311 pro
549 4250 584 4293 se
611 4228 808 4308 obtendunt,
836 4252 945 4296 merae
960 4243 1046 4297 sunt
1072 4255 1124 4297 sa-
1177 4233 1270 4297 cuius
1292 4231 1393 4297 verba
1413 4233 1448 4294 in
1472 4251 1547 4295 suos
1569 4248 1710 4295 canones
1732 4226 1925 4291 retulerunt.

143 4329 245 4405 tanae
266 4339 447 4417 illusiones,
479 4339 609 4422 quando
632 4361 651 4402 a
675 4360 753 4404 vero
775 4342 840 4407 Dei
868 4343 919 4407 sui
946 4345 1051 4422 cultu,
1082 4345 1124 4409 ad
1263 4342 1361 4424 Quod
1381 4344 1409 4408 si
1431 4362 1553 4419 eorum,
1577 4360 1658 4423 quos
1680 4338 1879 4421 intelligunt,
1902 4340 1986 4402 fixos
2005 4355 2075 4399 osse
2092 4352 2150 4397 vo·

143 4452 330 4517 vanitatem
350 4451 509 4535 populum
531 4451 706 4516 abducunt.
1176 4454 1251 4518 lunt
1273 4455 1445 4532 terminos,
1468 4475 1527 4519 cur
1549 4453 1626 4536 ipsi,
1648 4449 1889 4534 quotieslibet,
1913 4447 1992 4511 adeo
2014 4446 2152 4509 licenter

235 4563 410 4628 Praeterea
443 4563 643 4629 calumniose
676 4563 770 4628 nobis
809 4572 920 4648 patres
953 4577 1125 4651 opponunt
1176 4564 1486 4650 transgrediuntur?
1515 4565 1570 4628 Ex
1587 4564 1736 4648 patribus
1754 4570 1856 4639 erant,
1875 4579 2013 4642 quorum
2031 4556 2114 4619 alter
2127 4541 2186 4639 ¹)'

145 4674 316 4759 (antiquos
336 4682 371 4739 et
391 4675 536 4740 melioris
559 4675 666 4740 adhuc
688 4675 808 4763 saeculi
830 4679 1004 4761 scriptores
1026 4680 1124 4745 intel·
1177 4677 1277 4755 dixit,
1300 4677 1411 4742 Deum
1433 4683 1582 4741 nostrum
1605 4696 1673 4739 non
1696 4674 1791 4738 edere
1818 4692 1923 4753 neque
1944 4668 2068 4747 bibere,
2090 4667 2153 4731 ita·

144 4786 228 4870 ligo)
256 4806 294 4850 ac
321 4787 349 4851 si
377 4807 432 4851 eos
458 4787 619 4851 haberent
650 4808 727 4851 suae
756 4787 936 4871 impietatis
963 4791 1124 4875 suffraga·
1176 4810 1238 4871 que
1261 4810 1329 4853 non
1349 4789 1470 4853 habere
1492 4809 1574 4870 opus
1596 4785 1750 4852 calicibus
1770 4803 1874 4865 neque
1892 4780 1989 4845 discis
1996 4803 2003 4859 ;
2026 4778 2110 4843 alter
2122 4781 2152 4863 2)

175 4966 179 4973 .
1176 4922 1269 4966 sacra
1290 4922 1408 4964 aurum
1430 4919 1498 4962 non
1517 4919 1682 4980 quaerere,
1705 4916 1810 4977 neque
1827 4914 1906 4957 atrro
1923 4892 2052 4976 placere
2070 4911 2152 4973 quae

217 4991 246 5060 1)
268 4993 302 5046 Ιιι
319 4992 449 5046 Ioannem
471 4997 579 5046 tractat
597 4992 640 5059 13,
659 4991 700 5046 17.
795 4983 833 5062 2)
849 4994 933 5064 signis
950 4997 1123 5050 mendacibus

1177 5067 1332 5074 ——.-
1340 5067 1380 5073 ---

145 5078 286 5147 variisque
304 5078 435 5147 prodigiis
454 5076 523 5132 1543
536 5092 607 5147 seqq.
659 5077 689 5146 3)
706 5079 817 5132 Hieron.
836 5081 864 5133 in
882 5081 965 5149 praef.
979 5083 1014 5134 ad
1025 5084 1122 5135 Ierem.

143 5163 178 5233 4)
200 5171 232 5216 ut
254 5165 421 5219 curationem
445 5182 461 5217 a
484 5171 558 5218 tactu
581 5173 737 5233 serpentum
765 5172 895 5234 putarent
920 5166 1019 5220 iustam
1047 5168 1122 5220 illius
1199 5198 1203 5217 ι
1245 5165 1274 5234 1)
1291 5165 1423 5218 hebetius
1439 5165 1467 5216 in
1485 5164 1531 5216 lib.
1551 5161 1591 5214 ll.
1610 5176 1631 5213 e.
1645 5160 1686 5213 16.
1704 5159 1810 5227 tripart.
1829 5158 1924 5211 histor.
1976 5156 2006 5223 2)
2024 5157 2150 5210 Ambros.
2180 5198 2184 5206 .

140 5250 301 5305 'mercedem
318 5266 377 5304 esse
395 5249 469 5304 1559.
721 5274 724 5279 ·
1175 5252 1220 5330 lib.
1239 5250 1264 5304 2.
1283 5251 1317 5305 de
1335 5251 1403 5305 offic.
1423 5267 1444 5303 c.
1463 5247 1504 5303 28.
