4770 6030
179 384 242 446 65⁷
351 429 355 439 .
726 375 826 443 ΟΑΡ.
849 377 947 443 VIH.
968 376 1058 460 (IV.)
1102 372 1316 441 SYMBOLI
1337 374 1635 442 EXPLIOATIO.
2118 379 2182 444 658

179 494 292 560 32283
311 490 414 544 0229.

180 567 277 632 Item:
297 567 328 629 si
349 474 522 646 scriituras
543 569 720 629 amedera
741 563 880 646 exempla
897 565 1060 641 intuemur,
1081 563 1152 644 quis
1204 561 1243 625 ab
1264 562 1365 626 eodem
1385 562 1575 643 admonitus,
1596 567 1631 628 ut
1651 583 1721 628 cum
1744 563 1861 629 Ioanne
1882 565 2021 647 episcopo
2042 569 2181 632 mmm

179 652 299 732 estqui
320 650 443 727 obruat
465 651 500 714 in
521 671 617 715 causa
634 650 716 732 delei,
739 651 774 713 in
794 670 899 729 causa,
921 650 1058 730 iniquam,
1078 647 1153 728 fidei
1203 647 1401 729 tinopolitano
1427 648 1542 714 rediret
1560 650 1595 712 in
1613 651 1764 732 qratiam,
1797 651 1946 714 rationem
1967 651 2091 731 quidem
2112 651 2181 716 red·

179 740 335 819 mineopos
356 738 453 802 solere
472 736 510 800 de
535 735 772 817 imperatoribus
797 735 993 814 elmsrmnts,
1015 755 1075 800 non
1096 733 1153 797 im-
1204 732 1259 811 dit,
1281 753 1337 797 cur
1357 753 1418 797 non
1438 733 1542 799 debeat
1562 734 1701 816 culpari,
1723 741 1903 800 nontamen
1922 736 1986 817 fori
2007 736 2180 802 saecularis

173 829 335 906 peratores
354 824 391 887 de
412 822 563 903 episcopis
579 821 748 906 iudicare?
790 820 885 886 Item:
912 821 1074 898 venissem,
1095 820 1153 882 inu
1204 818 1429 884 immunitatem
1455 820 1564 898 iactal‚·
1592 821 1668 901 quin
1688 822 1797 902 potius
1821 842 1854 886 se
1881 820 2085 903 obsequentem
2112 823 2180 904 fore

175 913 309 992 pacior,
331 909 374 972 ad
395 908 610 973 conustorium
629 911 726 986 tuum,
751 907 782 971 si
802 927 850 971 me
872 906 917 971 uel
938 905 1086 988 episcopi,
1107 896 1153 968 nel
1199 904 1366 984 prmnittit,
1388 905 1491 985 amad
1511 904 1609 970 licebit
1623 927 1685 986 per
1705 908 1934 987 wuscurdiam;
1962 913 1989 972 et
2010 908 2106 972 simul
2126 907 2180 972 boc

176 994 313 1077 populum
333 995 381 1058 ire
394 1012 515 1075 possus
534 993 626 1073 toret,-
647 993 790 1071 dicentes,
813 1011 941 1056 causam
959 991 1033 1072 fidei
1054 990 1089 1054 in
1109 1009 1153 1054 ea
1204 989 1280 1053 dicit
1309 990 1417 1070 fuisse
1449 989 1655 1069 Mauritium,
1688 993 1769 1072 quod
1796 992 1976 1075 rplipiosum
2005 994 2180 1077 principem

180 1081 282 1158 clesia,
304 1100 407 1145 coram
423 1078 539 1160 populo
559 1078 663 1143 debere
683 1077 819 1142 tractari.
854 1075 1010 1142 Contendit
1030 1075 1153 1156 quidm
1203 1075 1325 1153 deceret,
1347 1096 1445 1157 quum
1465 1076 1544 1142 tolia
1564 1077 1771 1142 sacerdotibus
1786 1084 1995 1160 praeceperat.
2008 1067 2033 1163 ¹)

180 1165 376 1248 spiritualem
396 1184 532 1242 eausam,
555 1163 609 1227 boc
630 1169 681 1242 est,
699 1163 866 1246 relipionis,
888 1163 930 1226 ad
946 1161 1034 1226 ciuile
1049 1161 1154 1242 forum
1293 1164 1362 1226 184.
1408 1160 1588 1243 Disciplina
1614 1163 1768 1243 masiae,
1796 1165 1886 1229 cuius
1912 1165 2119 1230 nadalionem
2144 1164 2180 1231 in

181 1273 241 1315 non
260 1272 325 1316 esse
343 1250 534 1327 trahendam,
556 1248 611 1312 ubi
625 1249 779 1332 profanae
800 1248 1018 1313 monocersioe
1034 1247 1154 1330 apitan-
1204 1244 1284 1310 buno
1309 1266 1406 1328 usque
1435 1247 1533 1312 ῑααανα
1561 1248 1755 1327 distulimus,
1779 1252 1895 1332 paucis
1916 1250 2103 1331 munuca
2124 1254 2178 1330 est,

180 1344 240 1401 tur.
272 1336 387 1402 Merito
407 1337 442 1399 in
461 1335 518 1399 bac
538 1356 573 1399 re
589 1336 656 1398 eius
676 1335 877 1400 condartiam
895 1333 1025 1398 laudant
1041 1352 1152 1397 ornnes.
1204 1335 1238 1396 ut
1258 1330 1426 1412 dunanda
1448 1333 1491 1397 ad
1511 1333 1632 1414 reliqua
1649 1339 1851 1401 transeamus.
1884 1334 1937 1399 Ea
1955 1341 2055 1400 andem
2076 1336 2178 1401 maei-

182 1423 226 1487 Er
243 1428 344 1488 tamen
361 1424 397 1486 in
420 1421 497 1485 bona
513 1440 609 1485 cansa
626 1441 659 1484 eo
674 1440 771 1500 usque
781 1419 989 1502 propreditur,
1008 1423 1043 1482 ut
1063 1419 1094 1482 si
1111 1418 1153 1482 ad
1204 1437 1257 1481 rna
1285 1437 1322 1482 ec
1345 1423 1438 1500 parte
1465 1440 1486 1483 a
1506 1422 1652 1500 potestate
1678 1419 1813 1485 daoinm
1839 1425 1866 1485 et
1894 1420 2055 1502 spiritmi
2081 1422 2180 1488 iuris·

180 1511 246 1573 min
267 1513 294 1573 et
315 1528 443 1572 manum
463 1512 585 1572 uentum
603 1506 713 1587 fuerit,
736 1525 893 1570 cessurum
913 1526 947 1569 se
965 1504 1055 1568 dicat.
1096 1502 1154 1568 Vo-
1204 1503 1333 1567 dictione
1356 1504 1477 1584 pendet.
1524 1505 1612 1586 Quod
1631 1511 1666 1568 ut
1685 1504 1813 1585 facilius
1834 1506 2035 1589 mtetlipatur,
2057 1507 2180 1573 diuida-

61 1672 64 1677 ae
182 1595 261 1672 lens,
288 1594 397 1675 inquit,
412 1591 436 1676 ¹)
463 1593 562 1657 locum
587 1590 666 1655 nubi
692 1591 887 1656 mnunissum
912 1610 973 1654 reon
997 1591 1153 1668 descram,·
1203 1608 1275 1652 mus
1295 1588 1450 1653 eeclesiam
1471 1590 1604 1656 induas
1624 1591 1749 1656 ordines
1808 1593 1967 1673 aeeipuos:
1987 1592 2101 1657 mrum
2118 1593 2178 1659 soi-

183 1685 301 1744 eoactus
321 1699 495 1762 repnpnare
514 1697 575 1741 non
595 1677 681 1742 novi:
709 1697 800 1740 arma
822 1676 904 1740 enim
924 1680 1030 1740 nostra
1046 1695 1153 1757 preces
1204 1674 1272 1738 licet
1296 1679 1324 1738 et
1344 1673 1471 1757 plebem
1516 1674 1650 1741 Glorieos
1676 1697 1698 1740 a
1822 1678 1935 1742 astato
1962 1680 2097 1758 nominee,
2124 1679 2180 1760 qui

181 1771 254 1829 sunit
278 1769 305 1829 et
333 1765 495 1847 maurane.
542 1761 739 1827 Obseroemus
766 1761 957 1845 sinpnlarem
982 1762 1081 1825 sancti
1102 1760 1154 1826 lco-
1200 1759 1324 1841 publico
1355 1761 1526 1826 ministerio
1558 1762 1591 1826 in
1618 1761 1741 1826 codem
1770 1762 1952 1846 funpuritur.
2002 1764 2180 1845 Loquemur

182 1852 278 1915 mitris
297 1849 532 1916 moderationem
553 1869 590 1912 ao
600 1847 809 1929 prudentiam,
832 1867 902 1912 cum
918 1847 1018 1911 animi
1036 1847 1154 1929 mapni-
1199 1846 1343 1926 primmn
1364 1846 1401 1910 de
1422 1847 1574 1911 cammmni
1594 1847 1773 1930 disciplina,
1796 1849 1848 1913 cnei
1868 1848 1990 1914 subesse
2006 1869 2108 1913 munes
2129 1849 2178 1916 dc-

182 1938 288 2001 tudine
324 1935 500 2016 fiduciaque
539 1935 738 1997 coniunctam.
793 1930 920 1998 Iustina
957 1933 1154 2015 imperatoris
1204 1929 1286 2011 bent,
1320 1931 1428 1997 deinde
1455 1933 1610 1997 veniemus
1636 1934 1679 1999 ad
1704 1933 1832 2014 clerum
1864 1936 1919 2016 qui
1940 1939 2066 2015 praeter
2090 1935 2179 2000 dum

182 2029 297 2100 mictu,
319 2023 395 2102 qnia
415 2021 449 2082 in
464 2024 573 2101 partes
594 2017 790 2082 Arianarum
804 2019 984 2100 pertrahere
1004 2039 1074 2083 eum
1094 2037 1154 2082 nan
1205 2036 1393 2082 mmmunem
1412 2037 1504 2082 snam
1519 2018 1687 2100 propriam
1708 2017 1803 2100 babet.
1850 2018 1911 2085 Sed
1930 2020 2007 2101 quia
2028 2019 2177 2100 nmnalli,

177 2112 312 2189 pote-rat,
340 2104 487 2187 erpellere
512 2104 550 2168 ab
571 2104 711 2170 eulaiae
733 2103 947 2186 pubcrnatiom
965 2103 1154 2170 mdiebatur.
1205 2102 1241 2166 in
1261 2102 1368 2167 odium
1384 2103 1577 2186 disciplinae,
1596 2102 1634 2168 ab
1650 2105 1721 2186 ipso
1737 2125 1855 2187 qnoque
1873 2107 1995 2170 nomine
2011 2105 2179 2186 abhorrent,-

183 2193 286 2274 Ataue
306 2194 341 2258 id
359 2192 503 2275 futurum
522 2195 596 2269 erat
618 2191 648 2254 si
669 2190 702 2254 in
718 2188 875 2270 palatium
896 2190 939 2255 cd
959 2209 1087 2255 causam
1108 2188 1155 2253 di·
1205 2187 1239 2251 bi
1259 2188 1305 2252 sic
1325 2187 1471 2254 babmnt:
1501 2188 1652 2254 sinulla
1683 2191 1821 2270 societas,
1854 2192 1917 2256 imo
1937 2192 2033 2257 nulla
2060 2191 2178 2271 domm,

183 2279 310 2344 cendam
337 2283 461 2341 namtas
496 2277 633 2340 oenuset.
684 2275 785 2358 Nepet
815 2276 912 2357 ipitur
942 2276 1155 2357 imperatorem
1206 2293 1284 2354 quae
1304 2273 1351 2337 oet
1371 2274 1521 2338 moduom
1545 2273 1705 2356 familiam
1725 2275 1848 2356 labem,
1877 2278 2024 2342 contineri
2044 2278 2079 2341 in
2100 2281 2178 2343 recto

183 2365 326 2429 motuum
347 2383 411 2427 esse
432 2362 609 2445 capnitorem
629 2365 732 2425 tantae
753 2361 978 2426 controuersiae.
1012 2360 1055 2426 Id
1075 2359 1156 2442 quod
1205 2363 1289 2423 statu
1309 2359 1377 2423 sine
1397 2358 1564 2442 disciplina
1578 2364 1694 2442 potest,
1716 2380 1784 2426 mm
1805 2382 1870 2426 esse
1890 2362 1985 2428 multo
2006 2364 2107 2445 mapis
2128 2383 2178 2428 ne

183 2455 211 2514 et
235 2450 325 2514 illius
350 2448 493 2530 temporis
520 2447 683 2513 necusitas
698 2445 891 2529 postulabat,
921 2448 1044 2529 etipsa,
1063 2448 1156 2519 mam
1206 2444 1375 2510 cessariam
1395 2447 1431 2508 in
1449 2445 1588 2524 melasio,
1615 2447 1706 2510 cuius
1725 2451 1840 2511 statum
1867 2468 1960 2528 quam
1982 2448 2178 2514 ordinatissi

177 2541 329 2616 perpetua
349 2536 396 2599 roi
416 2538 539 2597 reaturo.
584 2531 782 2597 Μαήανάαννν
801 2533 883 2596 enim
904 2531 965 2595 sibi
979 2533 1088 2614 potins
1107 2532 1156 2595 iu-
1207 2549 1294 2594 mum
1310 2549 1376 2594 esse
1392 2531 1479 2596 decet.
1507 2530 1653 2610 Proinde,
1671 2533 2076 2615 quenadmodumsaloifica
2089 2532 2179 2599 Clui-

183 2621 317 2699 dicabat,
346 2640 439 2702 quom
467 2625 501 2683 ut
527 2618 588 2683 tale
608 2617 779 2698 enunplum
801 2617 843 2681 ad
862 2622 1015 2698 posteros,
1037 2638 1070 2682 se
1090 2636 1156 2682 con·
1207 2617 1249 2681 sti
1276 2615 1415 2680 doctrina
1448 2617 1556 2681 onmia
1580 2621 1624 2681 est
1656 2617 1810 2697 aetesiae,
1842 2619 1890 2683 ita
1915 2618 1983 2684 illic
2008 2618 2179 2701 disciplnia

183 2709 334 2786 sentiente,
356 2706 627 2782 transmitteretur,
648 2708 676 2767 et
696 2708 798 2767 tomen
818 2703 848 2766 si
869 2703 919 2767 uis
938 2703 1099 2784 afferatur,
1119 2703 1157 2767 de
1201 2721 1263 2783 pro
1284 2702 1387 2766 nervis
1408 2707 1468 2766 ast:
1489 2722 1552 2783 qua
1570 2703 1622 2783 fit,
1642 2706 1678 2766 ut
1697 2703 1832 2768 murdro
1853 2723 1904 2769 eor
1965 2705 1971 2716 '
2009 2724 2065 2769 sno
2085 2703 2180 2784 quod

184 2794 349 2857 resistendo
370 2812 430 2855 nori
452 2791 568 2874 capital.
614 2788 716 2872 Nepet
736 2788 817 2853 enim
840 2789 875 2852 id
895 2788 1064 2870 episcopale
1082 2807 1155 2866 asse,
1208 2807 1266 2867 que
1291 2786 1353 2851 loeo
1378 2788 1458 2852 irater
1481 2807 1514 2852 se
1542 2787 1727 2854 mbameant.
1780 2724 1988 2871 decanum
2007 2789 2179 2870 annuaque

181 2879 274 2959 tidem
291 2884 322 2942 et
349 2877 491 2941 eeclesiae
516 2877 569 2940 ias
588 2876 686 2939 armis
710 2875 799 2938 tueri.
845 2871 1004 2939 Caeterum
1026 2874 1060 2938 in
1082 2873 1157 2938 aliis
1207 2871 1254 2936 uel
1274 2872 1428 2937 sublatam
1453 2873 1653 2958 disciplinam
1676 2875 1817 2956 cupiunt,
1845 2875 1891 2940 vel
1911 2876 1979 2940 eius
2007 2875 2181 2957 impediunt

185 2964 289 3027 causis
311 2963 435 3042 ondens
456 2983 489 3027 se
508 2963 609 3043 saeue
624 2964 776 3042 paratum
798 2960 938 3038 ostendit,
960 2958 1041 3041 quod
1061 2960 1157 3023 insse
1207 2958 1433 3038 restitutionem,
1460 2960 1525 3024 sioe
1545 2960 1600 3025 looe
1618 2960 1739 3043 fmiam
1758 2961 1833 3025 data
1852 2981 1952 3042 opera,
1973 2961 2038 3026 sice
2052 2981 2112 3042 per
2132 2961 2181 3025 in·

184 3050 226 3112 rit
247 3048 423 3129 imperator.
461 3046 498 3112 Si
519 3047 666 3111 tributum
681 3046 768 3127 petit,
785 3066 847 3110 non
862 3065 1018 3128 nepamus,
1040 3045 1157 3125 manib
1208 3045 1418 3131 eopitantiam,
1456 3045 1598 3113 cedem
1636 3050 1713 3112 certe
1751 3052 1916 3112 eutrmtam
1947 3046 2181 3128 dissipationem

185 3134 256 3216 apri
284 3133 424 3198 eeclesiae
450 3133 597 3197 tributum
618 3131 745 3200 solvunt.
791 3130 829 3195 Si
851 3152 942 3214 apros
962 3132 1056 3213 petit,
1073 3135 1157 3212 pote
1207 3134 1367 3209 annuunt.
1414 3131 1497 3212 Quid
1517 3131 1600 3195 enim
1617 3132 1761 3214 futmm
1779 3138 1831 3210 est,
1848 3133 1883 3198 si
1904 3133 2071 3213 nanniano
2090 3131 2181 3198 liceat

185 3224 293 3284 statem
314 3218 401 3282 lcabel
422 3219 611 3297 eadmundi,
633 3237 719 3282 nenw
740 3221 878 3281 nostrum
898 3216 1068 3281 interuenit.
1114 3214 1157 3280 In
1208 3215 1288 3295 qnod
1309 3215 1455 3281 libuerit?
1483 3216 1582 3298 Alani
1603 3217 1639 3282 id
1656 3218 1750 3300 fieret,
1771 3219 1837 3284 nisi
1858 3218 1901 3283 ad
1921 3219 2077 3283 doctrinae
2087 3237 2182 3299 prae

184 3326 255 3371 euru
281 3305 405 3389 nudum
433 3304 569 3384 loquitur
595 3310 624 3368 et
653 3302 830 3386 Greporius.
875 3299 1088 3381 Sermissimi,
1110 3303 1158 3366 in·
1208 3299 1390 3366 dicationem
1411 3303 1583 3368 caederent
1603 3304 1749 3385 minatae
1769 3305 1961 3383 monitiones,
1986 3304 2181 3369 connectimus

184 3388 300 3475 puit,²)
321 3390 438 3454 domini
461 3391 601 3453 animum
622 3409 682 3454 nori
703 3389 817 3471 ienaro,
841 3388 922 3469 quod
942 3408 975 3453 se
996 3389 1031 3452 in
1052 3387 1158 3453 causis
1208 3386 1323 3451 etalio
1343 3389 1494 3452 eiusmodi
1515 3389 1720 3469 adminicula,
1742 3409 1822 3472 quae
1840 3390 2010 3455 manniam
2031 3389 2182 3454 sustinent
2249 3388 2250 3396 ’

185 3474 426 3540 sacerdotalibus
446 3476 572 3539 miscere
593 3475 654 3538 non
675 3475 782 3553 soleat,
805 3494 843 3538 ne
861 3475 977 3538 nostris
996 3475 1031 3537 in
1052 3473 1157 3556 aliquo
1208 3472 1390 3536 etotiasam
1415 3493 1566 3540 essenon
1592 3475 1708 3540 unani.
1754 3475 1936 3557 Disciplina
1962 3476 2060 3559 ipitur
2086 3472 2182 3538 vetuti

179 3562 315 3644 peccatis
339 3564 493 3643 praedor.
529 3560 611 3624 ,Non
635 3560 857 3642 peneralitera
882 3557 1088 3624 sacerdotibus
1109 3561 1158 3624 iu-
1206 3559 1352 3639 fraenum
1378 3563 1437 3638 est,
1460 3580 1519 3640 qno
1539 3561 1729 3626 retineantur
1760 3562 1967 3627 etdmnentcu
1993 3560 2047 3642 qui
2074 3560 2183 3625 adoer-

185 3648 330 3713 dicondis
349 3645 483 3711 excludit
509 3646 722 3726 imperatorem
728 3669 738 3724 ,·
765 3645 819 3711 sod
841 3650 937 3709 certas
958 3665 1072 3710 causas
1092 3665 1158 3712 esse
1208 3664 1265 3708 sus
1295 3641 1412 3709 Obristi
1438 3645 1610 3710 dodanam
1634 3647 1801 3728 suacium
1833 3647 1925 3711 oduti
1945 3646 2091 3711 stimulus
2122 3664 2182 3727 anto

186 3735 269 3812 dicit,
292 3752 372 3813 airas
392 3731 590 3796 ecclesiastico
612 3730 727 3795 iudicia
748 3732 926 3812 relinquere
939 3730 1050 3796 debeat.
1209 3729 1375 3794 emmam
1392 3750 1510 3811 parum
1531 3731 1716 3811 noluntarii;
1736 3733 1893 3798 interdum
1913 3733 2006 3796 dmm
2027 3731 2108 3796 uelut
2123 3751 2184 3812 pa-
2290 3794 2297 3805 ,

275 3823 343 3882 183.
388 3816 492 3897 Atque
513 3815 588 3880 adeo
608 3815 665 3879 bac
685 3817 756 3898 ipsa
777 3817 947 3899 acceptione
967 3815 1047 3881 nibil
1067 3816 1158 3882 aliud
1208 3820 1296 3879 terrm
1310 3815 1423 3896 ferula,
1440 3837 1503 3898 qua
1521 3817 1679 3883 dernenter
1694 3823 1796 3900 etpro
1812 3819 1945 3901 spiritus
1963 3817 2080 3883 Obristi
2097 3836 2184 3882 mart·

186 3906 382 3986 quaenerunt
401 3903 500 3967 sancti
520 3902 593 3980 viri,
614 3923 709 3983 quam
729 3923 768 3967 ne
781 3903 941 3986 prinupes
961 3903 1067 3968 minus
1086 3902 1158 3968 rebi-
1209 3901 1369 3965 sududine
1389 3903 1587 3985 costiperntur,
1619 3904 1674 3985 qui
1697 3904 1827 3986 pronius
1848 3904 1932 3985 lapsi
1953 3909 2033 3967 sunt.
2081 3904 2184 3984 Qum

183 3992 266 4073 piosi
291 3989 454 4072 tmannica
484 3987 626 4052 untedio
652 3992 680 4051 et
705 3987 832 4053 libidine
858 3988 1014 4053 eulesiam
1039 3990 1073 4053 in
1100 4008 1158 4053 suo
1209 4006 1277 4070 erpo
1304 3987 1371 4050 iam
1394 3988 1554 4053 imminere
1580 4008 1742 4054 cernamus
1767 3990 1862 4054 initia
1882 3989 2034 4070 quaedam
2059 3989 2184 4053 borren-
2311 4067 2313 4070 Ι

183 4073 725 4224 Ξναέιανααναναὲᾱααάαδααᾱνῖιραάνναα.
770 4074 877 4221 Neqiue
903 4075 985 4138 enim
997 4073 1158 4223 einrrtsproba-
1208 4071 1683 4226 cherilrgioecwdssmastitotss
1709 4097 1747 4174 eu
1767 4096 1800 4140 eo
1824 4074 2183 4225 quodmggdlalaffiano

183 4183 270 4329 itt
292 4181 328 4310 ii
350 4180 699 4323 iiius⁰eoueaocm
725 4245 813 4341 uoco
838 4164 1044 4310 midiae
1066 4180 1158 4312 iii
1209 4243 1308 4308 maa
1335 4263 1412 4324 opos
1440 4180 1512 4309 isse.
1541 4181 1909 4312 ²to⁰²⁰i0²'ii⁸“tli⁰i⁸u
1942 4179 2184 4311 ee⁶rmeitiit

183 4335 251 4398 siae
279 4331 398 4409 ordin-i,
420 4351 481 4395 nan
500 4329 664 4409 turbando,
687 4330 928 4410 disciplinaeque
947 4329 1157 4410 stabiliendae,
1209 4330 1290 4410 quad
1316 4334 1344 4394 et
1372 4327 1517 4395 Chritus
1536 4332 1705 4414 praecipit,
1734 4337 1761 4398 ct
1788 4352 1907 4414 semper
1927 4333 2076 4397 natatum
2104 4331 2184 4396 mter

186 4440 245 4482 reon
267 4416 492 4494 dissoluendae,
518 4415 683 4497 lrocfimet.
728 4415 937 4497 Numquam
963 4415 1089 4481 uclesia
1113 4437 1158 4481 aa
1204 4416 1278 4497 pios
1296 4415 1368 4497 fuit.
2057 4467 2059 4473 .

184 4505 277 4587 pendi
297 4523 357 4567 non
376 4501 484 4566 babeat
499 4506 685 4582 potestaten,
707 4521 801 4583 neque
818 4506 952 4582 expetere
972 4500 1083 4580 debeat,
1106 4503 1158 4585 (de
1299 4504 1368 4566 185.
1420 4500 1567 4565 Primum
1592 4501 1776 4584 disciplinae
1800 4503 2036 4584 fundamentum
2062 4507 2119 4579 est,
2148 4505 2184 4566 ut

186 4589 270 4655 ciuili
297 4589 472 4654 coercitione
496 4587 617 4673 aanor)
640 4588 770 4668 piarum
790 4606 896 4669 repum
917 4608 954 4651 ac
974 4587 1157 4669 principum
1204 4587 1349 4668 privatae
1364 4588 1544 4652 monitiones
1561 4587 1661 4652 ῑαααννν
1677 4588 1821 4654 babeam:
1842 4589 1896 4653 boc
1913 4594 1964 4668 est,
1983 4589 2012 4652 si
2029 4587 2100 4670 quis
2117 4587 2184 4670 offi-

178 4681 289 4758 partes
309 4679 389 4752 sunt,
412 4673 541 4756 lepibus,
563 4673 683 4751 edictis,
713 4672 841 4736 iudiciis
868 4672 1044 4755 relipianem
1064 4675 1159 4738 susti·
1210 4672 1293 4736 cium
1319 4679 1422 4755 monte
1449 4693 1509 4737 non
1534 4673 1646 4754 faciat,
1676 4679 1731 4738 aut
1756 4674 1918 4746 insolenter
1946 4695 1978 4738 se
1997 4678 2099 4757 perot,
2129 4677 2185 4739 act

186 4783 264 4827 nere.
308 4759 379 4825 Hac
402 4760 534 4837 ratione,
561 4780 657 4839 quum
685 4757 859 4822 mumius
886 4758 1053 4839 inperator
1079 4760 1159 4840 epis-
1210 4758 1315 4822 minus
1341 4759 1461 4825 honeste
1486 4759 1585 4838 unat,
1614 4764 1670 4823 aut
1695 4760 1818 4840 aliquid
1839 4760 2001 4824 Minnuit
2025 4758 2186 4841 repreben-

186 4849 269 4930 copis
290 4846 476 4929 quibusdam
497 4845 685 4923 mandasset,
708 4848 742 4907 ut
760 4844 876 4908 vicium
898 4843 1025 4927 collepas
1045 4865 1067 4908 a
1088 4843 1159 4908 bar·
1210 4843 1296 4908 sione
1316 4843 1453 4927 dipnnm
1474 4850 1510 4909 ut
1524 4846 1671 4925 patiatur
1686 4865 1719 4909 se
1735 4847 1869 4922 moneri;
1890 4850 1981 4926 atque
1999 4846 2184 4926 utquisque

186 4933 274 4998 baris
304 4932 448 5016 ecpulsos
475 4932 675 5012 intemperant,
708 4950 776 4994 eam
802 4930 971 4994 iussionem
1000 4930 1159 5010 mnfimnat
1208 4929 1338 5010 fratrem
1368 4951 1475 5009 mum,
1508 4930 1585 4994 dum
1614 4951 1665 4995 res
1691 4930 1875 5011 postulabit,
1908 4951 2027 4994 monuo
2053 4930 2182 4994 studeat.

190 5018 373 5108 Greporius,
406 5016 603 5098 mnaurqoo
629 5017 729 5099 ipsos,
755 5019 791 5079 ut
807 5020 949 5097 pareant.
994 5014 1069 5096 Ipse
1088 5035 1158 5080 cero
1213 5011 1402 5100 Praesertim
1429 5016 1554 5080 veroin
1574 5016 1629 5081 bac
1648 5016 1814 5099 adcipitent
1836 5019 1978 5097 pastores
2000 5036 2036 5080 aa
2057 5015 2184 5099 prestu-

1211 5156 1414 5164 .--.——..--

1280 5220 1310 5271 1i
1328 5219 1398 5273 vide
1415 5220 1475 5274 Lib.
1493 5220 1517 5274 1.
1535 5221 1613 5289 epist
1631 5219 1673 5274 48.
1706 5221 1765 5274 Lib.
1784 5219 1808 5273 4.
1828 5219 1906 5286 epist.
1924 5217 1960 5271 32
1971 5219 2050 5273 etse
2071 5222 2145 5275 ,Lis
2159 5219 2185 5274 7.

257 5293 286 5359 1)
304 5293 403 5344 Hamil.
422 5292 455 5343 de
473 5291 575 5343 basilis.
594 5290 741 5342 tradendis.
815 5288 847 5355 2)
864 5289 923 5343 Lib.
941 5289 967 5342 3.
985 5289 1063 5358 epist.
1081 5289 1123 5343 20.
1211 5289 1289 5358 epist.
1308 5289 1350 5344 39.

256 5376 367 5431 Golaim
379 5392 471 5445 opera.
510 5376 568 5430 Vol.
586 5376 612 5432 1.
1944 5369 1980 5422 42
