4770 6030
188 380 253 441 493
757 374 856 441 111.
880 376 940 441 v1.
964 375 1056 461 av.)
1100 323 1634 445 111111111111111111.
2133 388 2196 448 494

190 491 216 544 a
230 493 304 545 120·
321 491 344 543 1
360 492 433 559 ras,
452 489 555 544 cras.

190 532 347 630 adverius
374 477 627 631 calumniatrires
660 565 835 631 asserenda
862 572 913 631 cst
937 567 1075 645 veritas,
1110 567 1166 648 qui
1220 565 1492 648 interpretantur:
1517 587 1555 631 ac
1573 566 1600 630 si
1620 563 1783 646 Christus,
1802 567 1894 634 velut
1912 569 2020 653 sigillo
2039 571 2200 654 impressa

189 652 437 735 tergiversando
455 652 560 734 ipsam
579 652 724 716 eludunt.
755 651 853 732 Quod
870 651 966 715 hodie
988 652 1063 735 plus
1084 654 1165 717 satis
1221 672 1309 729 1111,
1340 652 1444 734 patris
1473 651 1689 716 substantiam
1718 652 1754 716 in
1776 675 1811 718 se
1833 663 2108 736 repraesentarct3
2142 657 2200 723 sed

190 739 392 820 experimur,
421 738 538 820 quibus
565 738 742 819 plurimum
765 745 815 802 est
835 738 960 820 negotii
981 739 1017 801 in
1039 759 1165 821 expug-
1219 738 1327 818 potius
1360 737 1395 801 id
1421 738 1564 804 voluisse
1592 736 1698 802 dicere
1727 739 1881 820 epistolae
1910 748 2059 806 autorem
2086 745 2199 808 existi·

189 823 308 889 nandis
334 824 484 888 veritatis
512 824 673 889 hostibus:
704 823 784 888 adeo
813 823 941 904 obliquo
969 830 1003 887 et
1028 823 1166 888 volubili
1218 844 1281 900 me,
1304 829 1442 905 patrem,
1465 824 1616 905 quamvis
1636 845 1696 896 sua
1712 825 1912 907 proprietate
1931 826 2132 908 distinctum,
2152 830 2199 895 sic

189 912 278 975 flexu
300 909 418 975 lubrici
439 910 494 974 isti
518 931 641 992 angues
664 910 836 993 effugiunt,
859 909 923 972 nisi
945 908 1072 973 fortiter
1090 930 1165 993 prc-
1220 907 1331 973 tamen
1353 930 1388 974 11
1410 915 1517 973 totum
1538 910 1573 973 in
1595 910 1662 973 filio
1685 912 1894 993 expressisse,
1918 920 1957 976 ut
1977 914 2050 996 ipsa
2071 936 2199 997 quoque

189 1005 332 1074 mantur,
354 1005 387 1060 11
409 995 605 1078 deprehensi
624 1003 815 1078 urgeantur.
846 993 902 1060 Sic
920 1002 1047 1059 veteres
1065 995 1165 1059 variis
1218 993 1308 1058 illius
1330 994 1516 1080 hypostasis
1537 995 1574 1059 in
1596 995 1658 1060 hoc
1679 997 1865 1080 refulgeret.
1887 996 2069 1081 ¹Siquidem
2086 1008 2120 1064 et
2136 1002 2199 1065 im·

189 1103 369 1164 pravorum
391 1081 835 1165 dogmatum—certaminibus
858 1081 1031 1164 exagitati,
1062 1081 1165 1146 coacti
1218 1080 1350 1162 proprio
1373 1080 1536 1146 diceretur
1557 1081 1718 1146 essentiae
1745 1089 1902 1167 paternae
1930 1085 2114 1165 character,
2142 1087 2199 1168 qui

190 1177 268 1233 sunt
300 1168 463 1250 exquisita
490 1168 721 1251 perspicuitate
751 1167 929 1232 edisserere
957 1165 1037 1248 quid
1065 1164 1166 1231 senti·
1219 1172 1322 1229 tetam
1344 1167 1408 1231 Dei
1436 1167 1611 1232 essentiam
1639 1169 1675 1231 in
1701 1190 1736 1233 se
1766 1171 1925 1249 eontinet,
1954 1192 2029 1235 nen
2050 1173 2199 1255 portione

190 1262 278 1333 rent,
313 1276 356 1318 ne
389 1254 520 1336 obliqua
553 1254 758 1337 subterfugia
789 1253 900 1336 impiis
933 1252 1164 1334 relinquerent,
1219 1258 1276 1315 aut
1299 1251 1443 1332 defluxu,
1467 1251 1524 1317 sod
1547 1253 1677 1336 integra
1698 1255 1905 1336 perfectione.

190 1340 307 1421 quibus
330 1341 504 1404 verborum
534 1340 703 1405 involucra
721 1360 869 1403 errorum
892 1345 986 1402 erant
1010 1337 1164 1404 latebrae.
1307 1341 1357 1403 24.
1403 1338 1518 1421 Neque
1540 1361 1618 1404 vere
1641 1348 1710 1403 tam
1731 1341 1880 1424 praecisa
1901 1364 1975 1407 sum
1999 1345 2197 1422 austeritate,

191 1426 293 1490 Arius
326 1426 490 1490 fatebatm·
523 1425 695 1490 Christum
726 1425 850 1503 Deum,
885 1431 919 1487 et
949 1423 1056 1487 filium
1086 1424 1164 1489 Dei:
1219 1430 1257 1487 ut
1279 1423 1319 1488 eb
1342 1423 1447 1488 nudas
1471 1424 1604 1490 voculas
1626 1425 1801 1508 digladiari
1819 1429 2008 1492 sustineam.
2037 1429 2198 1494 Animad-

190 1512 267 1594 quia
296 1512 502 1576 evidentibus
532 1513 704 1595 scripturis
736 1511 891 1576 reluctari
923 1530 990 1573 non
1022 1515 1166 1592 poterat3
1219 1521 1312 1577 verta
1339 1511 1427 1574 onim
1454 1517 1598 1590 veteres,
1627 1511 1733 1576 multa
1761 1513 1881 1596 alioqui
1909 1514 2067 1598 religione
2095 1515 2135 1580 de
2157 1517 2199 1583 iis

191 1604 236 1674 et,
260 1598 353 1679 quasi
376 1598 476 1679 probe
497 1598 683 1677 defimctus,
713 1617 905 1661 consensum
928 1595 1070 1677 aliquem
1092 1617 1167 1660 cum
1219 1595 1317 1660 rebus
1345 1594 1528 1678 loquentes,
1557 1618 1618 1662 nec
1645 1598 1733 1661 inter
1760 1620 1809 1678 se,
1837 1621 1897 1664 nec
1926 1600 2071 1684 singulos
2098 1604 2199 1667 etiam

193 1683 266 1747 aliis
292 1683 476 1748 simulabat.
521 1685 568 1748 At
588 1684 721 1749 interim
743 1705 809 1747 non
839 1681 1008 1746 desinebat
1034 1682 1165 1761 iactare,
1220 1702 1332 1746 seeum
1353 1681 1474 1764 ubique
1497 1683 1689 1749 consentire.
1736 1682 1828 1764 Quas
1851 1686 2110 1752 enimHilarius
2131 1688 2198 1752 for·

192 1767 363 1833 Christum
386 1775 531 1833 creatum
553 1791 632 1848 esse,
656 1777 688 1834 et
707 1769 840 1832 initium
859 1767 1013 1832 habuisse
1034 1767 1166 1832 utreli·
1219 1766 1327 1831 mulas
1349 1788 1369 1830 a
1391 1768 1536 1833 conciliis
1558 1776 1734 1852 usurpatas
1756 1770 1912 1835 excusat?
1953 1770 2027 1851 Quo
2048 1773 2199 1839 licentiae

190 1876 270 1936 quas
300 1864 474 1924 creaturas.
520 1854 594 1935 Quo
619 1855 763 1920 flexilcm
790 1854 933 1918 hominis
960 1853 1166 1918 vafritieme
1220 1851 1386 1917 interdum
1403 1854 1532 1937 prosilit
1548 1855 1779 1938 Augustinus?
1810 1855 1920 1936 Quam
1938 1859 2102 1923 absimiles
2120 1868 2199 1924 sunt

189 1940 324 2007 latebris
347 1941 560 2005 extraherent
580 1951 716 2019 veteres,
739 1941 827 2004 ultra
848 1939 1011 2023 progressi
1034 1946 1112 2003 sunt
1133 1945 1168 2004 et
1221 1938 1340 2004 Graeci
1369 1938 1521 2005 Latinis?
1558 1938 1626 2005 Sed
1659 1942 1758 2006 huius
1790 1943 1983 2009 variationis
2011 1945 2231 2040 exemplum.

190 2026 399 2091 declararunt
422 2025 608 2105 Christum,
638 2034 807 2091 aeternum
829 2026 934 2108 patris
958 2024 1078 2103 filium,
1108 2046 1166 2108 pa·
1219 2046 1324 2088 unum
1346 2025 1496 2090 sufficiat.
1531 2026 1661 2091 Nomen
1683 2025 1842 2108 e‘peeuotoe
1864 2051 1965 2112 quum
1984 2030 2197 2096 reddereLa-

189 2113 297 2194 trique
319 2113 630 2177 consubstantialem
651 2135 730 2178 esse.
764 2113 829 2176 Hic
852 2110 1005 2175 efferbuit
1025 2111 1166 2176 Amano·
1219 2110 1282 2174 tini
1305 2110 1442 2188 vellent,
1473 2110 1629 2176 dixerimt
1649 2114 1974 2194 consubstantialem,
2004 2138 2104 2180 unam
2127 2140 2198 2184 esse

189 2221 264 2262 rum
286 2199 453 2281 impietas,
477 2198 556 2263 dum
577 2220 696 2264 nomon
720 2196 876 2277 ὁμοουσίου
896 2197 1038 2280 pessime
1059 2197 1166 2261 odisse
1219 2197 1323 2278 patris
1346 2203 1378 2261 11
1400 2197 1461 2261 11111
1482 2198 1700 2263 substantiam
1720 2199 1919 2280 indicantos;
1942 2211 2038 2284 atque
2056 2204 2103 2267 111
2121 2204 2197 2268 sub·

190 2290 222 2348 et
242 2285 404 2349 exsecrari
427 2293 610 2367 coeperunt.
650 2283 746 2364 Quod
769 2285 796 2349 si
814 2283 973 2367 principio
995 2281 1167 2347 Christum
1220 2281 1375 2346 stantiam
1405 2291 1602 2366 usurpantes
1628 2306 1688 2366 pro
1719 2286 1870 2350 essentia.
1923 2287 2010 2352 Urute
2036 2289 2197 2354 11111111-

190 2371 327 2435 confessi
348 2378 458 2435 essent
480 2372 606 2456 sincere
628 2377 661 2434 et
683 2393 724 2434 ex
747 2371 855 2434 animo
878 2370 1003 2446 Deum,
1026 2390 1093 2432 non
1114 2369 1166 2432 in-
1219 2387 1331 2448 upurus
1361 2368 1403 2433 aet
1430 2368 1610 2434 Damasum
1638 2370 1837 2454 secutepium
1863 2392 1927 2436 csse
1955 2374 2045 2451 dicit,
2074 2379 2135 2439 tres
2161 2377 2197 2440 iu

190 2456 290 2520 ficiati
330 2465 453 2534 essent,
494 2459 581 2539 patri
614 2478 684 2533 csse
717 2453 1034 2522 consubstantialem.
1082 2452 1165 2534 Quis
1220 2452 1287 2517 Deo
1309 2453 1500 2518 substautias
1515 2455 1707 2536 praedicare.
1741 2456 1843 2538 Atqui
1865 2457 1940 2540 plus
1963 2461 2085 2524 centies
2107 2461 2196 2543 apud

188 2542 306 2625 probos
328 2542 401 2608 illos
423 2544 511 2608 vires
540 2543 694 2607 insectari
720 2541 854 2619 audeat,
883 2540 977 2623 quasi
1004 2541 1165 2604 rixatores
1219 2539 1389 2604 Hilarium
1421 2541 1597 2623 reperies„
1615 2551 1681 2606 tres
1715 2563 1785 2607 esse
1816 2543 1853 2606 in
1882 2543 1954 2607 Deo
1988 2545 2194 2612 substantias.

191 2636 223 2691 et
250 2630 480 2708 contentiosos,
511 2629 596 2711 quod
625 2629 664 2694 ob
692 2628 842 2694 voculam
864 2648 965 2690 11111111
986 2633 1077 2690 tanto
1099 2624 1165 2690 dis-
1221 2624 1263 2688 Iu
1294 2625 1437 2690 cacabate
1471 2631 1572 2690 auteur
1605 2627 1799 2709 hypostaseos
1829 2649 1925 2708 quoru
1951 2631 2120 2711 perpteaus
2152 2637 2197 2696 est

123 2712 134 2743 ’
190 2714 340 2795 captandi
379 2716 506 2780 servare
544 2715 741 2780 incaluerint
772 2722 805 2779 ct
837 2712 991 2778 ecclesiae
1023 2712 1166 2793 quictem
1220 2710 1455 2793 Hierurpmus?
1483 2712 1640 2778 Varenum
1656 2715 1738 2784 cuim
1754 2713 1877 2779 11ιῦ1111
1894 2716 2081 2796 suspucatur,
2100 2738 2196 2796 quum

190 2801 417 2865 turbaverint?
448 2803 495 2866 At
514 2801 629 2866 vocula
646 2800 705 2865 illa
722 2799 942 2882 distinguebat
958 2798 1046 2863 inter
1062 2818 1165 2879 purae
1218 2797 1420 2861 uomiueutur
1447 2803 1509 2862 tres
1535 2800 1570 2862 iu
1592 2798 1660 2863 Dee
1688 2799 1873 2881 hypostases
1921 2800 2017 2864 Etsi
2045 2803 2195 2883 quispio

189 2885 266 2950 fidei
296 2884 503 2953 Christianos
536 2895 569 2951 et
602 2886 778 2970 sacrilegos
812 2886 963 2949 Arianos.
1009 2881 1167 2948 Surrexit
1219 2902 1312 2946 seusu
1332 2883 1392 2948 leae
1412 2906 1480 2949 eece
1499 2890 1619 2963 utatru,
1642 2886 1848 2967 inpropriae
1870 2890 1971 2951 taurea
1992 2887 2195 2967 1111111111

189 2980 301 3053 postca
323 2970 501 3051 Sabellius,
530 2974 586 3055 qui
612 2974 729 3055 patris,
759 2973 819 3036 filii
841 2980 875 3035 et
896 2969 1032 3052 spiritus
1060 2969 1165 3033 sancti
1219 2988 1365 3033 11111111
1388 2970 1574 3035 dissiruutat.
1605 2970 1648 3033 Et
1665 2971 1746 3052 queat
1767 2972 1860 3035 etiam
1878 2994 1898 3036 a
1919 2972 2041 3037 Socrate
2063 2974 2100 3037 cte
2122 2974 2193 3055 ursa

188 3057 323 3123 nomina
344 3080 430 3122 vana
450 3081 520 3124 esse
543 3059 745 3141 disputabat,
775 3079 836 3122 nec
865 3054 1082 3121 distinotionis
1105 3055 1165 3118 ali·
1219 3053 1366 3119 scribitur
1397 3055 1473 3120 tr'bro
1504 3060 1587 3119 sesto
1615 3056 1776 3121 Historiae
1808 3059 1997 3138 tripartitae,
2029 3081 2061 3123 ce
2091 3061 2194 3140 terruit,
2315 3078 2320 3094 '

190 3143 282 3206 euius
309 3162 407 3207 causa
432 3147 552 3225 posita,
582 3145 640 3211 scd
666 3144 797 3211 diversa
818 3165 889 3208 csse
909 3142 975 3208 Dei
997 3140 1164 3219 attributa,
1219 3141 1312 3221 preest
1340 3141 1378 3205 ab
1406 3142 1560 3222 imperitis
1587 3141 1762 3206 terratribus
1789 3145 1832 3206 sit
1852 3165 2020 3227 perperam
2049 3146 2090 3208 rat
2115 3146 2194 3211 trare

190 3228 372 3294 cuiusmodi
394 3229 536 3310 plurima
564 3231 735 3296 habentur.
782 3228 876 3295 siin
898 3235 1166 3294 certamenven·
1218 3247 1283 3291 reue
1305 3228 1536 3290 mwuruudata.
1566 3226 1657 3308 Quin
1674 3229 1760 3293 idem
1777 3229 1927 3295 Hilarius
1941 3229 1965 3315 ¹)
1988 3253 2107 3315 magno
2130 3233 2193 3297 cri-

190 3322 262 3378 tum
281 3325 373 3391 esset,
392 3315 557 3382 fatebatur
574 3340 608 3381 se
626 3317 758 3383 credere
777 3324 905 3399 patrem
922 3315 1041 3393 Deum,
1060 3313 1166 3377 filium
1218 3312 1300 3376 mini
1329 3312 1420 3377 ducit
1450 3312 1638 3394 haereticis,
1667 3313 1753 3397 qued
1775 3337 1889 3380 eorum
1909 3316 2117 3398 improbitate
2140 3340 2193 3382 co-

190 3401 313 3478 Deum,
338 3402 489 3483 spiritum
510 3403 619 3466 Deum
626 3428 634 3483 ;
657 3403 714 3468 sed
736 3408 848 3485 postea
869 3400 1059 3465 elabebatur
1080 3398 1165 3463 nihil
1218 3405 1316 3481 gatur
1339 3398 1497 3464 subiicere
1519 3399 1663 3482 periculo
1685 3401 1821 3466 humani
1843 3401 1971 3484 eloquii,
1995 3424 2077 3484 quae
2099 3425 2192 3467 men-

181 3509 225 3551 se
248 3485 336 3550 aliud
363 3486 500 3567 dixisse,
529 3510 627 3570 quam
649 3490 677 3553 si
699 3490 809 3554 Deum
836 3488 954 3551 fortem
981 3492 1015 3550 et
1041 3487 1165 3550 iustum
1217 3485 1302 3548 tium
1318 3484 1476 3568 religione
1492 3487 1652 3551 contineri
1669 3493 1870 3568 oportuerat;
1888 3509 1955 3551 nen
1973 3487 2190 3568 dissimulans,

190 3583 224 3636 et
243 3574 423 3654 sapientem
446 3583 600 3639 vocasset.
640 3575 756 3657 Itaque
779 3573 944 3639 recinebat
966 3572 1065 3636 aliam
1087 3592 1164 3636 can·
1217 3570 1297 3652 quin
1313 3569 1348 3634 id
1366 3571 1409 3634 sit
1426 3592 1523 3654 agere
1543 3571 1666 3651 illicita,
1689 3572 1869 3637 ineffabilia
1882 3573 1978 3656 loqui,
2002 3575 2192 3640 inconcessa

190 3658 340 3722 tilenam:
369 3660 504 3723 Patrem
534 3681 603 3725 esso
631 3661 749 3740 filium,
778 3667 811 3725 et
840 3660 992 3743 spiritum
1014 3666 1164 3723 sanctum
1216 3677 1435 3738 praesumere.
1462 3656 1567 3722 Paule
1585 3666 1658 3740 post
1674 3657 1788 3722 multis
1810 3658 1917 3723 adhuc
1939 3666 2083 3739 excusat,
2106 3659 2191 3743 quod

190 3765 260 3809 csse
287 3757 432 3826 patrem,
461 3746 552 3809 nullo
580 3747 710 3825 ordine,
741 3746 833 3812 nulla
860 3745 1077 3809 distinctione.
1122 3743 1162 3822 Ii,
1217 3741 1316 3806 audet
1342 3743 1488 3825 proferre
1515 3765 1602 3808 nova
1632 3744 1773 3809 nomina.
1819 3744 1906 3808 Nam
1927 3746 1984 3810 ubi
2005 3747 2115 3828 posuit
2135 3769 2195 3813 na·

189 3831 306 3912 quibus
326 3841 398 3894 tum
415 3832 519 3913 pictas
536 3832 625 3896 cordi
647 3841 726 3913 erat,
749 3840 786 3898 ut
808 3831 950 3897 hominis
972 3828 1162 3914 improbita-
1217 3835 1312 3893 turae
1329 3829 1471 3908 nomina,
1490 3836 1634 3913 patrem,
1656 3829 1763 3894 filium
1789 3839 1821 3893 11
1840 3830 2001 3912 spiritum,
2020 3831 2193 3913 subnectit,

136 3975 137 3979 ,
189 3922 257 3980 tem
276 3917 475 3999 frangerent,
498 3925 611 3982 contra
633 3919 861 3997 reclamabant,
885 3937 962 3982 vere
984 3936 1163 3999 agnosccn-
1217 3921 1311 3979 extra
1328 3915 1583 3998 significantiam
1602 3915 1762 3980 sermonis
1786 3936 1866 3994 esse,
1890 3923 1985 3981 extra
2006 3940 2122 3984 sensus
2143 3921 2194 3983 in·

190 4001 397 4067 (1111111111
419 4004 491 4068 Deo
518 4025 584 4068 uno
614 4014 680 4069 tres
707 4006 931 4088 proprietates.
976 4003 1035 4080 Et,
1063 4008 1101 4065 ut
1128 4022 1163 4066 se
1200 4001 1410 4080 tentionem,
1442 4010 1535 4066 extra
1557 4001 1794 4084 intelligentias
1817 4003 2077 4086 conceptionem,
2100 4005 2194 4087 quid·

189 4086 330 4170 simplici
358 4089 497 4154 veritate
528 4089 685 4156 adversus
712 4099 874 4155 tortuosas
901 4089 1063 4153 versutias
1089 4108 1163 4151 mu·
1216 4085 1295 4166 quid
1317 4086 1404 4150 ultra
1425 4087 1601 4170 quaeritur.
1646 4089 1697 4152 Ac
1718 4086 1796 4163 alibi
1819 4087 1928 4153 felices
1951 4089 2080 4154 Galliae
2109 4091 2194 4172 cpis-
2316 4103 2319 4108 ’

188 4175 314 4253 nirent,
345 4175 551 4240 affirmarunt
578 4198 656 4241 vere
678 4177 713 4241 in
735 4198 801 4241 uno
823 4176 895 4241 Deo
917 4182 985 4240 tres
1007 4195 1163 4256 personas
1216 4192 1311 4254 eepos
1339 4171 1558 4256 praedicat,²)
1587 4175 1642 4255 qui
1669 4173 1769 4238 aliam
1795 4195 1856 4239 nec
1883 4175 2105 4253 excudissent,
2134 4197 2194 4240 nec

188 4260 374 4338 subsistere,
398 4283 455 4325 seu
478 4261 578 4346 (quod
595 4262 683 4327 idem
701 4262 785 4348 erat)
807 4263 842 4326 in
860 4263 925 4327 Dei
942 4262 1069 4326 unitate
1087 4258 1162 4325 sub·
1215 4259 1431 4342 recepissent,
1471 4281 1532 4324 nec
1572 4259 1704 4324 omnino
1743 4261 1913 4326 novissent
1947 4261 2191 4339 cenfessionem,

188 4345 304 4415 sistere
325 4367 538 4430 personarum
560 4349 749 4414 trinitatem.
959 4384 963 4392 ,
1215 4366 1314 4427 quam
1346 4351 1492 4411 veterem
1522 4345 1615 4410 illam
1647 4352 1680 4410 11
1716 4345 1992 4429 simplicissimam
2030 4368 2112 4427 quae
2151 4347 2192 4412 ab

275 4435 325 4498 23.
371 4429 410 4497 si
431 4455 508 4517 ergo
530 4442 653 4499 temere
675 4457 741 4499 nen
763 4443 840 4498 sunt
860 4435 995 4500 inventa
1018 4431 1161 4510 nomina,
1217 4438 1325 4496 aetate
1358 4430 1578 4514 apostolorum
1611 4430 1698 4514 apud
1731 4454 1845 4498 omnes
1878 4433 2029 4499 ccclesias
2061 4440 2193 4514 recepta

186 4518 369 4582 cavendum
403 4528 453 4582 cst
484 4542 525 4584 nc
558 4521 753 4585 temeritatis
787 4542 967 4603 arguamur
998 4540 1037 4583 ea
1064 4538 1161 4599 rcpu-
1215 4517 1334 4582 fuerat.

186 4602 315 4668 diendo.
359 4604 497 4670 Utinam
523 4606 654 4688 quidem
681 4606 809 4688 sepulta
838 4614 963 4685 essent,
998 4607 1163 4669 constaret
1302 4606 1353 4668 25.
1403 4603 1496 4668 Haec
1529 4603 1634 4668 sancti
1666 4603 1730 4671 viri
1767 4604 1927 4669 modestia
1963 4623 2095 4667 monere
2131 4625 2193 4671 nos

23 4690 31 4701 ’
125 4748 128 4753 .
184 4688 281 4753 mede
304 4689 385 4756 haec
408 4692 493 4756 inter
514 4714 626 4756 onmes
655 4691 750 4757 fides:
777 4697 906 4774 patrem
933 4699 966 4755 et
995 4689 1100 4756 filium
1129 4695 1162 4752 et
1215 4686 1319 4767 debet,
1341 4711 1384 4754 ne
1406 4687 1615 4768 confidenter,
1639 4689 1743 4755 veluti
1762 4691 1910 4756 censorio
1932 4688 2014 4767 stilo,
2041 4689 2192 4772 protinus

185 4776 338 4857 spiritum
367 4799 469 4841 unum
499 4800 570 4844 esse
591 4780 715 4857 Deum;
743 4799 804 4843 nec
830 4784 942 4843 tamen
971 4782 1029 4840 aut
1055 4774 1162 4841 filium
1214 4780 1365 4839 notemus
1388 4797 1458 4855 eos,
1488 4776 1601 4858 quiin
1622 4776 1724 4840 verba
1747 4776 1882 4840 anobis
1905 4775 2191 4856 conceptaiurarc

185 4882 256 4926 esse
283 4870 428 4945 patrem,
459 4872 516 4928 aut
544 4865 695 4947 spiritum
723 4864 844 4944 filium,
878 4863 936 4928 sed
962 4861 1165 4945 proprietate
1214 4859 1328 4923 nolint.
1366 4858 1434 4925 Sed
1457 4861 1591 4927 docendi
1615 4869 1700 4940 sunt,
1724 4869 1846 4943 quanta
1867 4860 2060 4925 necessitate
2083 4861 2191 4925 adacti

185 4946 327 5029 quadam
361 4970 431 5013 esse
464 4949 643 5016 distinctos.
688 4952 764 5016 Etsi
796 4971 915 5014 nomen
948 4949 1161 5034 hypostaseos
1215 4944 1261 5009 sie
1295 4945 1481 5028 loquamur,
1516 4969 1554 5012 ac
1586 4947 1744 5029 paulatim
1775 4946 1908 5010 tandem
1941 4946 2191 5027 assuefaciendi;

186 5040 295 5097 exstat
317 5033 405 5116 apud
427 5036 609 5119 apostolum
626 5036 743 5120 (Hebr.
759 5041 785 5114 l,
799 5035 843 5120 3),
867 5035 990 5114 eodem,
1012 5033 1077 5098 11111
1100 5031 1161 5095 fal·
1215 5031 1350 5095 comiter
1378 5033 1478 5097 ctiam
1505 5031 1715 5109 admonendi,
1741 5054 1783 5096 ne
1805 5033 1861 5096 ubi
1883 5032 2120 5097 occurrendum
2142 5039 2193 5097 est

184 5118 243 5191 lor,
267 5119 466 5202 significatu,
494 5143 557 5203 quo
579 5129 707 5188 veteres
728 5129 946 5205 usurparunt,
976 5120 1032 5185 ubi
1054 5118 1162 5183 filium

184 5217 280 5269 vocat
306 5206 528 5271 characterem
557 5208 768 5293 hypostaseos
796 5209 860 5274 Dei
888 5208 1001 5294 patris.
1047 5205 1161 5286 Neque
1186 5232 1189 5253 ¹
1300 5207 1310 5211 ’
1788 5250 1789 5254 =

185 5291 272 5355 cuim
295 5291 335 5355 iis
358 5294 527 5372 assentior,
550 5294 606 5376 qui
628 5315 666 5359 co
686 5294 756 5362 loco
774 5295 969 5380 hypostasin
986 5260 1189 5373 essentiaml
1283 5304 1313 5374 1)
1330 5305 1390 5360 Lib.
1408 5306 1425 5361 2
1443 5307 1477 5360 ds
1495 5305 1591 5360 Triuia.
1610 5322 1668 5375 cap.
1687 5304 1712 5359 2.
1782 5304 2007 5376 2)1)ceonciliis
2026 5306 2048 5372 ξ.
2067 5305 2110 5361 69.
