4770 6030
187 330 299 397 XLII,
727 325 992 394 INSTITUTIO
1015 324 1293 393 RELIGIONIS
1316 325 1643 395 CHRISTIANAR.

189 540 302 585 mense
323 521 488 601 Augusto;
510 515 711 599 exemplaria
732 514 888 580 nundinis
910 515 1154 582 autumnalibus
1175 516 1381 582 Francoiorti
1401 516 1532 582 venalia
1552 519 1759 600 prostabant;
1782 523 1921 582 emtores
1942 515 2130 582 desiderant
2149 519 2201 583 in·

191 631 304 710 dicem,
321 652 419 712 quem
434 630 532 694 etiam
551 627 686 693 Oolladc
707 635 781 710 post
796 649 916 711 paucos
932 648 1062 693 menses
1080 649 1116 693 se
1135 627 1309 695 confecisse
1326 630 1450 694 asserit
1490 629 1561 692 Iino
1578 630 1614 692 in
1631 628 1772 693 editione
1789 629 2000 692 lausannensi
2017 638 2116 711 supra
2128 630 2201 694 lau-

191 741 268 807 dae
289 742 430 824 rogaui:
457 739 682 824 resocatus
703 739 804 804 uam
826 740 915 804 aaut
936 739 1013 803 aaut
1033 742 1134 820 1560,
1156 759 1226 805 am
1247 739 1384 805 abac
1404 734 1454 803 tu
1475 740 1570 804 aaa
1586 740 1704 820 aaa
1719 739 1877 804 menam
1891 745 1964 821 poa
1980 739 2095 804 tunm
2110 718 2220 807 aaut

191 858 327 936 coeptum
354 856 509 917 mulcatus
538 874 560 917 a
583 851 625 916 N.
650 849 818 917 conam
869 848 937 915 Sed
964 873 1068 915 unum
1098 859 1147 916 est
1175 851 1261 933 quod
1288 851 1383 916 nobis
1409 872 1480 915 rem
1510 851 1617 916 adhuc
1641 851 1774 918 dubiam
1800 851 1888 917 facit.
1934 848 1973 915 Si
1995 851 2077 919 haec
2097 853 2146 918 ita
2166 872 2203 918 se

193 965 347 1030 habuisse
370 963 502 1042 dixeris,
527 968 657 1028 exstare
679 963 841 1028 debebant
862 962 1063 1045 exemplaria
1083 962 1191 1028 indice
1212 962 1379 1041 destituta,
1401 963 1454 1027 vel
1475 961 1573 1046 plura
1588 963 1642 1029 vel
1660 964 1821 1045 pauciora,
1844 963 1961 1046 primis
1978 964 2092 1028 statim
2108 986 2202 1030 men-

191 1078 281 1142 sibus
304 1074 482 1141 divendita.
529 1075 657 1139 Verum
679 1073 719 1138 de
748 1074 869 1139 talibus
891 1074 1133 1157 exemplaribus
1160 1073 1245 1137 nihil
1267 1073 1394 1139 ad-ncs
1416 1075 1584 1156 hucusque
1604 1075 1764 1156 pervenit.
1809 1072 1986 1139 Caeterum
2006 1076 2091 1140 ratio
2112 1076 2203 1142 illius

192 1187 312 1253 iudicis
333 1187 414 1252 haec
434 1195 486 1250 est
508 1192 546 1250 ut
567 1187 669 1256 totius
690 1185 911 1251 Institutionis
932 1186 1072 1250 materia
1093 1185 1143 1279 ad
1157 1191 1263 1250 certas
1284 1185 1442 1267 quasdam
1463 1187 1626 1265 rubricas,
1649 1207 1716 1250 non
1737 1187 1785 1250 ita
1803 1184 1939 1265 multas,
1963 1207 2001 1251 ac
2023 1187 2204 1253 secundum

192 1301 362 1365 literarum
383 1298 531 1363 ordinem
555 1297 741 1380 dispositas,
763 1318 823 1379 per
844 1296 955 1362 theses
977 1303 1092 1363 exacta
1113 1302 1321 1380 proponatur.

146 1406 152 1415 '
350 1409 456 1475 Index
482 1409 629 1474 locorum
650 1410 831 1492 scripturae
862 1430 973 1474 sacrae
1000 1408 1111 1474 nullus
1138 1408 1239 1474 adest.
1284 1405 1432 1493 Singulis
1460 1390 1682 1473 Institutionis
1704 1408 1865 1491 capitibus
1891 1417 2088 1494 argumenta
2108 1432 2205 1495 prae-

195 1523 372 1587 mittuntur
392 1522 491 1604 plana
514 1529 547 1585 et
569 1522 744 1599 succincta,
767 1542 906 1603 quorum
927 1542 1056 1585 summa
1077 1520 1120 1585 ad
1142 1520 1263 1586 calcem
1285 1520 1362 1583 libri
1383 1518 1496 1586 lectori
1518 1542 1578 1603 per
1600 1522 1744 1587 tabulam
1766 1523 1913 1605 exposita
1931 1521 2037 1604 denuc
2057 1522 2204 1587 offertur.

196 1635 289 1700 Haec
316 1639 510 1718 argumenta
536 1633 617 1717 quin
642 1633 744 1716 ipsius
767 1630 898 1699 Oalvini
920 1633 1044 1698 calamo
1072 1638 1207 1697 examta
1229 1632 1309 1712 sint,
1338 1652 1405 1695 non
1427 1633 1583 1715 estquod
1611 1633 1811 1712 dubitemus3
1839 1632 1975 1717 ideoque
1996 1635 2032 1698 in
2053 1634 2205 1700 ommhus

198 1747 431 1812 recentioribus
460 1745 700 1828 exemplaribus
726 1751 864 1811 servata
892 1750 985 1824 sunt,
1014 1765 1212 1826 quamquam
1233 1764 1347 1808 eorum
1367 1744 1527 1810 brevitate
1554 1745 1663 1810 minus
1685 1744 1830 1810 contenti
1851 1745 1991 1811 editores
2011 1743 2076 1810 alia
2097 1746 2205 1827 copio-

200 1860 285 1924 siora
306 1857 443 1924 subinde
470 1857 523 1924 vel
551 1858 589 1921 in
615 1858 722 1922 fronte
742 1856 796 1922 vel
823 1856 859 1919 in
885 1857 1035 1940 margine
1064 1854 1268 1920 addiderunt
1308 1854 1440 1920 'Eadem
1469 1855 1509 1921 de
1531 1878 1630 1922 causa
1650 1856 1708 1921 illa
1735 1857 1919 1940 antiquiora
1945 1863 2058 1921 nostra
2079 1877 2207 1940 quoque

203 1969 300 2034 editio
323 1969 391 2034 sola
409 1969 535 2033 referet.
1954 1964 1958 1972 ’

1061 2255 1253 2338 EDITIO
1275 2256 1348 2340 IX.

955 2429 1062 2496 SINE
1084 2426 1219 2495 Loco.
1256 2431 1347 2494 1561.
1381 2429 1452 2495 Fcl.

932 2566 1234 2652 (Argentoratensis
1256 2566 1379 2630 Rihelii
1400 2566 1477 2650 IV.)

357 2761 624 2830 nusuffvrlo
647 2744 960 2848 CHRI-lstianae
991 2742 1223 2853 religiODlS,
1254 2743 1297 2824 ln
1328 2743 1458 2825 libros
1491 2767 1689 2853 qua-ltaor
1714 2783 1796 2829 caric
1815 2765 1959 2847 manum
1992 2765 2123 2848 digesto,
2145 2786 2209 2831 cer·

204 2886 303 2967 iisque
320 2886 466 2951 distinctu
487 2884 653 2966 cupititate,
676 2885 719 2950 ad
740 2884 1146 2967 aptissimomlmetbodum:
1172 2889 1265 2949 cuda
1286 2884 1379 2948 eiam
1400 2890 1465 2948 tom
1486 2904 1600 2967 mopvao
1627 2885 1798 2950 merebar
1818 2891 1853 2948 ut
1873 2887 2096 2967 prcpeuwdmn
2116 2885 2208 2976 opaci

204 3017 319 3064 nouam
339 2996 445 3062 hateri·
469 2996 580 3079 possit.
599 2994 604 3081 l
623 3005 790 3061 ΙΟΗΑΝΝΕ
813 3005 972 3061 GALVINO
993 3004 1174 3059 AVTHORE.
1196 3002 1201 3070 Ι
1220 2994 1305 3060 Oum
1327 2994 1440 3060 Indice
1461 2996 1725 3061 luculentissimo.
1746 2997 1751 3079 Ι
1770 2988 1817 3062 M.
1825 2997 1867 3061 D.
1875 2997 1969 3061 LXI.

358 3109 487 3173 Nomen
509 3107 600 3173 urbis
620 3114 653 3172 et
670 3108 867 3193 typographi
886 3116 919 3173 et
946 3109 999 3174 hic
1022 3116 1056 3171 et
1077 3108 1113 3171 in
1134 3108 1200 3172 fine
1221 3112 1361 3185 tacehu,
1386 3105 1449 3172 'sed
1471 3108 1507 3170 in
1529 3108 1598 3190 ipsc
1619 3106 1714 3171 titulo
1737 3108 1931 3190 exprimitur
1953 3107 2115 3173 emblema
2136 3111 2209 3175 offi-

208 3222 301 3287 cinae
323 3219 502 3285 rihelianae
524 3241 622 3301 supra
643 3219 830 3298 indicatum,
854 3221 905 3286 cui
926 3219 1062 3303 proinde
1083 3224 1229 3283 nostram
1249 3217 1392 3283 tribuere
1412 3219 1497 3283 nulli
1518 3219 1713 3285 dubitamus.
1758 3218 1831 3285 Hoc
1852 3219 2077 3284 tantummodo
2094 3221 2201 3287 obser

205 3331 350 3398 vandum
371 3338 435 3410 est,
458 3333 494 3396 in
515 3331 572 3396 illo
594 3332 785 3396 emblemate
806 3331 997 3397 Wendelini
1019 3331 1307 3413 monogrammati,
1335 3330 1420 3414 quod
1443 3329 1593 3396 distincte
1612 3331 1726 3396 literas
1747 3330 1795 3394 W
1814 3331 1847 3395 R
1869 3331 2044 3397 exhibebat
2066 3331 2208 3413 simplici

205 3466 293 3510 nexu
315 3445 401 3509 inter
423 3465 457 3511 se
478 3445 622 3522 iunctas,
650 3444 717 3508 iam
738 3442 826 3508 aliud
848 3443 1060 3509 substitutum
1081 3442 1135 3508 hic
1161 3463 1318 3523 apparere
1345 3442 1381 3506 in
1408 3463 1471 3525 quo
1501 3442 1705 3508 artificiosius
1732 3449 1870 3507 nexatas
1901 3441 1981 3507 alias
2010 3444 2037 3506 Τ
2059 3443 2092 3507 R
2112 3444 2209 3508 nobis

204 3557 322 3640 legisse
349 3554 498 3622 videmus
532 3554 675 3637 adeoque
705 3554 922 3620 Theodosium
949 3554 1140 3619 Wendelini
1172 3553 1278 3618 filium
1304 3553 1461 3618 editorem
1487 3551 1730 3637 agnoscendum
1759 3553 1970 3631 arbitramur,
2001 3555 2056 3636 qui
2084 3562 2207 3636 tamen,
2291 3624 2295 3631 ,

207 3689 307 3749 quum
327 3669 363 3732 in
384 3667 530 3732 fraudem
554 3667 606 3733 vel
629 3665 872 3749 Stephanorum
892 3666 944 3733 vel
965 3667 1067 3749 ipsius
1090 3665 1219 3731 Calvini
1242 3665 1372 3746 faceret,
1392 3686 1513 3730 nomen
1535 3686 1631 3730 suum
1652 3666 1797 3748 profiteri
1819 3686 1886 3729 non
1907 3686 2006 3730 ausus
2027 3665 2135 3730 fuerit.

360 3778 680 3844 Praemittendorum
703 3777 814 3843 decem
842 3777 919 3842 folia
944 3777 1238 3860 inquinamione.
1291 3778 1414 3842 Textus
1436 3778 1577 3843 ambitus
1598 3776 1686 3841 idem
1707 3783 1803 3859 atque
1823 3777 1859 3840 in
1885 3776 2092 3858 praecedenti
2113 3776 2208 3858 libro,

208 3889 346 3972 paginae
373 3890 495 3955 scilicet
516 3894 592 3969 564,
622 3889 737 3955 indicis
758 3890 835 3954 folia
856 3888 1086 3973 septemdecim
1105 3888 1248 3973 (A-Z;
1269 3887 1441 3974 Aa—Oo)
1470 3911 1625 3955 versuum
1653 3889 1807 3971 cuiusque
1829 3888 1968 3971 paginae
1990 3909 2147 3953 numerus
2170 3895 2209 3953 ut

209 4022 316 4083 supra.
366 4001 482 4083 Itaque
509 4002 576 4066 fere
603 4003 724 4085 pagina
745 4002 884 4085 paginae
911 4000 1086 4085 respondet
1112 4000 1280 4082 utriusque
1301 3999 1490 4080 voluminis;
1513 4007 1778 4084 argentoratense
1800 4005 1911 4063 tamen
1934 3999 2109 4082 genevensi
2131 3998 2208 4082 plu-

208 4112 299 4177 ribus
321 4113 466 4176 numeris
488 4111 587 4190 cedit,
610 4119 764 4196 typorum
785 4113 1011 4196 magnitudine
1033 4113 1228 4193 chartaeque
1256 4111 1361 4177 forma
1383 4118 1416 4176 et
1437 4112 1598 4178 severiore
1620 4118 1730 4176 textus
1752 4111 1963 4194 castigatione
1986 4110 2208 4193 praecellenti.
2289 4192 2295 4199 ,

210 4222 317 4289 Index
337 4230 604 4305 argumentorum
625 4223 679 4288 hic
700 4243 767 4286 non
788 4222 863 4287 folio
883 4223 970 4287 tituli
992 4223 1165 4323 versoused
1186 4228 1261 4305 post
1281 4225 1516 4305 praefationem
1537 4223 1579 4287 ad
1601 4224 1728 4308 Regem
1749 4222 1882 4288 demum
1903 4224 2004 4290 venit.

1073 4600 1263 4707 sumo
1284 4600 1336 4681 x.

771 4769 1066 4837 anunvnusrs
1088 4773 1130 4871 y.
1161 4771 1356 4838 aarum
1381 4775 1471 4836 1561.
1505 4776 1535 4837 s.
1556 4774 1631 4837 mu.
1760 4843 1765 4853 ,

363 4946 583 5031 Institutio
616 4926 879 5032 Christianae
917 4948 1176 5050 reli-larome,
1198 4979 1238 5033 ru
1260 4977 1389 5033 uranos
1411 4967 1702 5050 ovlwoalnuno
1720 4970 1864 5051 primum
1885 4972 2021 5056 digesta,
2046 4977 2212 5060 sertisque

211 5085 398 5166 dilstincta
425 5090 597 5171 capitibus,
626 5088 668 5154 ad
689 5090 890 5172 aptissimam
911 5088 1154 5175 me-lthodum:
1185 5096 1281 5154 aucta
1306 5089 1405 5154 etiam
1431 5096 1500 5154 tam
1525 5109 1646 5172 magna
1668 5083 1886 5174 arc-loessione
1906 5104 1944 5162 rt
1971 5098 2210 5181 propemodum

211 5215 293 5279 opus
315 5198 473 5279 noluum
495 5200 608 5266 haberi
629 5202 738 5285 possit.
760 5200 765 5286 Ι
785 5199 922 5266 Iobucae
946 5199 1077 5266 Colaim
1099 5200 1231 5266 emtore
1251 5200 1256 5287 Ι
1276 5199 1454 5266 Eucadebat
1474 5200 1631 5266 Antonius
1649 5199 1809 5265 Mutus.
1829 5202 1834 5288 1
1857 5208 1947 5272 1561.
