4732 6030
60 331 65 341 '
186 365 245 426 601
560 415 562 424 ,
726 356 1318 446 aaa.vn1.(1v.)smssom
1339 358 1635 429 axemofflo.
1821 395 1822 398 κ
2117 367 2178 431 soa

184 476 297 534 8192:
314 461 431 532 0193]

182 550 289 634 pulcri
316 538 449 629 exemplo
471 549 676 614 urriaersalem
702 550 823 631 faciam
847 549 1002 633 2222222,
1030 548 1159 628 etquod
1209 547 1353 612 moillari
1381 548 1497 613 soleant
1529 570 1625 630 quum
1653 550 1706 615 hoc
1732 550 1799 615 illis
1832 550 1988 616 obiicitur:
2023 551 2182 618 Christum

183 635 276 700 sernel
305 636 423 716 factum
447 634 524 716 fred,
562 636 605 699 ad
631 636 865 717 perpetuitatem
892 634 1031 713 trahant,
1062 654 1158 714 quum
1209 633 1322 697 scilicet
1343 635 1472 715 promia
1500 638 1604 700 vocari
1628 637 1755 700 unicum
1777 643 1884 717 caput,
1912 638 1989 716 quia
2015 657 2076 701 sua
2097 643 2182 703 outo·

184 721 269 803 lonqc
290 721 414 786 diversa
435 721 477 785 sit
500 722 589 785 ratio.
640 720 728 786 Unus
748 721 828 784 inter
848 721 998 801 apostolos
1017 739 1158 784 summas
1209 719 1300 782 ritate
1320 738 1435 799 suoque
1454 722 1575 785 nomine
1595 722 1681 786 solus
1707 727 1824 804 repnet5
1851 723 1905 787 sed
1926 723 2012 786 istud
2032 723 2113 786 nihil
2134 723 2182 788 ob·

183 807 253 888 fud.
298 807 416 887 Nempe
437 808 513 885 quia
528 807 626 887 pauci
649 811 737 871 aaut
756 827 889 871 numero.
926 805 963 869 Si
979 826 1062 870 unus
1084 807 1158 869 dno
1209 809 1305 882 stare,
1334 806 1499 885 qncominns
1526 806 1584 871 sub
1610 809 1678 888 ipso
1707 809 1749 871 sit
1777 808 1907 872 alterum
1928 814 2020 890 caput
2046 809 2183 875 ministe-

184 893 282 958 olecim
308 891 483 956 hominibus
503 893 658 973 praefuit,
688 913 730 956 an
756 897 921 974 propterea
952 895 1157 971 consequetur,
1209 890 1289 953 riola
1311 889 1360 973 (ut
1392 891 1588 977 loquuntur),
1616 895 1697 972 quod
1724 895 1792 957 eius
1812 895 1893 958 uices
1914 894 1949 960 222
1975 895 2068 957 terris
2086 899 2181 976 perat.

184 999 283 1042 unum
303 977 407 1042 debere
424 982 541 1043 centum
558 977 695 1041 millibus
713 977 870 1041 hominum
883 978 1037 1058 praefici?
1071 977 1158 1057 Quod
1218 974 1332 1039 Verum
1349 975 1403 1041 hoc
1424 977 1532 1041 cavillo
1552 979 1633 1042 nihil
1649 979 1830 1061 proficiam,
1854 980 1919 1043 nisi
1934 980 2030 1061 prius
2050 981 2183 1045 ostendo·

185 1064 343 1128 chmdecim
371 1084 468 1126 unmn
492 1063 654 1127 222222
682 1065 762 1127 inter
782 1083 815 1128 se
836 1065 891 1143 qui
913 1082 1016 1127 mines
1035 1067 1156 1144 reperet,
1209 1061 1281 1139 rint,
1303 1061 1357 1125 hoc
1377 1063 1584 1128 ministeriun
1606 1086 1626 1129 a
1650 1063 1773 1130 Christo
1794 1085 1859 1129 esse
1878 1065 2065 1129 ordinatmn.
2098 1065 2183 1147 Apo-

184 1150 265 1213 nihil
294 1150 420 1212 mirum.
464 1149 532 1214 Hoc
563 1150 645 1213 euim
674 1149 735 1230 fert
758 1153 889 1227 natura,
922 1148 976 1213 hoc
1000 1148 1159 1213 hominum
1209 1147 1305 1210 stolus
1331 1149 1413 1211 enim
1434 1152 1528 1212 2222
1553 1149 1867 1229 ministrationem
1886 1171 1946 1232 per
1966 1149 2102 1215 membra
2122 1152 2183 1233 dif-

184 1236 344 1318 in9enium
360 1235 506 1316 postulat,
528 1240 563 1297 ut
583 1236 617 1297 in
638 1236 747 1316 quouis
769 1239 859 1312 coetu,
881 1235 974 1298 etiam
995 1236 1025 1297 si
1047 1254 1158 1315 aequa·
1206 1232 1314 1313 fusam
1341 1253 1406 1298 esse
1432 1234 1526 1313 docet,
1554 1236 1697 1300 virtutem
1724 1236 1762 1299 ab
1788 1256 1850 1301 uno
1874 1235 1928 1299 illo
1949 1237 2066 1300 coelesti
2085 1236 2183 1318 capite

185 1321 229 1385 les
255 1321 317 1384 sint
342 1340 444 1384 onmes
462 1325 623 1401 potestate,
650 1340 734 1384 nnus
755 1324 856 1384 tamen
883 1320 925 1383 sit
945 1319 1038 1385 aduti
1058 1320 1158 1384 modo
1205 1318 1309 1396 fluere.
1353 1318 1422 1383 Aut
1441 1320 1472 1383 si
1500 1321 1575 1400 quui
1601 1321 1705 1384 uolunt
1726 1323 1882 1403 apertius:
1908 1341 2002 1402 quum
2023 1322 2194 1403 scriptura¹

185 1410 284 1485 rator,
312 1407 347 1470 in
368 1426 456 1486 quem
478 1406 536 1469 alii
563 1406 738 1487 respiciant.
783 1405 884 1469 Nulla
905 1410 949 1469 cst
979 1407 1069 1470 2222
1090 1407 1158 1470 sinu
1208 1408 1330 1468 testetur
1358 1403 1518 1470 Christum
1550 1426 1615 1471 esse
1642 1412 1734 1488 caput
1761 1407 2183 1492 (Eph.1,220t4,150t

186 1491 323 1557 consule:
354 1490 459 1554 nultus
489 1511 647 1556 consessus
672 1492 811 1555 iudicum
840 1492 909 1554 siric
934 1497 1077 1572 praetore
1102 1510 1158 1556 sac
1210 1493 1238 1567 b,
1259 1492 1309 1554 25.
1333 1489 1401 1555 001.
1424 1495 1450 1569 1,
1474 1493 1511 1554 18
1530 1499 1564 1555 ot
1586 1496 1615 1570 2,
1639 1489 1708 1577 11),
1743 1492 1870 1557 ethunc
1898 1494 1927 1556 ei
1954 1492 2013 1558 soli
2041 1492 2183 1557 heuman
2234 1560 2240 1567 ,

186 1578 364 1658 quaesitore,
387 1577 543 1660 callepium
564 1577 684 1640 nullum
705 1577 773 1640 sine
792 1577 959 1658 praefecta,
981 1577 1069 1641 nulla
1089 1578 1157 1641 sine
1208 1575 1347 1655 uindicet,
1365 1596 1427 1641 non
1443 1575 1525 1642 debet
1543 1578 1578 1640 in
1595 1577 1695 1642 alium
1711 1579 1885 1659 22222222,
1904 1579 1968 1641 nisi
1985 1598 2075 1659 quem
2094 1576 2183 1643 Clui-

185 1663 332 1745 maqistro
360 1663 496 1727 societas.
542 1661 596 1726 Sic
616 1663 697 1748 nihil
722 1662 851 1727 absurdi
878 1667 968 1742 esset,
996 1664 1025 1726 si
1045 1664 1156 1743 fatere-
1208 1665 1275 1725 stus
1296 1661 1363 1742 ipse
1388 1663 1542 1727 uicarium
1562 1682 1655 1727 suum
1679 1664 1793 1744 feccrit.
1836 1663 1937 1743 Atqui
1957 1683 2018 1727 222
2037 1664 2126 1727 niodo
2146 1663 2182 1726 id

100 1802 102 1807 .
185 1769 257 1812 mar
281 1747 431 1829 apostolos
459 1748 602 1812 detulisse
630 1747 722 1812 Petra
746 1748 838 1812 talem
864 1749 1045 1829 puuctum.
1096 1747 1157 1813 Sed
1207 1766 1362 1828 nusquam
1393 1747 1516 1830 lepitur,
1548 1749 1603 1813 secl
1628 1749 1728 1830 refelli
1755 1749 1875 1814 222222
1900 1770 1939 1814 ex
1970 1749 2077 1813 multis
2108 1748 2183 1813 lacis

185 1834 266 1914 quod
292 1835 374 1898 inter
393 1853 514 1915 paucos
539 1834 631 1912 222,
656 1854 718 1897 non
740 1835 887 1914 protinus
910 1834 1092 1899 trahendmn
1113 1838 1157 1898 est
1201 1837 1308 1912 potest.

185 1920 227 1983 ad
253 1921 434 1983 uniuersum
465 1919 566 1984 orbem
596 1925 765 1998 222222,
799 1920 841 1983 ad
872 1939 961 2001 quem
993 1920 1157 2003 rependum
1295 1922 1344 1982 97.
1390 1918 1565 2000 Aliquoties
1590 1920 1694 1985 uiuam
1726 1920 1867 1985 milesiae
1897 1921 2065 2002 imapinem
2095 1918 2183 1984 nobis

186 2025 271 2069 nenio
292 2025 375 2068 unus
391 2006 515 2086 sufficit.
558 2005 659 2087 Atqui
679 2004 767 2083 illud,
789 2006 948 2086 inquiunt,
972 2026 1031 2070 non
1051 2007 1157 2069 minus
1210 2003 1334 2068 Paulus
1363 2003 1508 2087 depircqit.
1552 2005 1603 2069 De
1629 2026 1690 2070 uno
1723 2007 1822 2086 capite
1854 2007 1942 2070 nulla
1969 2005 2035 2070 illic
2062 2005 2182 2069 22222.

185 2090 221 2155 22
245 2095 375 2154 naturae
400 2091 599 2155 universitate
624 2111 718 2171 quam
738 2092 774 2154 in
793 2091 929 2173 sinqulis
948 2090 1096 2172 partibus
1116 2091 1157 2154 lo·
1212 2089 1295 2169 Quin
1326 2090 1435 2172 potins
1472 2111 1509 2154 eu
1545 2092 1614 2155 eius
1646 2092 1848 2173 descriptione
1879 2091 2016 2175 mlliqere
2045 2091 2127 2167 licet,
2156 2086 2184 2154 'a

186 2196 255 2240 eum
276 2176 377 2254 haba,
399 2182 435 2239 ut
454 2177 497 2240 sit
517 2196 615 2240 unum
635 2196 791 2241 sumntum
811 2177 949 2241 omilium
970 2182 1069 2259 caput.
1113 2176 1158 2240 Et
1211 2172 1328 2239 Christi
1348 2176 1538 2240 instdutione
1558 2177 1592 2240 id
1612 2195 1677 2241 csse
1699 2178 1844 2242 alierum.
1890 2176 2033 2242 Christum
2055 2193 2184 2258 ascensu

186 2260 281 2325 huius
299 2263 360 2340 rei,
381 2261 412 2325 si
435 2260 502 2326 Deo
516 2262 631 2342 placet,
653 2262 864 2342 probationem
884 2268 1011 2327 sumunt
1031 2284 1052 2326 a
1070 2263 1158 2346 92222-
1208 2279 1265 2326 sno
1286 2260 1437 2325 risibilem
1457 2262 1510 2325 sui
1531 2264 1744 2343 praesentiam
1771 2263 1859 2327 uobis
1880 2262 2021 2327 abstulit:
2047 2260 2184 2330 ascendit

186 2347 244 2411 bus
264 2353 292 2411 et
311 2347 438 2429 apibus,
467 2348 632 2428 quaesibi
659 2348 765 2412 ducem
785 2368 884 2411 unum
905 2367 1025 2430 semiper
1043 2348 1159 2431 eliquat
1208 2351 1309 2411 tamon
1333 2351 1368 2410 ut
1396 2347 1534 2429 impleret
1560 2346 1833 2431 omnia(Eph.4,
1856 2347 1918 2430 10).
1974 2349 2067 2411 Nunc
2087 2348 2184 2430 iqitur

186 2453 246 2496 non
271 2433 389 2514 plures.
444 2433 572 2514 Recipio
598 2453 673 2498 sanc
697 2453 776 2514 quae
809 2433 974 2514 profanent
1003 2433 1156 2514 exempla:
1209 2433 1314 2514 ipsum
1333 2432 1433 2497 adhuc
1453 2438 1647 2513 praesentem
1668 2432 1755 2497 habet
1776 2433 1913 2511 222222,
1942 2438 1969 2496 et
1990 2453 2109 2514 semper
2128 2432 2184 2496 22

186 2519 241 2583 sed
268 2539 309 2582 an
338 2539 376 2582 ea
402 2524 459 2582 toto
487 2519 555 2583 orbe
581 2520 734 2598 emahnnnt
754 2539 844 2600 apes,
876 2524 911 2582 ut
939 2540 1038 2602 rcqem
1059 2540 1158 2583 uuum
1209 2517 1313 2582 bitura
1336 2523 1389 2585 ea.
1423 2517 1587 2584 Rationem
1608 2540 1671 2601 qua
1691 2538 1724 2582 sc
1740 2518 1864 2597 eahibd,
1886 2518 1961 2582 dum
1977 2518 2041 2582 uult
2060 2517 2183 2582 Pardus

186 2604 322 2688 dicant?
353 2605 423 2668 suis
450 2604 625 2669 alvearibus
652 2606 780 2669 contenti
811 2609 884 2668 sunt
914 2625 1000 2688 repes
1031 2605 1157 2688 sinquli.
1209 2604 1376 2683 ostendere,
1409 2605 1452 2668 ad
1479 2605 1668 2683 ministeria,
1700 2605 1813 2685 quibus
1838 2605 1950 2683 ectitm,
1977 2624 2033 2668 nos
2057 2607 2183 2668 revocat.

187 2689 241 2753 Ita
261 2690 297 2753 in
325 2690 456 2772 qruibus
481 2711 682 2771 unaquaeque
714 2695 834 2755 caterva
860 2692 1029 2773 proprium
1058 2711 1159 2774 reqem
1210 2688 1253 2752 ln
1283 2689 1424 2754 omnibus
1450 2690 1551 2772 nobis,
1583 2691 1697 2771 iniquit,
1734 2694 1779 2754 est
1809 2689 1983 2766 Dmninus,
2016 2689 2184 2752 secundum

186 2775 281 2839 habet.
328 2776 410 2855 Quid
431 2776 502 2840 inde
522 2775 611 2840 aliud
631 2777 778 2853 2222222,
801 2796 895 2858 quam
917 2777 1052 2859 sinqulis
1072 2776 1159 2840 ecclc-
1208 2795 1387 2839 mensuram
1411 2778 1545 2857 qratioe,
1574 2797 1669 2857 quam
1694 2776 1861 2856 unicuique
1880 2774 2013 2839 membm
2042 2772 2183 2851 contulit,·
2252 2819 2255 2824 -

186 2861 246 2925 siis
267 2860 370 2924 222222
390 2880 463 2924 snos
482 2862 636 2943 episcopos
657 2858 810 2926 attribu?
848 2861 903 2926 Ad
922 2861 1028 2926 cicilia
1049 2862 1159 2926 2222222
1209 2861 1278 2925 ideo
1298 2862 1454 2926 coustituit
1480 2864 1560 2927 alios
1586 2862 1710 2942 quidem
1736 2861 1899 2943 apostolos,
1927 2860 2006 2925 alios
2033 2879 2102 2923 aero
2123 2879 2184 2940 po

187 2946 326 3027 euempla
347 2967 403 3011 nos
424 2952 539 3012 nocam.
569 2947 673 3012 (htont
694 2948 879 3011 lurnericnm
900 2947 988 3026 illud,
1011 2945 1063 3009 aix
1085 2946 1157 3028 cira-
1210 2952 1313 3025 stores,
1336 2947 1415 3011 alios
1434 2948 1645 3030 ecanqelistas,
1667 2947 1749 3012 alias
1769 2947 1909 3024 doctores,
1932 2952 1982 3010 etc.
2004 2944 2095 3030 (ibid.
2116 2952 2145 3023 4,
2163 2947 2181 3006 ‘l

175 3029 496 3117 thanehumeth,
521 3039 549 3097 et
570 3053 649 3113 quae
670 3034 772 3098 codem
792 3053 886 3098 sensu
906 3034 942 3096 in
962 3034 1159 3097 monarchiae
1210 3040 1243 3097 et
1265 3031 1328 3114 ll).
1374 3031 1439 3097 Cur
1460 3053 1520 3097 non
1536 3033 1619 3112 dicit,
1642 3053 1741 3097 unum
1759 3033 1900 3096 annibics
1911 3032 2107 3114 praefecisse,
2129 3029 2184 3111 qui

186 3118 472 3182 commendationum
506 3119 648 3202 loquutur
684 3119 771 3201 apud
802 3119 954 3200 profanos
985 3120 1158 3200 scriptores.
1210 3119 1290 3182 uices
1309 3139 1387 3182 suos
1405 3118 1544 3200 queret?
1575 3118 1618 3183 Id
1638 3120 1720 3183 enim
1743 3119 1827 3184 acus
1847 3119 1982 3183 marimo
1998 3115 2183 3200 postulabat,

188 3202 310 3267 Facilis
331 3209 374 3267 est
394 3206 560 3285 responsio.
601 3205 674 3268 Non
696 3205 778 3268 enim
794 3204 849 3268 hoc
868 3224 961 3268 sensu
982 3205 1028 3269 ael
1048 3204 1087 3268 ab
1108 3204 1159 3269 ho-
1209 3224 1263 3268 nec
1282 3203 1346 3268 ullo
1367 3205 1454 3267 modo
1474 3203 1576 3268 debuit
1596 3205 1702 3284 omitti,
1726 3206 1756 3269 si
1777 3225 1882 3269 ouum
1903 3210 1986 3268 esset.
2033 3202 2183 3280 Christus,

187 3291 298 3353 nurico
327 3289 442 3370 Ulqsse,
464 3290 510 3353 vel
531 3289 570 3353 ab
591 3290 666 3353 aliis
687 3291 836 3355 laudatur
856 3290 1045 3369 monarchia,
1067 3291 1159 3371 quasi
1209 3289 1429 3369 inquinabis
1451 3289 1543 3353 adast.
1591 3290 1770 3371 Quomodo?
1815 3291 1878 3355 Per
1903 3290 2111 3353 ministerium
2134 3287 2185 3351 ho-

187 3394 270 3438 nnus
290 3375 394 3439 22222
410 3379 504 3438 totccm
525 3374 626 3439 orbem
648 3377 777 3457 imperio
798 3397 915 3460 repere;
944 3377 998 3439 sed
1019 3377 1159 3440 indicare
1208 3377 1339 3453 minum,
1361 3392 1437 3455 quos
1456 3375 1674 3458 qubernandae
1694 3376 1836 3442 ecclesiae
1851 3375 2009 3457 praefecit.
2045 3373 2109 3438 Cur
2124 3393 2186 3437 non

187 3460 303 3538 adurit,
331 3480 459 3542 requam
479 3461 558 3526 duos
579 3482 640 3525 non
661 3482 781 3542 capere,
803 3467 829 3526 ct
845 3466 1024 3543 potestatem
1044 3461 1091 3545 (ut
1113 3463 1160 3525 ait
1204 3462 1326 3543 potius,
1349 3481 1409 3542 per
1430 3465 1523 3543 caput
1542 3463 1760 3539 ministeriale,
1783 3463 1834 3526 cui
1855 3462 1935 3526 uices
1957 3479 2034 3524 snas
2054 3459 2185 3522 manda-

187 3543 254 3629 ille)
275 3547 483 3627 impatientem
503 3567 568 3610 esse
589 3549 742 3611 consortis.
1210 3548 1279 3610 vit?
1328 3546 1481 3612 Ueritatem
1511 3549 1665 3611 nmninat:
1698 3549 1752 3612 sed
1779 3549 1814 3610 in
1842 3546 1919 3624 Deo,
1949 3546 2035 3611 etin
2067 3542 2186 3620 Christi
2258 3606 2260 3610 .

275 3636 324 3694 96.
377 3631 490 3695 Verum
521 3634 563 3695 sit
594 3652 682 3711 sane,
716 3639 750 3697 ut
776 3633 893 3709 colunt,
927 3632 1037 3696 bonum
1069 3636 1159 3714 atque
1208 3634 1278 3713 tide.
1323 3632 1510 3697 Hominibus
1538 3633 1619 3697 nihil
1640 3632 1762 3709 tribuit,
1789 3633 1855 3696 nisi
1875 3651 2030 3697 comnenae
2049 3631 2186 3694 ministe-

188 3717 276 3796 utilc,
299 3717 399 3781 orbem
420 3722 515 3781 totum
535 3718 714 3782 monarchia
735 3739 801 3782 una
828 3719 975 3782 contineri
1001 3716 1096 3798 (quod
1116 3722 1161 3782 cst
1209 3720 1304 3796 rium,
1327 3723 1354 3782 et
1374 3718 1538 3799 nonnique
1558 3719 1683 3783 nudum
1705 3718 1938 3800 particularem.
1985 3715 2051 3781 Cur
2071 3717 2106 3779 in
2128 3712 2186 3780 illa

188 3807 288 3867 tamen
314 3803 590 3881 absurdissimum
616 3804 670 3868 scd
691 3805 736 3868 ita
757 3803 829 3886 sit),
856 3824 916 3868 non
936 3809 1038 3868 tamen
1064 3824 1160 3885 prop
1210 3805 1467 3869 commendatione
1492 3805 1621 3868 2222222
1648 3803 1738 3887 (ibid.
1757 3809 1786 3883 4,
1806 3802 1852 3887 4),
1873 3809 2040 3885 postquam
2064 3801 2188 3867 222222

188 3892 269 3952 terea
290 3890 458 3967 concedam
480 3889 515 3952 id
535 3889 640 3968 ipsum
660 3891 695 3952 in
716 3890 856 3954 ecclesiae
871 3888 1087 3974 qubemationc
1108 3910 1160 3953 aa·
1211 3910 1309 3954 unum
1331 3910 1456 3971 corpus,
1484 3911 1583 3953 unum
1603 3891 1764 3971 spiritum,
1787 3909 1883 3953 ninam
1904 3909 1989 3970 222
2009 3887 2185 3966 vocationis,

187 3973 255 4037 lere.
299 3974 400 4038 Habet
425 3975 506 4038 enim
533 3974 591 4037 illa
614 3973 771 4039 Christum
796 3977 924 4039 2222222
945 3995 1038 4039 suum
1059 3980 1159 4057 caput,
1211 3996 1309 4039 unum
1331 3975 1443 4054 Deum,
1465 3997 1563 4040 unam
1581 3977 1683 4057 tidem
1705 3995 1803 4038 renum
1825 3975 1987 4058 baptisma,
2010 3994 2072 4039 non
2093 3974 2186 4037 eliam

190 4059 246 4123 sub
267 4061 357 4124 cuins
378 4060 561 4140 principatu
587 4080 691 4124 omnes
710 4062 791 4125 inter
810 4081 866 4125 nos
887 4061 1093 4138 cohaeranus,
1116 4080 1161 4125 se·
1212 4063 1350 4126 continuo
1371 4062 1507 4140 addidit,
1529 4082 1628 4125 unum
1648 4081 1804 4125 summum
1820 4062 2003 4142 paetitiam,
2026 4061 2080 4140 qni
2100 4057 2186 4124 ecclo-

190 4146 324 4208 cundum
345 4166 414 4209 cum
440 4145 591 4224 ordinum,
613 4151 641 4209 et
661 4167 730 4210 eam
746 4147 876 4227 politiae
895 4146 1046 4227 formam,
1066 4166 1160 4226 quom
1211 4149 1294 4210 2222
1324 4148 1359 4210 in
1390 4149 1508 4212 unitate
1534 4148 1707 4212 contineat?
1751 4146 1845 4211 Nihil
1875 4148 1957 4212 enim
1990 4147 2095 4227 aptius
2121 4143 2186 4208 dici

189 4231 257 4312 ipse
279 4233 491 4312 praescripsit.
541 4231 700 4313 Insiqnem
728 4234 831 4312 itaque
861 4233 1015 4296 iniuriam
1038 4230 1160 4295 Clnisto
1206 4238 1335 4314 poterat,
1357 4234 1512 4314 siquidem
1533 4234 1579 4297 ita
1600 4253 1650 4298 res
1671 4232 1798 4297 haberet.
1831 4232 2037 4314 Enpurdatur
2058 4229 2185 4311 2222222-

187 4317 323 4396 saciunt,
356 4338 452 4397 quum
485 4337 518 4380 eo
548 4322 711 4396 quaeteatu
743 4318 846 4381 volunt
878 4317 1029 4382 huminem
1061 4338 1159 4381 unum
1211 4324 1256 4383 ter
1285 4319 1368 4383 2222
1394 4319 1455 4382 ille.
1501 4318 1573 4383 Non
1604 4318 1733 4382 222222
1758 4319 1834 4400 quin
1866 4322 2093 4400 repraesentare
2119 4313 2186 4378 illic

184 4422 329 4482 praeesse
361 4403 501 4467 222222
528 4403 702 4482 uniuersae,
732 4404 807 4483 qnia
834 4402 908 4467 haec
933 4405 1032 4484 capite
1056 4423 1160 4468 carere
1206 4407 1333 4487 percitus
1354 4405 1482 4468 oduerit
1503 4423 1627 4468 sacrum
1648 4408 1676 4467 et
1698 4403 1864 4486 spirituale
1880 4404 2020 4469 ecciesiae
2041 4385 2184 4483 repimln,

188 4507 249 4549 non
271 4489 380 4569 possit.
432 4487 575 4552 Christus
606 4489 686 4552 enim
712 4493 805 4570 caput
830 4494 888 4565 est,
915 4509 953 4553 ea
979 4509 1038 4569 quo
1065 4492 1159 4552 totum
1211 4491 1291 4571 qnod
1307 4492 1424 4572 posteri
1443 4489 1651 4554 hierarchiam
1671 4490 1825 4554 diamant.
1868 4488 2086 4553 Mmmrchiam
2104 4486 2186 4549 inter

189 4592 299 4652 corpus
319 4578 505 4654 compactum
526 4579 554 4637 et
577 4593 744 4638 connexum
764 4595 824 4655 per
845 4594 962 4639 munem
982 4576 1160 4639 iuncturam
1210 4577 1370 4640 ministros
1396 4597 1458 4640 non
1483 4577 1571 4640 niodo
1601 4575 1723 4640 nullam
1745 4577 1849 4658 ponit,
1882 4576 1936 4639 sed
1953 4574 2046 4638 etiam
2067 4571 2186 4636 indicat

188 4658 497 4736 subministrationis,
523 4661 689 4723 secundum
715 4660 917 4740 operationem
949 4661 982 4722 in
1013 4680 1159 4723 mensura
1210 4661 1330 4726 nullam
1360 4681 1432 4727 esse.
1486 4662 1559 4726 Non
1587 4661 1716 4726 dubium
1743 4668 1787 4726 est
1814 4663 1920 4737 etiam,
1953 4659 2029 4738 quin
2060 4656 2187 4721 madum

188 4745 335 4825 cuiusque
362 4745 504 4821 membri,
534 4751 729 4827 uuqmentum
750 4746 885 4827 corporis
910 4745 987 4826 facit
1008 4745 1108 4829 (Eph.
1128 4750 1157 4824 4,
1211 4747 1430 4812 conimidionis
1451 4749 1622 4829 22222222
1642 4747 1777 4823 coluerit,
1799 4766 1858 4827 quo
1877 4744 1982 4826 fideles
2003 4763 2072 4807 22
2096 4740 2187 4807 Chri-

60 4855 65 4862 ¹
191 4834 228 4892 lb
243 4829 355 4913 seqq).
390 4830 484 4894 Vides
501 4835 538 4894 ut
558 4851 661 4896 omncs
681 4831 823 4895 22222
844 4831 912 4894 22222
933 4833 1103 4912 exceptione
1124 4832 1159 4895 in
1210 4837 1256 4896 sto
1277 4834 1375 4915 capite
1398 4854 1454 4898 suo
1481 4833 1644 4898 cohaerent.
1688 4831 1764 4895 Illic
1790 4850 1850 4895 non
1877 4830 1964 4894 modo
1985 4829 2106 4893 nullum
2127 4828 2185 4891 mi·

103 4983 106 4993 ,
187 4915 608 5065 Chwegoaoheidesmlmm
629 4921 657 4981 et
676 4917 908 5067 consumma
928 4915 1083 5066 rigleianuat
1102 4917 1160 4980 uni
1210 4918 1368 5067 me
1389 4924 1480 5017 caput
1501 4921 1725 5015 22222222,
1738 4916 1806 5014 'sed
1826 4917 2029 4996 operationum
2049 4912 2185 5015 sinpulis

186 5007 377 5166 2222222222,
405 5092 432 5151 2
455 5003 838 5168 2222222Μ222Ζ22222222
867 5007 1160 5169 222222222ῳῶ
1211 5089 1320 5170 cuique
1340 5003 2186 5169 dfflmrnfflugtmmgenaemafflmss

188 5176 259 5235 tum·
270 5174 392 5256 qratiae
407 5173 568 5256 perfectio,
590 5178 656 5236 tum
674 5194 798 5238 mmmm
814 5174 1008 5258 92222222
1023 5179 1161 5255 potestas
1210 5174 1296 5239 lestis
1315 5179 1343 5239 ot
1374 5179 1509 5240 terrenae
1534 5174 1727 5241 hierarchiae
1750 5173 1902 5239 subtiliter
1923 5172 2186 5255 philosophentur.

182 5279 277 5339 penes
308 5258 466 5324 Christum
491 5279 589 5323 unum
615 5260 773 5325 resideat?
822 5260 888 5325 Nec
913 5258 1058 5366 me'latet
1083 5260 1160 5350 quid
1213 5260 1300 5324 Nam
1321 5279 1375 5325 nec
1395 5260 1433 5326 de
1454 5261 1510 5324 illa
1531 5267 1631 5326 22222
1652 5266 1696 5327 est
1712 5260 1797 5326 alba
1815 5260 1940 5325 modum
1956 5278 2080 5342 sapere,·
2101 5261 2130 5323 ct
2149 5257 2187 5321 in
