<?xml version="1.0" encoding="UTF-8"?>
<!DOCTYPE html PUBLIC "-//W3C//DTD XHTML 1.0 Transitional//EN"
    "http://www.w3.org/TR/xhtml1/DTD/xhtml1-transitional.dtd">
<html xmlns="http://www.w3.org/1999/xhtml" xml:lang="en" lang="en">
 <head>
  <title>
</title>
<meta http-equiv="Content-Type" content="text/html;charset=utf-8" />
  <meta name='ocr-system' content='tesseract 3.04.00' />
  <meta name='ocr-capabilities' content='ocr_page ocr_carea ocr_par ocr_line ocrx_word'/>
</head>
<body>
  <div class='ocr_page' id='page_1' title='image "./ioanniscalvinio05calvgoog_0644.png"; bbox 0 0 4770 6030; ppageno 0'>
   <div class='ocr_carea' id='block_1_1' title="bbox 193 397 2190 485">
    <p class='ocr_par' dir='ltr' id='par_1_1' title="bbox 193 397 2190 485">
     <span class='ocr_line' id='line_1_1' title="bbox 193 397 2190 485; baseline -0.001 -16"><span class='ocrx_word' id='word_1_1' title='bbox 193 410 275 471; x_wconf 78' lang='lat' dir='ltr'><strong>ns</strong></span> <span class='ocrx_word' id='word_1_2' title='bbox 611 397 1767 485; x_wconf 77' lang='lat' dir='ltr'><strong>aar.xxr.(xvn.)nnvmsnormusonmsmau1.</strong></span> <span class='ocrx_word' id='word_1_3' title='bbox 2108 407 2190 469; x_wconf 86' lang='lat'>1150</span> 
     </span>
    </p>
   </div>
   <div class='ocr_carea' id='block_1_2' title="bbox 191 504 2192 677">
    <p class='ocr_par' dir='ltr' id='par_1_2' title="bbox 191 504 2192 677">
     <span class='ocr_line' id='line_1_2' title="bbox 191 504 2192 677; baseline -0.004 -15"><span class='ocrx_word' id='word_1_4' title='bbox 191 504 587 677; x_wconf 55' lang='lat' dir='ltr'><strong>doidi2gbi305birlcdn50tbdr</strong></span> <span class='ocrx_word' id='word_1_5' title='bbox 616 589 832 673; x_wconf 90' lang='lat' dir='ltr'><strong>perniciosum</strong></span> <span class='ocrx_word' id='word_1_6' title='bbox 854 589 977 654; x_wconf 88' lang='lat' dir='ltr'><strong>malum</strong></span> <span class='ocrx_word' id='word_1_7' title='bbox 1000 598 1164 671; x_wconf 81' lang='lat' dir='ltr'><strong>cuperent,</strong></span> <span class='ocrx_word' id='word_1_8' title='bbox 1217 588 1294 651; x_wconf 88' lang='lat' dir='ltr'><strong>tatis</strong></span> <span class='ocrx_word' id='word_1_9' title='bbox 1315 589 1399 652; x_wconf 89' lang='lat' dir='ltr'>nihil</span> <span class='ocrx_word' id='word_1_10' title='bbox 1421 610 1486 652; x_wconf 92' lang='lat' dir='ltr'><strong>non</strong></span> <span class='ocrx_word' id='word_1_11' title='bbox 1512 589 1560 653; x_wconf 92' lang='lat' dir='ltr'><strong>illi</strong></span> <span class='ocrx_word' id='word_1_12' title='bbox 1587 591 1792 671; x_wconf 89' lang='lat' dir='ltr'><strong>permittunt.</strong></span> <span class='ocrx_word' id='word_1_13' title='bbox 1838 591 1951 655; x_wconf 90' lang='lat' dir='ltr'><strong>Primo</strong></span> <span class='ocrx_word' id='word_1_14' title='bbox 1972 592 2122 653; x_wconf 74' lang='lat' dir='ltr'><strong>hacnmn</strong></span> <span class='ocrx_word' id='word_1_15' title='bbox 2144 591 2192 653; x_wconf 93' lang='lat' dir='ltr'><strong>illi</strong></span> 
     </span>
    </p>
   </div>
   <div class='ocr_carea' id='block_1_3' title="bbox 119 674 2194 5378">
    <p class='ocr_par' dir='ltr' id='par_1_3' title="bbox 119 674 2194 5378">
     <span class='ocr_line' id='line_1_3' title="bbox 192 674 2193 763; baseline -0.002 -18"><span class='ocrx_word' id='word_1_16' title='bbox 192 702 274 763; x_wconf 88' lang='lat' dir='ltr'><strong>quae</strong></span> <span class='ocrx_word' id='word_1_17' title='bbox 301 701 369 743; x_wconf 91' lang='lat' dir='ltr'><strong>una</strong></span> <span class='ocrx_word' id='word_1_18' title='bbox 390 679 455 743; x_wconf 88' lang='lat' dir='ltr'><strong>illis</strong></span> <span class='ocrx_word' id='word_1_19' title='bbox 477 676 665 741; x_wconf 86' lang='lat' dir='ltr'><strong>occurrebat</strong></span> <span class='ocrx_word' id='word_1_20' title='bbox 692 676 789 752; x_wconf 89' lang='lat' dir='ltr'><strong>ratio,</strong></span> <span class='ocrx_word' id='word_1_21' title='bbox 819 676 980 757; x_wconf 86' lang='lat' dir='ltr'><strong>corporeis</strong></span> <span class='ocrx_word' id='word_1_22' title='bbox 1001 674 1094 739; x_wconf 87' lang='lat' dir='ltr'><strong>bonis</strong></span> <span class='ocrx_word' id='word_1_23' title='bbox 1116 675 1165 737; x_wconf 90' lang='lat' dir='ltr'><strong>nti</strong></span> <span class='ocrx_word' id='word_1_24' title='bbox 1219 695 1319 737; x_wconf 90' lang='lat' dir='ltr'><strong>unum</strong></span> <span class='ocrx_word' id='word_1_25' title='bbox 1342 675 1495 752; x_wconf 89' lang='lat' dir='ltr'><strong>iniicitnr,</strong></span> <span class='ocrx_word' id='word_1_26' title='bbox 1518 676 1546 739; x_wconf 90' lang='lat' dir='ltr'><strong>si</strong></span> <span class='ocrx_word' id='word_1_27' title='bbox 1568 685 1739 751; x_wconf 66' lang='lat' dir='ltr'><strong>statuatur,</strong></span> <span class='ocrx_word' id='word_1_28' title='bbox 1761 675 1833 741; x_wconf 88' lang='lat' dir='ltr'><strong>ideo</strong></span> <span class='ocrx_word' id='word_1_29' title='bbox 1856 674 1986 741; x_wconf 89' lang='lat' dir='ltr'><strong>condita</strong></span> <span class='ocrx_word' id='word_1_30' title='bbox 2008 676 2100 740; x_wconf 88' lang='lat' dir='ltr'><strong>nobis</strong></span> <span class='ocrx_word' id='word_1_31' title='bbox 2123 697 2193 741; x_wconf 88' lang='lat' dir='ltr'><strong>esse</strong></span> 
     </span>
     <span class='ocr_line' id='line_1_4' title="bbox 192 760 2194 846; baseline -0.002 -16"><span class='ocrx_word' id='word_1_32' title='bbox 192 765 318 831; x_wconf 89' lang='lat' dir='ltr'><strong>homini</strong></span> <span class='ocrx_word' id='word_1_33' title='bbox 335 765 565 846; x_wconf 89' lang='lat' dir='ltr'><strong>permiserunt,</strong></span> <span class='ocrx_word' id='word_1_34' title='bbox 588 771 748 842; x_wconf 87' lang='lat' dir='ltr'><strong>quatenus</strong></span> <span class='ocrx_word' id='word_1_35' title='bbox 766 762 967 825; x_wconf 88' lang='lat' dir='ltr'><strong>necessitatis</strong></span> <span class='ocrx_word' id='word_1_36' title='bbox 985 762 1164 824; x_wconf 69' lang='lat' dir='ltr'><strong>interesset.</strong></span> <span class='ocrx_word' id='word_1_37' title='bbox 1217 760 1342 831; x_wconf 93' lang='lat' dir='ltr'><strong>omnia,</strong></span> <span class='ocrx_word' id='word_1_38' title='bbox 1371 770 1408 824; x_wconf 90' lang='lat' dir='ltr'><strong>ut</strong></span> <span class='ocrx_word' id='word_1_39' title='bbox 1429 781 1661 843; x_wconf 79' lang='lat' dir='ltr'>cognoscamus</span> <span class='ocrx_word' id='word_1_40' title='bbox 1684 772 1846 839; x_wconf 86' lang='lat' dir='ltr'><strong>autorem,</strong></span> <span class='ocrx_word' id='word_1_41' title='bbox 1869 784 1906 825; x_wconf 89' lang='lat' dir='ltr'><strong>ac</strong></span> <span class='ocrx_word' id='word_1_42' title='bbox 1929 762 1998 824; x_wconf 90' lang='lat' dir='ltr'><strong>eins</strong></span> <span class='ocrx_word' id='word_1_43' title='bbox 2019 760 2194 843; x_wconf 89' lang='lat' dir='ltr'><strong>indulgen-</strong></span> 
     </span>
     <span class='ocr_line' id='line_1_5' title="bbox 191 845 2194 932; baseline -0.003 -16"><span class='ocrx_word' id='word_1_44' title='bbox 191 854 290 917; x_wconf 91' lang='lat' dir='ltr'><strong>Pinm</strong></span> <span class='ocrx_word' id='word_1_45' title='bbox 319 850 449 932; x_wconf 86' lang='lat' dir='ltr'><strong>quidem</strong></span> <span class='ocrx_word' id='word_1_46' title='bbox 476 848 664 924; x_wconf 88' lang='lat' dir='ltr'><strong>consilium;</strong></span> <span class='ocrx_word' id='word_1_47' title='bbox 693 846 748 911; x_wconf 91' lang='lat' dir='ltr'><strong>sed</strong></span> <span class='ocrx_word' id='word_1_48' title='bbox 776 846 940 927; x_wconf 90' lang='lat' dir='ltr'><strong>impendio</strong></span> <span class='ocrx_word' id='word_1_49' title='bbox 970 846 1165 909; x_wconf 79' lang='lat' dir='ltr'><strong>austeriores</strong></span> <span class='ocrx_word' id='word_1_50' title='bbox 1218 845 1298 907; x_wconf 90' lang='lat' dir='ltr'><strong>tiam</strong></span> <span class='ocrx_word' id='word_1_51' title='bbox 1320 867 1399 928; x_wconf 90' lang='lat' dir='ltr'><strong>erga</strong></span> <span class='ocrx_word' id='word_1_52' title='bbox 1418 867 1477 909; x_wconf 87' lang='lat' dir='ltr'><strong>nos</strong></span> <span class='ocrx_word' id='word_1_53' title='bbox 1505 848 1685 929; x_wconf 88' lang='lat' dir='ltr'><strong>gratiarum</strong></span> <span class='ocrx_word' id='word_1_54' title='bbox 1705 848 1830 911; x_wconf 86' lang='lat' dir='ltr'><strong>actione</strong></span> <span class='ocrx_word' id='word_1_55' title='bbox 1855 868 2097 929; x_wconf 87' lang='lat' dir='ltr'><strong>prosequamur.</strong></span> <span class='ocrx_word' id='word_1_56' title='bbox 2127 847 2194 912; x_wconf 86' lang='lat' dir='ltr'><strong>Ubi</strong></span> 
     </span>
     <span class='ocr_line' id='line_1_6' title="bbox 190 931 2190 1015; baseline -0.002 -14"><span class='ocrx_word' id='word_1_57' title='bbox 190 940 333 1002; x_wconf 83' lang='lat' dir='ltr'><strong>fuerunt.</strong></span> <span class='ocrx_word' id='word_1_58' title='bbox 362 936 449 999; x_wconf 92' lang='lat' dir='ltr'><strong>Nam</strong></span> <span class='ocrx_word' id='word_1_59' title='bbox 472 934 557 1015; x_wconf 92' lang='lat' dir='ltr'><strong>quod</strong></span> <span class='ocrx_word' id='word_1_60' title='bbox 579 948 629 996; x_wconf 87' lang='lat' dir='ltr'><strong>cst</strong></span> <span class='ocrx_word' id='word_1_61' title='bbox 650 932 745 996; x_wconf 88' lang='lat' dir='ltr'><strong>valdo</strong></span> <span class='ocrx_word' id='word_1_62' title='bbox 766 932 991 1012; x_wconf 83' lang='lat' dir='ltr'><strong>periculosrnn,</strong></span> <span class='ocrx_word' id='word_1_63' title='bbox 1011 931 1166 996; x_wconf 78' lang='lat' dir='ltr'><strong>arctiores</strong></span> <span class='ocrx_word' id='word_1_64' title='bbox 1218 931 1398 1012; x_wconf 87' lang='lat' dir='ltr'><strong>gratiarnm</strong></span> <span class='ocrx_word' id='word_1_65' title='bbox 1421 932 1513 1008; x_wconf 89' lang='lat' dir='ltr'><strong>actio,</strong></span> <span class='ocrx_word' id='word_1_66' title='bbox 1537 934 1564 995; x_wconf 86' lang='lat' dir='ltr'><strong>si</strong></span> <span class='ocrx_word' id='word_1_67' title='bbox 1587 943 1619 997; x_wconf 90' lang='lat' dir='ltr'><strong>te</strong></span> <span class='ocrx_word' id='word_1_68' title='bbox 1641 932 1746 1014; x_wconf 86' lang='lat' dir='ltr'><strong>epulis</strong></span> <span class='ocrx_word' id='word_1_69' title='bbox 1764 941 1822 995; x_wconf 90' lang='lat' dir='ltr'><strong>aut</strong></span> <span class='ocrx_word' id='word_1_70' title='bbox 1839 933 1915 995; x_wconf 86' lang='lat' dir='ltr'><strong>vino</strong></span> <span class='ocrx_word' id='word_1_71' title='bbox 1934 933 1979 996; x_wconf 89' lang='lat' dir='ltr'><strong>ita</strong></span> <span class='ocrx_word' id='word_1_72' title='bbox 1999 933 2190 1015; x_wconf 76' lang='lat' dir='ltr'><strong>ingurgites,</strong></span> 
     </span>
     <span class='ocr_line' id='line_1_7' title="bbox 191 1016 2194 1104; baseline -0.003 -17"><span class='ocrx_word' id='word_1_73' title='bbox 191 1024 324 1104; x_wconf 88' lang='lat' dir='ltr'><strong>laqueos</strong></span> <span class='ocrx_word' id='word_1_74' title='bbox 348 1019 525 1083; x_wconf 89' lang='lat' dir='ltr'><strong>induerunt</strong></span> <span class='ocrx_word' id='word_1_75' title='bbox 552 1018 769 1094; x_wconf 80' lang='lat' dir='ltr'><strong>conscientiis,</strong></span> <span class='ocrx_word' id='word_1_76' title='bbox 798 1038 895 1098; x_wconf 90' lang='lat' dir='ltr'><strong>quam</strong></span> <span class='ocrx_word' id='word_1_77' title='bbox 922 1018 1039 1098; x_wconf 91' lang='lat' dir='ltr'><strong>quibus</strong></span> <span class='ocrx_word' id='word_1_78' title='bbox 1067 1017 1166 1081; x_wconf 86' lang='lat' dir='ltr'><strong>verbo</strong></span> <span class='ocrx_word' id='word_1_79' title='bbox 1219 1025 1255 1078; x_wconf 93' lang='lat' dir='ltr'><strong>ut</strong></span> <span class='ocrx_word' id='word_1_80' title='bbox 1276 1016 1328 1079; x_wconf 89' lang='lat' dir='ltr'><strong>vel</strong></span> <span class='ocrx_word' id='word_1_81' title='bbox 1352 1017 1575 1099; x_wconf 80' lang='lat' dir='ltr'><strong>obstupescas,</strong></span> <span class='ocrx_word' id='word_1_82' title='bbox 1602 1018 1656 1082; x_wconf 85' lang='lat' dir='ltr'><strong>vel</strong></span> <span class='ocrx_word' id='word_1_83' title='bbox 1680 1018 1805 1081; x_wconf 89' lang='lat' dir='ltr'><strong>inutilis</strong></span> <span class='ocrx_word' id='word_1_84' title='bbox 1834 1018 1979 1082; x_wconf 91' lang='lat' dir='ltr'><strong>reddaris</strong></span> <span class='ocrx_word' id='word_1_85' title='bbox 2001 1016 2042 1081; x_wconf 91' lang='lat' dir='ltr'><strong>ad</strong></span> <span class='ocrx_word' id='word_1_86' title='bbox 2064 1018 2194 1099; x_wconf 87' lang='lat' dir='ltr'><strong>pietatis</strong></span> 
     </span>
     <span class='ocr_line' id='line_1_8' title="bbox 191 1102 2194 1187; baseline -0.003 -14"><span class='ocrx_word' id='word_1_87' title='bbox 191 1108 326 1173; x_wconf 89' lang='lat' dir='ltr'><strong>Domini</strong></span> <span class='ocrx_word' id='word_1_88' title='bbox 360 1107 609 1187; x_wconf 88' lang='lat' dir='ltr'><strong>stringerentur.</strong></span> <span class='ocrx_word' id='word_1_89' title='bbox 658 1103 756 1167; x_wconf 87' lang='lat' dir='ltr'><strong>Multi</strong></span> <span class='ocrx_word' id='word_1_90' title='bbox 795 1114 904 1167; x_wconf 89' lang='lat' dir='ltr'><strong>autem</strong></span> <span class='ocrx_word' id='word_1_91' title='bbox 942 1102 1052 1179; x_wconf 92' lang='lat' dir='ltr'><strong>hodie,</strong></span> <span class='ocrx_word' id='word_1_92' title='bbox 1087 1102 1165 1166; x_wconf 92' lang='lat' dir='ltr'><strong>dum</strong></span> <span class='ocrx_word' id='word_1_93' title='bbox 1218 1110 1357 1183; x_wconf 86' lang='lat' dir='ltr'><strong>tuaeque</strong></span> <span class='ocrx_word' id='word_1_94' title='bbox 1386 1104 1564 1167; x_wconf 86' lang='lat' dir='ltr'><strong>voe-ationis</strong></span> <span class='ocrx_word' id='word_1_95' title='bbox 1593 1102 1720 1167; x_wconf 85' lang='lat' dir='ltr'><strong>officia?</strong></span> <span class='ocrx_word' id='word_1_96' title='bbox 1771 1104 1836 1169; x_wconf 89' lang='lat' dir='ltr'><strong>Ubi</strong></span> <span class='ocrx_word' id='word_1_97' title='bbox 1857 1104 1920 1167; x_wconf 91' lang='lat' dir='ltr'><strong>Dei</strong></span> <span class='ocrx_word' id='word_1_98' title='bbox 1950 1103 2140 1185; x_wconf 88' lang='lat' dir='ltr'><strong>recogniti0,</strong></span> <span class='ocrx_word' id='word_1_99' title='bbox 2165 1105 2194 1167; x_wconf 88' lang='lat' dir='ltr'><strong>si</strong></span> 
     </span>
     <span class='ocr_line' id='line_1_9' title="bbox 191 1187 2193 1277; baseline -0.003 -20"><span class='ocrx_word' id='word_1_100' title='bbox 191 1201 398 1277; x_wconf 83' lang='lat' dir='ltr'><strong>praetextum</strong></span> <span class='ocrx_word' id='word_1_101' title='bbox 420 1198 589 1271; x_wconf 88' lang='lat' dir='ltr'><strong>quaerunt,</strong></span> <span class='ocrx_word' id='word_1_102' title='bbox 613 1210 676 1270; x_wconf 93' lang='lat' dir='ltr'><strong>quo</strong></span> <span class='ocrx_word' id='word_1_103' title='bbox 694 1190 728 1251; x_wconf 93' lang='lat' dir='ltr'><strong>in</strong></span> <span class='ocrx_word' id='word_1_104' title='bbox 747 1210 856 1251; x_wconf 89' lang='lat' dir='ltr'><strong>rerum</strong></span> <span class='ocrx_word' id='word_1_105' title='bbox 875 1199 1085 1251; x_wconf 81' lang='lat' dir='ltr'><strong>externarum</strong></span> <span class='ocrx_word' id='word_1_106' title='bbox 1104 1210 1165 1252; x_wconf 89' lang='lat' dir='ltr'><strong>usu</strong></span> <span class='ocrx_word' id='word_1_107' title='bbox 1219 1207 1302 1263; x_wconf 90' lang='lat' dir='ltr'><strong>earo,</strong></span> <span class='ocrx_word' id='word_1_108' title='bbox 1326 1210 1367 1252; x_wconf 88' lang='lat' dir='ltr'><strong>cx</strong></span> <span class='ocrx_word' id='word_1_109' title='bbox 1385 1189 1487 1251; x_wconf 89' lang='lat' dir='ltr'><strong>nimia</strong></span> <span class='ocrx_word' id='word_1_110' title='bbox 1504 1188 1703 1253; x_wconf 88' lang='lat' dir='ltr'><strong>abundantia</strong></span> <span class='ocrx_word' id='word_1_111' title='bbox 1721 1190 1756 1253; x_wconf 91' lang='lat' dir='ltr'><strong>in</strong></span> <span class='ocrx_word' id='word_1_112' title='bbox 1773 1187 1901 1253; x_wconf 83' lang='lat' dir='ltr'><strong>foedam</strong></span> <span class='ocrx_word' id='word_1_113' title='bbox 1918 1189 2085 1253; x_wconf 85' lang='lat' dir='ltr'><strong>libidinem</strong></span> <span class='ocrx_word' id='word_1_114' title='bbox 2102 1188 2193 1253; x_wconf 90' lang='lat' dir='ltr'><strong>ebul·</strong></span> 
     </span>
     <span class='ocr_line' id='line_1_10' title="bbox 191 1272 2193 1358; baseline -0.004 -13"><span class='ocrx_word' id='word_1_115' title='bbox 191 1280 300 1345; x_wconf 87' lang='lat' dir='ltr'><strong>carnis</strong></span> <span class='ocrx_word' id='word_1_116' title='bbox 328 1277 536 1358; x_wconf 87' lang='lat' dir='ltr'><strong>intemperies</strong></span> <span class='ocrx_word' id='word_1_117' title='bbox 558 1282 746 1350; x_wconf 83' lang='lat' dir='ltr'><strong>excusetur,</strong></span> <span class='ocrx_word' id='word_1_118' title='bbox 770 1282 803 1337; x_wconf 89' lang='lat' dir='ltr'><strong>et</strong></span> <span class='ocrx_word' id='word_1_119' title='bbox 826 1274 957 1336; x_wconf 84' lang='lat' dir='ltr'><strong>interim</strong></span> <span class='ocrx_word' id='word_1_120' title='bbox 984 1274 1166 1338; x_wconf 82' lang='lat' dir='ltr'><strong>lascivienti</strong></span> <span class='ocrx_word' id='word_1_121' title='bbox 1218 1272 1315 1341; x_wconf 85' lang='lat' dir='ltr'><strong>lions,</strong></span> <span class='ocrx_word' id='word_1_122' title='bbox 1344 1281 1488 1337; x_wconf 88' lang='lat' dir='ltr'><strong>mentem</strong></span> <span class='ocrx_word' id='word_1_123' title='bbox 1509 1275 1698 1357; x_wconf 88' lang='lat' dir='ltr'><strong>impuritate</strong></span> <span class='ocrx_word' id='word_1_124' title='bbox 1720 1297 1780 1338; x_wconf 91' lang='lat' dir='ltr'><strong>sua</strong></span> <span class='ocrx_word' id='word_1_125' title='bbox 1805 1276 1922 1349; x_wconf 87' lang='lat' dir='ltr'><strong>inficit,</strong></span> <span class='ocrx_word' id='word_1_126' title='bbox 1951 1273 2091 1355; x_wconf 88' lang='lat' dir='ltr'><strong>nequid</strong></span> <span class='ocrx_word' id='word_1_127' title='bbox 2114 1276 2193 1339; x_wconf 89' lang='lat' dir='ltr'><strong>recti</strong></span> 
     </span>
     <span class='ocr_line' id='line_1_11' title="bbox 191 1358 2194 1441; baseline -0.003 -11"><span class='ocrx_word' id='word_1_128' title='bbox 191 1366 279 1431; x_wconf 84' lang='lat' dir='ltr'><strong>viam</strong></span> <span class='ocrx_word' id='word_1_129' title='bbox 301 1374 446 1427; x_wconf 88' lang='lat' dir='ltr'><strong>sternere</strong></span> <span class='ocrx_word' id='word_1_130' title='bbox 468 1361 598 1439; x_wconf 85' lang='lat' dir='ltr'><strong>volunt,</strong></span> <span class='ocrx_word' id='word_1_131' title='bbox 621 1381 679 1441; x_wconf 92' lang='lat' dir='ltr'><strong>pro</strong></span> <span class='ocrx_word' id='word_1_132' title='bbox 702 1360 847 1423; x_wconf 76' lang='lat' dir='ltr'><strong>contessa</strong></span> <span class='ocrx_word' id='word_1_133' title='bbox 870 1371 1056 1437; x_wconf 89' lang='lat' dir='ltr'><strong>assumunt,</strong></span> <span class='ocrx_word' id='word_1_134' title='bbox 1079 1358 1165 1440; x_wconf 93' lang='lat' dir='ltr'><strong>quod</strong></span> <span class='ocrx_word' id='word_1_135' title='bbox 1218 1367 1275 1421; x_wconf 89' lang='lat' dir='ltr'><strong>aut</strong></span> <span class='ocrx_word' id='word_1_136' title='bbox 1297 1358 1424 1422; x_wconf 85' lang='lat' dir='ltr'><strong>honest-i</strong></span> <span class='ocrx_word' id='word_1_137' title='bbox 1446 1359 1582 1424; x_wconf 86' lang='lat' dir='ltr'><strong>cernas?</strong></span> <span class='ocrx_word' id='word_1_138' title='bbox 1627 1360 1690 1426; x_wconf 87' lang='lat' dir='ltr'><strong>Ubi</strong></span> <span class='ocrx_word' id='word_1_139' title='bbox 1712 1360 1748 1424; x_wconf 92' lang='lat' dir='ltr'><strong>in</strong></span> <span class='ocrx_word' id='word_1_140' title='bbox 1766 1360 1910 1425; x_wconf 85' lang='lat' dir='ltr'><strong>vestibus</strong></span> <span class='ocrx_word' id='word_1_141' title='bbox 1932 1359 2096 1441; x_wconf 91' lang='lat' dir='ltr'><strong>gratitudo</strong></span> <span class='ocrx_word' id='word_1_142' title='bbox 2114 1381 2194 1441; x_wconf 88' lang='lat' dir='ltr'><strong>erga</strong></span> 
     </span>
     <span class='ocr_line' id='line_1_12' title="bbox 190 1444 2193 1527; baseline -0.002 -13"><span class='ocrx_word' id='word_1_143' title='bbox 190 1451 324 1514; x_wconf 89' lang='lat' dir='ltr'><strong>minime</strong></span> <span class='ocrx_word' id='word_1_144' title='bbox 342 1448 407 1512; x_wconf 86' lang='lat' dir='ltr'><strong>illis</strong></span> <span class='ocrx_word' id='word_1_145' title='bbox 425 1446 579 1511; x_wconf 89' lang='lat' dir='ltr'><strong>concedo:</strong></span> <span class='ocrx_word' id='word_1_146' title='bbox 603 1446 694 1508; x_wconf 91' lang='lat' dir='ltr'><strong>nulla</strong></span> <span class='ocrx_word' id='word_1_147' title='bbox 711 1444 947 1507; x_wconf 83' lang='lat' dir='ltr'><strong>modificatione</strong></span> <span class='ocrx_word' id='word_1_148' title='bbox 965 1446 1165 1527; x_wconf 86' lang='lat' dir='ltr'><strong>restringen-</strong></span> <span class='ocrx_word' id='word_1_149' title='bbox 1218 1444 1343 1521; x_wconf 87' lang='lat' dir='ltr'><strong>Deum,</strong></span> <span class='ocrx_word' id='word_1_150' title='bbox 1373 1445 1399 1508; x_wconf 84' lang='lat' dir='ltr'><strong>si</strong></span> <span class='ocrx_word' id='word_1_151' title='bbox 1423 1454 1612 1526; x_wconf 85' lang='lat' dir='ltr'><strong>sumptuoso</strong></span> <span class='ocrx_word' id='word_1_152' title='bbox 1639 1468 1750 1509; x_wconf 84' lang='lat' dir='ltr'><strong>earum</strong></span> <span class='ocrx_word' id='word_1_153' title='bbox 1774 1456 1891 1510; x_wconf 88' lang='lat' dir='ltr'><strong>ornatu</strong></span> <span class='ocrx_word' id='word_1_154' title='bbox 1914 1452 1946 1509; x_wconf 88' lang='lat' dir='ltr'><strong>ct</strong></span> <span class='ocrx_word' id='word_1_155' title='bbox 1973 1468 2032 1509; x_wconf 88' lang='lat' dir='ltr'><strong>nos</strong></span> <span class='ocrx_word' id='word_1_156' title='bbox 2053 1445 2193 1509; x_wconf 90' lang='lat' dir='ltr'><strong>admiro-</strong></span> 
     </span>
     <span class='ocr_line' id='line_1_13' title="bbox 191 1529 2194 1614; baseline -0.003 -14"><span class='ocrx_word' id='word_1_157' title='bbox 191 1535 266 1601; x_wconf 92' lang='lat' dir='ltr'><strong>dam</strong></span> <span class='ocrx_word' id='word_1_158' title='bbox 289 1555 359 1597; x_wconf 82' lang='lat' dir='ltr'><strong>esse</strong></span> <span class='ocrx_word' id='word_1_159' title='bbox 382 1533 466 1596; x_wconf 88' lang='lat' dir='ltr'><strong>hanc</strong></span> <span class='ocrx_word' id='word_1_160' title='bbox 489 1532 681 1603; x_wconf 86' lang='lat' dir='ltr'><strong>libertatem,</strong></span> <span class='ocrx_word' id='word_1_161' title='bbox 705 1530 761 1593; x_wconf 84' lang='lat' dir='ltr'><strong>sed</strong></span> <span class='ocrx_word' id='word_1_162' title='bbox 781 1529 1037 1610; x_wconf 85' lang='lat' dir='ltr'><strong>permittendum</strong></span> <span class='ocrx_word' id='word_1_163' title='bbox 1058 1531 1166 1594; x_wconf 90' lang='lat' dir='ltr'><strong>cuius·</strong></span> <span class='ocrx_word' id='word_1_164' title='bbox 1218 1550 1293 1591; x_wconf 91' lang='lat' dir='ltr'><strong>mur</strong></span> <span class='ocrx_word' id='word_1_165' title='bbox 1314 1541 1346 1593; x_wconf 92' lang='lat' dir='ltr'><strong>ct</strong></span> <span class='ocrx_word' id='word_1_166' title='bbox 1369 1530 1448 1593; x_wconf 86' lang='lat' dir='ltr'><strong>alios</strong></span> <span class='ocrx_word' id='word_1_167' title='bbox 1477 1531 1702 1595; x_wconf 80' lang='lat' dir='ltr'><strong>lastidiamus?</strong></span> <span class='ocrx_word' id='word_1_168' title='bbox 1732 1532 1760 1595; x_wconf 89' lang='lat' dir='ltr'><strong>si</strong></span> <span class='ocrx_word' id='word_1_169' title='bbox 1782 1532 1944 1614; x_wconf 74' lang='lat' dir='ltr'><strong>elegantia</strong></span> <span class='ocrx_word' id='word_1_170' title='bbox 1966 1544 1998 1595; x_wconf 89' lang='lat' dir='ltr'><strong>et</strong></span> <span class='ocrx_word' id='word_1_171' title='bbox 2023 1532 2129 1595; x_wconf 88' lang='lat' dir='ltr'><strong>nitore</strong></span> <span class='ocrx_word' id='word_1_172' title='bbox 2151 1530 2194 1595; x_wconf 87' lang='lat' dir='ltr'><strong>ad</strong></span> 
     </span>
     <span class='ocr_line' id='line_1_14' title="bbox 191 1614 2191 1702; baseline -0.003 -18"><span class='ocrx_word' id='word_1_173' title='bbox 191 1642 254 1702; x_wconf 90' lang='lat' dir='ltr'><strong>que</strong></span> <span class='ocrx_word' id='word_1_174' title='bbox 277 1619 500 1687; x_wconf 89' lang='lat' dir='ltr'><strong>conscientiae,</strong></span> <span class='ocrx_word' id='word_1_175' title='bbox 523 1628 561 1679; x_wconf 88' lang='lat' dir='ltr'><strong>ut</strong></span> <span class='ocrx_word' id='word_1_176' title='bbox 581 1626 717 1699; x_wconf 83' lang='lat' dir='ltr'><strong>usurpet</strong></span> <span class='ocrx_word' id='word_1_177' title='bbox 738 1623 896 1697; x_wconf 89' lang='lat' dir='ltr'><strong>quantum</strong></span> <span class='ocrx_word' id='word_1_178' title='bbox 919 1616 979 1679; x_wconf 89' lang='lat' dir='ltr'><strong>sibi</strong></span> <span class='ocrx_word' id='word_1_179' title='bbox 1001 1616 1098 1679; x_wconf 87' lang='lat' dir='ltr'><strong>licere</strong></span> <span class='ocrx_word' id='word_1_180' title='bbox 1115 1616 1165 1679; x_wconf 82' lang='lat' dir='ltr'><strong>ri·</strong></span> <span class='ocrx_word' id='word_1_181' title='bbox 1217 1614 1452 1696; x_wconf 83' lang='lat' dir='ltr'><strong>impudicitiam</strong></span> <span class='ocrx_word' id='word_1_182' title='bbox 1474 1638 1533 1681; x_wconf 88' lang='lat' dir='ltr'><strong>nos</strong></span> <span class='ocrx_word' id='word_1_183' title='bbox 1555 1618 1800 1699; x_wconf 85' lang='lat' dir='ltr'><strong>comparemus?</strong></span> <span class='ocrx_word' id='word_1_184' title='bbox 1840 1618 1906 1682; x_wconf 89' lang='lat' dir='ltr'><strong>Ubi</strong></span> <span class='ocrx_word' id='word_1_185' title='bbox 1923 1617 2100 1699; x_wconf 77' lang='lat' dir='ltr'><strong>recognitio</strong></span> <span class='ocrx_word' id='word_1_186' title='bbox 2117 1617 2191 1693; x_wconf 90' lang='lat' dir='ltr'><strong>Dei,</strong></span> 
     </span>
     <span class='ocr_line' id='line_1_15' title="bbox 192 1700 2192 1785; baseline -0.003 -15"><span class='ocrx_word' id='word_1_187' title='bbox 192 1706 274 1770; x_wconf 90' lang='lat' dir='ltr'><strong>deat.</strong></span> <span class='ocrx_word' id='word_1_188' title='bbox 327 1704 489 1785; x_wconf 86' lang='lat' dir='ltr'><strong>Equidem</strong></span> <span class='ocrx_word' id='word_1_189' title='bbox 517 1703 633 1778; x_wconf 83' lang='lat' dir='ltr'><strong>fateor,</strong></span> <span class='ocrx_word' id='word_1_190' title='bbox 657 1723 717 1765; x_wconf 90' lang='lat' dir='ltr'><strong>nec</strong></span> <span class='ocrx_word' id='word_1_191' title='bbox 740 1700 870 1772; x_wconf 89' lang='lat' dir='ltr'><strong>debere,</strong></span> <span class='ocrx_word' id='word_1_192' title='bbox 893 1722 951 1764; x_wconf 90' lang='lat' dir='ltr'><strong>neo</strong></span> <span class='ocrx_word' id='word_1_193' title='bbox 974 1722 1067 1783; x_wconf 87' lang='lat' dir='ltr'><strong>posse</strong></span> <span class='ocrx_word' id='word_1_194' title='bbox 1090 1723 1165 1766; x_wconf 92' lang='lat' dir='ltr'><strong>con·</strong></span> <span class='ocrx_word' id='word_1_195' title='bbox 1190 1702 1193 1733; x_wconf 78' lang='lat'><strong>¹</strong></span> <span class='ocrx_word' id='word_1_196' title='bbox 1218 1701 1244 1763; x_wconf 88' lang='lat' dir='ltr'><strong>si</strong></span> <span class='ocrx_word' id='word_1_197' title='bbox 1271 1702 1306 1764; x_wconf 93' lang='lat' dir='ltr'><strong>in</strong></span> <span class='ocrx_word' id='word_1_198' title='bbox 1334 1722 1447 1764; x_wconf 70' lang='lat' dir='ltr'><strong>carrum</strong></span> <span class='ocrx_word' id='word_1_199' title='bbox 1474 1701 1680 1783; x_wconf 87' lang='lat' dir='ltr'><strong>splendorem</strong></span> <span class='ocrx_word' id='word_1_200' title='bbox 1708 1701 1834 1767; x_wconf 80' lang='lat' dir='ltr'><strong>delirae</strong></span> <span class='ocrx_word' id='word_1_201' title='bbox 1866 1704 1932 1767; x_wconf 89' lang='lat' dir='ltr'><strong>sint</strong></span> <span class='ocrx_word' id='word_1_202' title='bbox 1959 1701 2106 1767; x_wconf 88' lang='lat' dir='ltr'><strong>mentes?</strong></span> <span class='ocrx_word' id='word_1_203' title='bbox 2151 1702 2192 1765; x_wconf 93' lang='lat' dir='ltr'><strong>Id</strong></span> 
     </span>
     <span class='ocr_line' id='line_1_16' title="bbox 192 1736 2192 1869; baseline -0.003 -12"><span class='ocrx_word' id='word_1_204' title='bbox 192 1792 343 1857; x_wconf 89' lang='lat' dir='ltr'><strong>scientias</strong></span> <span class='ocrx_word' id='word_1_205' title='bbox 366 1791 459 1854; x_wconf 88' lang='lat' dir='ltr'><strong>statis</strong></span> <span class='ocrx_word' id='word_1_206' title='bbox 480 1788 697 1869; x_wconf 83' lang='lat' dir='ltr'><strong>praecisisque</strong></span> <span class='ocrx_word' id='word_1_207' title='bbox 719 1787 829 1867; x_wconf 88' lang='lat' dir='ltr'><strong>legum</strong></span> <span class='ocrx_word' id='word_1_208' title='bbox 851 1785 998 1850; x_wconf 82' lang='lat' dir='ltr'><strong>termulis</strong></span> <span class='ocrx_word' id='word_1_209' title='bbox 1023 1787 1075 1851; x_wconf 93' lang='lat' dir='ltr'><strong>hic</strong></span> <span class='ocrx_word' id='word_1_210' title='bbox 1093 1787 1165 1850; x_wconf 92' lang='lat' dir='ltr'><strong>alli·</strong></span> <span class='ocrx_word' id='word_1_211' title='bbox 1189 1736 1193 1869; x_wconf 62' lang='lat' dir='ltr'><strong>i</strong></span> <span class='ocrx_word' id='word_1_212' title='bbox 1218 1806 1343 1867; x_wconf 92' lang='lat' dir='ltr'><strong>quoque</strong></span> <span class='ocrx_word' id='word_1_213' title='bbox 1371 1787 1477 1867; x_wconf 91' lang='lat' dir='ltr'><strong>ipsum</strong></span> <span class='ocrx_word' id='word_1_214' title='bbox 1505 1787 1539 1850; x_wconf 90' lang='lat' dir='ltr'><strong>in</strong></span> <span class='ocrx_word' id='word_1_215' title='bbox 1567 1787 1698 1869; x_wconf 89' lang='lat' dir='ltr'><strong>reliquis</strong></span> <span class='ocrx_word' id='word_1_216' title='bbox 1726 1788 1837 1853; x_wconf 85' lang='lat' dir='ltr'><strong>videre</strong></span> <span class='ocrx_word' id='word_1_217' title='bbox 1866 1796 1924 1852; x_wconf 90' lang='lat' dir='ltr'><strong>est.</strong></span> <span class='ocrx_word' id='word_1_218' title='bbox 1970 1787 2192 1868; x_wconf 78' lang='lat' dir='ltr'><strong>Quamobrem</strong></span> 
     </span>
     <span class='ocr_line' id='line_1_17' title="bbox 191 1872 2192 1961; baseline -0.001 -21"><span class='ocrx_word' id='word_1_219' title='bbox 191 1878 276 1961; x_wconf 87' lang='lat' dir='ltr'><strong>gari:</strong></span> <span class='ocrx_word' id='word_1_220' title='bbox 307 1874 362 1940; x_wconf 88' lang='lat' dir='ltr'><strong>sed</strong></span> <span class='ocrx_word' id='word_1_221' title='bbox 395 1896 493 1956; x_wconf 91' lang='lat' dir='ltr'><strong>quum</strong></span> <span class='ocrx_word' id='word_1_222' title='bbox 524 1874 687 1955; x_wconf 92' lang='lat' dir='ltr'><strong>scriptura</strong></span> <span class='ocrx_word' id='word_1_223' title='bbox 721 1872 889 1955; x_wconf 80' lang='lat' dir='ltr'><strong>generales</strong></span> <span class='ocrx_word' id='word_1_224' title='bbox 919 1872 1057 1953; x_wconf 90' lang='lat' dir='ltr'><strong>legitimi</strong></span> <span class='ocrx_word' id='word_1_225' title='bbox 1087 1894 1166 1936; x_wconf 86' lang='lat' dir='ltr'><strong>usus</strong></span> <span class='ocrx_word' id='word_1_226' title='bbox 1218 1880 1359 1947; x_wconf 83' lang='lat' dir='ltr'><strong>constat,</strong></span> <span class='ocrx_word' id='word_1_227' title='bbox 1382 1872 1436 1935; x_wconf 92' lang='lat' dir='ltr'><strong>hic</strong></span> <span class='ocrx_word' id='word_1_228' title='bbox 1458 1874 1525 1935; x_wconf 90' lang='lat' dir='ltr'><strong>iam</strong></span> <span class='ocrx_word' id='word_1_229' title='bbox 1547 1872 1704 1937; x_wconf 89' lang='lat' dir='ltr'><strong>abutendi</strong></span> <span class='ocrx_word' id='word_1_230' title='bbox 1726 1874 1891 1938; x_wconf 88' lang='lat' dir='ltr'><strong>licentiam</strong></span> <span class='ocrx_word' id='word_1_231' title='bbox 1914 1874 2117 1955; x_wconf 87' lang='lat' dir='ltr'><strong>aliqua-ntum</strong></span> <span class='ocrx_word' id='word_1_232' title='bbox 2139 1895 2192 1938; x_wconf 92' lang='lat' dir='ltr'><strong>co-</strong></span> 
     </span>
     <span class='ocr_line' id='line_1_18' title="bbox 190 1956 1332 2043; baseline -0.006 -17"><span class='ocrx_word' id='word_1_233' title='bbox 190 1961 300 2026; x_wconf 87' lang='lat' dir='ltr'><strong>tradat</strong></span> <span class='ocrx_word' id='word_1_234' title='bbox 321 1961 466 2043; x_wconf 89' lang='lat' dir='ltr'><strong>regulas,</strong></span> <span class='ocrx_word' id='word_1_235' title='bbox 495 1958 673 2023; x_wconf 86' lang='lat' dir='ltr'><strong>secundum</strong></span> <span class='ocrx_word' id='word_1_236' title='bbox 694 1958 768 2021; x_wconf 89' lang='lat' dir='ltr'><strong>illas</strong></span> <span class='ocrx_word' id='word_1_237' title='bbox 786 1964 873 2021; x_wconf 92' lang='lat' dir='ltr'><strong>certe</strong></span> <span class='ocrx_word' id='word_1_238' title='bbox 892 1957 1083 2021; x_wconf 86' lang='lat' dir='ltr'><strong>limitandas</strong></span> <span class='ocrx_word' id='word_1_239' title='bbox 1107 1978 1165 2020; x_wconf 93' lang='lat' dir='ltr'><strong>no·</strong></span> <span class='ocrx_word' id='word_1_240' title='bbox 1217 1956 1332 2021; x_wconf 88' lang='lat' dir='ltr'><strong>hiberi.</strong></span> 
     </span>
     <span class='ocr_line' id='line_1_19' title="bbox 190 2040 2192 2126; baseline -0.001 -15"><span class='ocrx_word' id='word_1_241' title='bbox 190 2047 240 2112; x_wconf 92' lang='lat' dir='ltr'><strong>bis</strong></span> <span class='ocrx_word' id='word_1_242' title='bbox 262 2057 319 2111; x_wconf 88' lang='lat' dir='ltr'><strong>est.</strong></span> <span class='ocrx_word' id='word_1_243' title='bbox 1305 2048 1354 2106; x_wconf 83' lang='lat'><strong>35.</strong></span> <span class='ocrx_word' id='word_1_244' title='bbox 1407 2040 1474 2106; x_wconf 77' lang='lat' dir='ltr'><strong>Sed</strong></span> <span class='ocrx_word' id='word_1_245' title='bbox 1502 2042 1594 2106; x_wconf 92' lang='lat' dir='ltr'><strong>nulla</strong></span> <span class='ocrx_word' id='word_1_246' title='bbox 1621 2046 1739 2108; x_wconf 88' lang='lat' dir='ltr'><strong>certior</strong></span> <span class='ocrx_word' id='word_1_247' title='bbox 1767 2052 1825 2109; x_wconf 89' lang='lat' dir='ltr'><strong>aut</strong></span> <span class='ocrx_word' id='word_1_248' title='bbox 1851 2043 2031 2126; x_wconf 84' lang='lat' dir='ltr'><strong>expeditior</strong></span> <span class='ocrx_word' id='word_1_249' title='bbox 2059 2045 2112 2108; x_wconf 73' lang='lat' dir='ltr'><strong>iia</strong></span> <span class='ocrx_word' id='word_1_250' title='bbox 2133 2052 2192 2121; x_wconf 90' lang='lat' dir='ltr'><strong>cst,</strong></span> 
     </span>
     <span class='ocr_line' id='line_1_20' title="bbox 278 2126 2193 2212; baseline -0.001 -17"><span class='ocrx_word' id='word_1_251' title='bbox 278 2138 327 2195; x_wconf 85' lang='lat'><strong>33.</strong></span> <span class='ocrx_word' id='word_1_252' title='bbox 381 2130 436 2193; x_wconf 75' lang='lat' dir='ltr'><strong>Sit</strong></span> <span class='ocrx_word' id='word_1_253' title='bbox 465 2130 525 2193; x_wconf 89' lang='lat' dir='ltr'><strong>hoe</strong></span> <span class='ocrx_word' id='word_1_254' title='bbox 552 2129 762 2212; x_wconf 90' lang='lat' dir='ltr'><strong>principium:</strong></span> <span class='ocrx_word' id='word_1_255' title='bbox 792 2149 888 2190; x_wconf 88' lang='lat' dir='ltr'><strong>nsum</strong></span> <span class='ocrx_word' id='word_1_256' title='bbox 916 2127 1075 2191; x_wconf 90' lang='lat' dir='ltr'><strong>donorum</strong></span> <span class='ocrx_word' id='word_1_257' title='bbox 1101 2126 1165 2191; x_wconf 90' lang='lat' dir='ltr'><strong>Dei</strong></span> <span class='ocrx_word' id='word_1_258' title='bbox 1218 2148 1315 2209; x_wconf 91' lang='lat' dir='ltr'><strong>qnam</strong></span> <span class='ocrx_word' id='word_1_259' title='bbox 1346 2149 1428 2210; x_wconf 90' lang='lat' dir='ltr'><strong>quae</strong></span> <span class='ocrx_word' id='word_1_260' title='bbox 1457 2128 1550 2191; x_wconf 88' lang='lat' dir='ltr'><strong>nobis</strong></span> <span class='ocrx_word' id='word_1_261' title='bbox 1576 2130 1615 2191; x_wconf 89' lang='lat' dir='ltr'><strong>fit</strong></span> <span class='ocrx_word' id='word_1_262' title='bbox 1642 2151 1662 2192; x_wconf 93' lang='lat' dir='ltr'><strong>a</strong></span> <span class='ocrx_word' id='word_1_263' title='bbox 1690 2130 1978 2212; x_wconf 78' lang='lat' dir='ltr'><strong>praesentissime</strong></span> <span class='ocrx_word' id='word_1_264' title='bbox 2005 2138 2193 2212; x_wconf 88' lang='lat' dir='ltr'><strong>contemptu</strong></span> 
     </span>
     <span class='ocr_line' id='line_1_21' title="bbox 192 2213 2193 2296; baseline -0.002 -14"><span class='ocrx_word' id='word_1_265' title='bbox 192 2240 257 2282; x_wconf 90' lang='lat' dir='ltr'><strong>non</strong></span> <span class='ocrx_word' id='word_1_266' title='bbox 281 2219 441 2293; x_wconf 89' lang='lat' dir='ltr'><strong>aberrare,</strong></span> <span class='ocrx_word' id='word_1_267' title='bbox 464 2237 565 2296; x_wconf 91' lang='lat' dir='ltr'><strong>quum</strong></span> <span class='ocrx_word' id='word_1_268' title='bbox 588 2213 998 2290; x_wconf 84' lang='lat' dir='ltr'><strong>ineumtinenrret&#39;ertur,</strong></span> <span class='ocrx_word' id='word_1_269' title='bbox 1017 2214 1166 2293; x_wconf 82' lang='lat' dir='ltr'><strong>inquom</strong></span> <span class='ocrx_word' id='word_1_270' title='bbox 1218 2226 1251 2275; x_wconf 90' lang='lat' dir='ltr'><strong>et</strong></span> <span class='ocrx_word' id='word_1_271' title='bbox 1272 2213 1419 2277; x_wconf 88' lang='lat' dir='ltr'><strong>eoelestis</strong></span> <span class='ocrx_word' id='word_1_272' title='bbox 1448 2214 1703 2278; x_wconf 80' lang='lat' dir='ltr'><strong>immortalitatis</strong></span> <span class='ocrx_word' id='word_1_273' title='bbox 1729 2216 1949 2280; x_wconf 89' lang='lat' dir='ltr'><strong>meditatione.</strong></span> <span class='ocrx_word' id='word_1_274' title='bbox 1993 2215 2075 2279; x_wconf 86' lang='lat' dir='ltr'><strong>Inde</strong></span> <span class='ocrx_word' id='word_1_275' title='bbox 2104 2216 2193 2279; x_wconf 89' lang='lat' dir='ltr'><strong>enirn</strong></span> 
     </span>
     <span class='ocr_line' id='line_1_22' title="bbox 192 2297 2193 2383; baseline -0.001 -15"><span class='ocrx_word' id='word_1_276' title='bbox 192 2304 249 2369; x_wconf 92' lang='lat' dir='ltr'><strong>illa</strong></span> <span class='ocrx_word' id='word_1_277' title='bbox 269 2303 362 2367; x_wconf 88' lang='lat' dir='ltr'><strong>nobis</strong></span> <span class='ocrx_word' id='word_1_278' title='bbox 384 2302 545 2365; x_wconf 89' lang='lat' dir='ltr'><strong>Dominus</strong></span> <span class='ocrx_word' id='word_1_279' title='bbox 573 2301 696 2365; x_wconf 86' lang='lat' dir='ltr'><strong>creavit</strong></span> <span class='ocrx_word' id='word_1_280' title='bbox 722 2319 759 2362; x_wconf 86' lang='lat' dir='ltr'><strong>ao</strong></span> <span class='ocrx_word' id='word_1_281' title='bbox 786 2297 977 2376; x_wconf 86' lang='lat' dir='ltr'><strong>destinavit;</strong></span> <span class='ocrx_word' id='word_1_282' title='bbox 1006 2297 1166 2379; x_wconf 87' lang='lat' dir='ltr'><strong>siquidem</strong></span> <span class='ocrx_word' id='word_1_283' title='bbox 1218 2307 1460 2379; x_wconf 84' lang='lat' dir='ltr'><strong>consequuntm·</strong></span> <span class='ocrx_word' id='word_1_284' title='bbox 1493 2298 1576 2362; x_wconf 91' lang='lat' dir='ltr'><strong>duae</strong></span> <span class='ocrx_word' id='word_1_285' title='bbox 1611 2300 1758 2383; x_wconf 86' lang='lat' dir='ltr'><strong>regulae:</strong></span> <span class='ocrx_word' id='word_1_286' title='bbox 1798 2312 1835 2364; x_wconf 89' lang='lat' dir='ltr'><strong>ut</strong></span> <span class='ocrx_word' id='word_1_287' title='bbox 1867 2302 1924 2383; x_wconf 89' lang='lat' dir='ltr'><strong>qui</strong></span> <span class='ocrx_word' id='word_1_288' title='bbox 1962 2309 2099 2365; x_wconf 89' lang='lat' dir='ltr'><strong>utuntur</strong></span> <span class='ocrx_word' id='word_1_289' title='bbox 2131 2300 2193 2365; x_wconf 88' lang='lat' dir='ltr'><strong>hoc</strong></span> 
     </span>
     <span class='ocr_line' id='line_1_23' title="bbox 192 2382 2194 2468; baseline -0.002 -15"><span class='ocrx_word' id='word_1_290' title='bbox 192 2390 226 2453; x_wconf 93' lang='lat' dir='ltr'><strong>in</strong></span> <span class='ocrx_word' id='word_1_291' title='bbox 250 2389 370 2452; x_wconf 92' lang='lat' dir='ltr'><strong>bonum</strong></span> <span class='ocrx_word' id='word_1_292' title='bbox 392 2399 540 2451; x_wconf 89' lang='lat' dir='ltr'><strong>nostrum</strong></span> <span class='ocrx_word' id='word_1_293' title='bbox 563 2387 694 2461; x_wconf 87' lang='lat' dir='ltr'><strong>creavit,</strong></span> <span class='ocrx_word' id='word_1_294' title='bbox 717 2384 979 2465; x_wconf 89' lang='lat' dir='ltr'><strong>nonpornicicm.</strong></span> <span class='ocrx_word' id='word_1_295' title='bbox 999 2382 1165 2463; x_wconf 82' lang='lat' dir='ltr'><strong>eramob-</strong></span> <span class='ocrx_word' id='word_1_296' title='bbox 1217 2383 1338 2447; x_wconf 92' lang='lat' dir='ltr'><strong>mundo</strong></span> <span class='ocrx_word' id='word_1_297' title='bbox 1360 2383 1495 2465; x_wconf 85' lang='lat' dir='ltr'><strong>perinde</strong></span> <span class='ocrx_word' id='word_1_298' title='bbox 1517 2385 1623 2450; x_wconf 87' lang='lat' dir='ltr'><strong>affecti</strong></span> <span class='ocrx_word' id='word_1_299' title='bbox 1645 2387 1711 2449; x_wconf 90' lang='lat' dir='ltr'><strong>sint</strong></span> <span class='ocrx_word' id='word_1_300' title='bbox 1738 2408 1775 2451; x_wconf 91' lang='lat' dir='ltr'><strong>ac</strong></span> <span class='ocrx_word' id='word_1_301' title='bbox 1797 2387 1823 2449; x_wconf 86' lang='lat' dir='ltr'><strong>si</strong></span> <span class='ocrx_word' id='word_1_302' title='bbox 1847 2408 1913 2449; x_wconf 93' lang='lat' dir='ltr'><strong>non</strong></span> <span class='ocrx_word' id='word_1_303' title='bbox 1932 2394 2115 2464; x_wconf 74' lang='lat' dir='ltr'><strong>uterentur,</strong></span> <span class='ocrx_word' id='word_1_304' title='bbox 2138 2387 2194 2468; x_wconf 90' lang='lat' dir='ltr'><strong>qui</strong></span> 
     </span>
     <span class='ocr_line' id='line_1_24' title="bbox 192 2448 2192 2553; baseline -0.001 -15"><span class='ocrx_word' id='word_1_305' title='bbox 192 2496 262 2539; x_wconf 91' lang='lat' dir='ltr'><strong>rem</strong></span> <span class='ocrx_word' id='word_1_306' title='bbox 291 2494 385 2538; x_wconf 91' lang='lat' dir='ltr'><strong>nemo</strong></span> <span class='ocrx_word' id='word_1_307' title='bbox 409 2475 471 2537; x_wconf 88' lang='lat' dir='ltr'><strong>iter</strong></span> <span class='ocrx_word' id='word_1_308' title='bbox 499 2473 618 2537; x_wconf 89' lang='lat' dir='ltr'><strong>rectius</strong></span> <span class='ocrx_word' id='word_1_309' title='bbox 647 2470 778 2546; x_wconf 91' lang='lat' dir='ltr'><strong>tenebit,</strong></span> <span class='ocrx_word' id='word_1_310' title='bbox 801 2491 898 2550; x_wconf 89' lang='lat' dir='ltr'><strong>quam</strong></span> <span class='ocrx_word' id='word_1_311' title='bbox 917 2470 972 2549; x_wconf 93' lang='lat' dir='ltr'><strong>qni</strong></span> <span class='ocrx_word' id='word_1_312' title='bbox 991 2468 1166 2551; x_wconf 81' lang='lat' dir='ltr'><strong>diligenter</strong></span> <span class='ocrx_word' id='word_1_313' title='bbox 1189 2448 1192 2509; x_wconf 75' lang='grc' dir='ltr'>Ι</span> <span class='ocrx_word' id='word_1_314' title='bbox 1216 2491 1335 2533; x_wconf 85' lang='lat' dir='ltr'><strong>uxores</strong></span> <span class='ocrx_word' id='word_1_315' title='bbox 1357 2469 1493 2545; x_wconf 90' lang='lat' dir='ltr'><strong>ducunt,</strong></span> <span class='ocrx_word' id='word_1_316' title='bbox 1523 2492 1561 2534; x_wconf 90' lang='lat' dir='ltr'><strong>ae</strong></span> <span class='ocrx_word' id='word_1_317' title='bbox 1584 2472 1612 2535; x_wconf 88' lang='lat' dir='ltr'><strong>si</strong></span> <span class='ocrx_word' id='word_1_318' title='bbox 1633 2493 1700 2535; x_wconf 91' lang='lat' dir='ltr'><strong>non</strong></span> <span class='ocrx_word' id='word_1_319' title='bbox 1722 2471 1893 2549; x_wconf 86' lang='lat' dir='ltr'><strong>ducerent;</strong></span> <span class='ocrx_word' id='word_1_320' title='bbox 1922 2473 1978 2553; x_wconf 90' lang='lat' dir='ltr'><strong>qui</strong></span> <span class='ocrx_word' id='word_1_321' title='bbox 1999 2482 2129 2549; x_wconf 83' lang='lat' dir='ltr'><strong>emrmt,</strong></span> <span class='ocrx_word' id='word_1_322' title='bbox 2153 2494 2192 2537; x_wconf 89' lang='lat' dir='ltr'><strong>ae</strong></span> 
     </span>
     <span class='ocr_line' id='line_1_25' title="bbox 191 2556 2192 2639; baseline -0.001 -15"><span class='ocrx_word' id='word_1_323' title='bbox 191 2562 290 2624; x_wconf 88' lang='lat' dir='ltr'><strong>finem</strong></span> <span class='ocrx_word' id='word_1_324' title='bbox 314 2560 402 2623; x_wconf 91' lang='lat' dir='ltr'><strong>hunc</strong></span> <span class='ocrx_word' id='word_1_325' title='bbox 424 2558 611 2622; x_wconf 89' lang='lat' dir='ltr'><strong>intuebitur.</strong></span> <span class='ocrx_word' id='word_1_326' title='bbox 656 2556 727 2620; x_wconf 90' lang='lat' dir='ltr'><strong>Iam</strong></span> <span class='ocrx_word' id='word_1_327' title='bbox 753 2556 780 2620; x_wconf 91' lang='lat' dir='ltr'><strong>si</strong></span> <span class='ocrx_word' id='word_1_328' title='bbox 802 2567 989 2636; x_wconf 89' lang='lat' dir='ltr'><strong>reputemus</strong></span> <span class='ocrx_word' id='word_1_329' title='bbox 1010 2576 1106 2636; x_wconf 87' lang='lat' dir='ltr'><strong>quem</strong></span> <span class='ocrx_word' id='word_1_330' title='bbox 1129 2556 1164 2617; x_wconf 92' lang='lat' dir='ltr'><strong>in</strong></span> <span class='ocrx_word' id='word_1_331' title='bbox 1217 2556 1244 2619; x_wconf 90' lang='lat' dir='ltr'><strong>si</strong></span> <span class='ocrx_word' id='word_1_332' title='bbox 1276 2576 1343 2618; x_wconf 92' lang='lat' dir='ltr'><strong>non</strong></span> <span class='ocrx_word' id='word_1_333' title='bbox 1377 2565 1537 2633; x_wconf 86' lang='lat' dir='ltr'><strong>emerent,</strong></span> <span class='ocrx_word' id='word_1_334' title='bbox 1571 2557 1843 2637; x_wconf 88' lang='lat' dir='ltr'><strong>quemadmodum</strong></span> <span class='ocrx_word' id='word_1_335' title='bbox 1875 2557 2000 2621; x_wconf 90' lang='lat' dir='ltr'><strong>Paulus</strong></span> <span class='ocrx_word' id='word_1_336' title='bbox 2034 2559 2192 2639; x_wconf 88' lang='lat' dir='ltr'><strong>praecipit</strong></span> 
     </span>
     <span class='ocr_line' id='line_1_26' title="bbox 190 2639 2188 2724; baseline -0.001 -15"><span class='ocrx_word' id='word_1_337' title='bbox 190 2647 289 2709; x_wconf 91' lang='lat' dir='ltr'><strong>finem</strong></span> <span class='ocrx_word' id='word_1_338' title='bbox 314 2646 468 2708; x_wconf 88' lang='lat' dir='ltr'><strong>alimenta</strong></span> <span class='ocrx_word' id='word_1_339' title='bbox 491 2643 657 2719; x_wconf 75' lang='lat' dir='ltr'><strong>creauerit,</strong></span> <span class='ocrx_word' id='word_1_340' title='bbox 679 2642 878 2723; x_wconf 85' lang='lat' dir='ltr'><strong>reperiemus</strong></span> <span class='ocrx_word' id='word_1_341' title='bbox 896 2661 961 2703; x_wconf 93' lang='lat' dir='ltr'><strong>non</strong></span> <span class='ocrx_word' id='word_1_342' title='bbox 979 2641 1163 2705; x_wconf 87' lang='lat' dir='ltr'><strong>necessitati</strong></span> <span class='ocrx_word' id='word_1_343' title='bbox 1216 2640 1248 2723; x_wconf 93' lang='lat' dir='ltr'><strong>(l</strong></span> <span class='ocrx_word' id='word_1_344' title='bbox 1275 2639 1348 2704; x_wconf 88' lang='lat' dir='ltr'><strong>Cor.</strong></span> <span class='ocrx_word' id='word_1_345' title='bbox 1375 2644 1404 2723; x_wconf 84' lang='lat'><strong>7,</strong></span> <span class='ocrx_word' id='word_1_346' title='bbox 1430 2642 1494 2724; x_wconf 75' lang='grc'>29).</span> <span class='ocrx_word' id='word_1_347' title='bbox 1542 2640 1671 2707; x_wconf 89' lang='lat' dir='ltr'><strong>Deinde</strong></span> <span class='ocrx_word' id='word_1_348' title='bbox 1701 2656 1830 2708; x_wconf 90' lang='lat' dir='ltr'><strong>utnon</strong></span> <span class='ocrx_word' id='word_1_349' title='bbox 1857 2643 1967 2707; x_wconf 85' lang='lat' dir='ltr'><strong>minus</strong></span> <span class='ocrx_word' id='word_1_350' title='bbox 1995 2642 2130 2724; x_wconf 89' lang='lat' dir='ltr'><strong>placide·</strong></span> <span class='ocrx_word' id='word_1_351' title='bbox 2151 2665 2188 2708; x_wconf 93' lang='lat' dir='ltr'><strong>ac</strong></span> 
     </span>
     <span class='ocr_line' id='line_1_27' title="bbox 189 2725 2188 2810; baseline -0.002 -15"><span class='ocrx_word' id='word_1_352' title='bbox 189 2732 295 2808; x_wconf 91' lang='lat' dir='ltr'><strong>modo,</strong></span> <span class='ocrx_word' id='word_1_353' title='bbox 319 2730 375 2794; x_wconf 87' lang='lat' dir='ltr'><strong>sed</strong></span> <span class='ocrx_word' id='word_1_354' title='bbox 394 2730 630 2793; x_wconf 90' lang='lat' dir='ltr'><strong>oblectamento</strong></span> <span class='ocrx_word' id='word_1_355' title='bbox 648 2749 773 2809; x_wconf 89' lang='lat' dir='ltr'><strong>quoque</strong></span> <span class='ocrx_word' id='word_1_356' title='bbox 792 2748 829 2790; x_wconf 90' lang='lat' dir='ltr'><strong>ac</strong></span> <span class='ocrx_word' id='word_1_357' title='bbox 848 2725 1005 2789; x_wconf 90' lang='lat' dir='ltr'><strong>hilaritati</strong></span> <span class='ocrx_word' id='word_1_358' title='bbox 1023 2726 1164 2789; x_wconf 81' lang='lat' dir='ltr'><strong>voluisse</strong></span> <span class='ocrx_word' id='word_1_359' title='bbox 1214 2726 1377 2807; x_wconf 85' lang='lat' dir='ltr'><strong>patienter</strong></span> <span class='ocrx_word' id='word_1_360' title='bbox 1406 2728 1591 2807; x_wconf 89' lang='lat' dir='ltr'><strong>penuriam,</strong></span> <span class='ocrx_word' id='word_1_361' title='bbox 1629 2750 1726 2810; x_wconf 87' lang='lat' dir='ltr'><strong>quam</strong></span> <span class='ocrx_word' id='word_1_362' title='bbox 1754 2727 1919 2792; x_wconf 85' lang='lat' dir='ltr'><strong>moderate</strong></span> <span class='ocrx_word' id='word_1_363' title='bbox 1952 2728 2188 2791; x_wconf 90' lang='lat' dir='ltr'><strong>abundantiam</strong></span> 
     </span>
     <span class='ocr_line' id='line_1_28' title="bbox 190 2811 2188 2895; baseline -0.003 -13"><span class='ocrx_word' id='word_1_364' title='bbox 190 2817 365 2882; x_wconf 88' lang='lat' dir='ltr'><strong>consulere.</strong></span> <span class='ocrx_word' id='word_1_365' title='bbox 395 2814 450 2880; x_wconf 79' lang='lat' dir='ltr'><strong>Sic</strong></span> <span class='ocrx_word' id='word_1_366' title='bbox 468 2816 501 2877; x_wconf 91' lang='lat' dir='ltr'><strong>in</strong></span> <span class='ocrx_word' id='word_1_367' title='bbox 520 2814 674 2890; x_wconf 85' lang='lat' dir='ltr'><strong>vestibus,</strong></span> <span class='ocrx_word' id='word_1_368' title='bbox 693 2819 822 2895; x_wconf 85' lang='lat' dir='ltr'><strong>praeter</strong></span> <span class='ocrx_word' id='word_1_369' title='bbox 832 2811 1069 2885; x_wconf 86' lang='lat' dir='ltr'><strong>necessitatem,</strong></span> <span class='ocrx_word' id='word_1_370' title='bbox 1087 2812 1164 2875; x_wconf 90' lang='lat' dir='ltr'><strong>finis</strong></span> <span class='ocrx_word' id='word_1_371' title='bbox 1213 2812 1299 2875; x_wconf 87' lang='lat' dir='ltr'><strong>forre</strong></span> <span class='ocrx_word' id='word_1_372' title='bbox 1321 2813 1479 2875; x_wconf 84' lang='lat' dir='ltr'><strong>noverint</strong></span> <span class='ocrx_word' id='word_1_373' title='bbox 1510 2811 1576 2892; x_wconf 77' lang='lat' dir='ltr'><strong>Qui</strong></span> <span class='ocrx_word' id='word_1_374' title='bbox 1597 2814 1789 2894; x_wconf 87' lang='lat' dir='ltr'><strong>praescribit</strong></span> <span class='ocrx_word' id='word_1_375' title='bbox 1810 2813 1969 2878; x_wconf 79' lang='lat' dir='ltr'><strong>utendrmr</strong></span> <span class='ocrx_word' id='word_1_376' title='bbox 1988 2813 2048 2876; x_wconf 87' lang='lat' dir='ltr'><strong>hoc</strong></span> <span class='ocrx_word' id='word_1_377' title='bbox 2066 2814 2188 2878; x_wconf 91' lang='lat' dir='ltr'><strong>mundo</strong></span> 
     </span>
     <span class='ocr_line' id='line_1_29' title="bbox 190 2897 2188 2981; baseline -0.001 -16"><span class='ocrx_word' id='word_1_378' title='bbox 190 2904 219 2965; x_wconf 91' lang='lat' dir='ltr'><strong>ei</strong></span> <span class='ocrx_word' id='word_1_379' title='bbox 248 2904 310 2965; x_wconf 85' lang='lat' dir='ltr'><strong>fuit</strong></span> <span class='ocrx_word' id='word_1_380' title='bbox 337 2902 488 2966; x_wconf 88' lang='lat' dir='ltr'><strong>decorum</strong></span> <span class='ocrx_word' id='word_1_381' title='bbox 518 2909 551 2963; x_wconf 91' lang='lat' dir='ltr'><strong>ct</strong></span> <span class='ocrx_word' id='word_1_382' title='bbox 572 2899 735 2963; x_wconf 88' lang='lat' dir='ltr'><strong>honestas.</strong></span> <span class='ocrx_word' id='word_1_383' title='bbox 779 2898 819 2961; x_wconf 94' lang='lat' dir='ltr'><strong>In</strong></span> <span class='ocrx_word' id='word_1_384' title='bbox 845 2897 969 2973; x_wconf 90' lang='lat' dir='ltr'><strong>herbis,</strong></span> <span class='ocrx_word' id='word_1_385' title='bbox 994 2897 1163 2960; x_wconf 87' lang='lat' dir='ltr'><strong>arboribus</strong></span> <span class='ocrx_word' id='word_1_386' title='bbox 1214 2904 1370 2978; x_wconf 89' lang='lat' dir='ltr'><strong>tanquam</strong></span> <span class='ocrx_word' id='word_1_387' title='bbox 1392 2919 1458 2961; x_wconf 92' lang='lat' dir='ltr'><strong>non</strong></span> <span class='ocrx_word' id='word_1_388' title='bbox 1475 2899 1586 2975; x_wconf 82' lang='lat' dir='ltr'><strong>utaris,</strong></span> <span class='ocrx_word' id='word_1_389' title='bbox 1610 2920 1676 2963; x_wconf 92' lang='lat' dir='ltr'><strong>non</strong></span> <span class='ocrx_word' id='word_1_390' title='bbox 1692 2900 1788 2964; x_wconf 91' lang='lat' dir='ltr'><strong>modo</strong></span> <span class='ocrx_word' id='word_1_391' title='bbox 1805 2900 1841 2963; x_wconf 92' lang='lat' dir='ltr'><strong>in</strong></span> <span class='ocrx_word' id='word_1_392' title='bbox 1858 2899 1927 2963; x_wconf 88' lang='lat' dir='ltr'><strong>cibo</strong></span> <span class='ocrx_word' id='word_1_393' title='bbox 1944 2912 1978 2963; x_wconf 89' lang='lat' dir='ltr'><strong>et</strong></span> <span class='ocrx_word' id='word_1_394' title='bbox 1994 2906 2073 2979; x_wconf 90' lang='lat' dir='ltr'><strong>potu</strong></span> <span class='ocrx_word' id='word_1_395' title='bbox 2091 2899 2188 2981; x_wconf 88' lang='lat' dir='ltr'><strong>gulae</strong></span> 
     </span>
     <span class='ocr_line' id='line_1_30' title="bbox 189 2983 2189 3069; baseline 0 -19"><span class='ocrx_word' id='word_1_396' title='bbox 189 2998 223 3050; x_wconf 91' lang='lat' dir='ltr'><strong>et</strong></span> <span class='ocrx_word' id='word_1_397' title='bbox 244 2987 399 3069; x_wconf 88' lang='lat' dir='ltr'><strong>frugibus,</strong></span> <span class='ocrx_word' id='word_1_398' title='bbox 422 2997 553 3069; x_wconf 88' lang='lat' dir='ltr'><strong>praeter</strong></span> <span class='ocrx_word' id='word_1_399' title='bbox 574 3007 653 3049; x_wconf 88' lang='lat' dir='ltr'><strong>usus</strong></span> <span class='ocrx_word' id='word_1_400' title='bbox 675 2985 792 3061; x_wconf 90' lang='lat' dir='ltr'><strong>varios,</strong></span> <span class='ocrx_word' id='word_1_401' title='bbox 816 2992 979 3064; x_wconf 90' lang='lat' dir='ltr'><strong>aspectus,</strong></span> <span class='ocrx_word' id='word_1_402' title='bbox 1003 2983 1109 3064; x_wconf 87' lang='lat' dir='ltr'><strong>gratia</strong></span> <span class='ocrx_word' id='word_1_403' title='bbox 1131 2991 1163 3045; x_wconf 91' lang='lat' dir='ltr'><strong>et</strong></span> <span class='ocrx_word' id='word_1_404' title='bbox 1213 2983 1456 3065; x_wconf 89' lang='lat' dir='ltr'><strong>intemperiem,</strong></span> <span class='ocrx_word' id='word_1_405' title='bbox 1479 2984 1515 3045; x_wconf 94' lang='lat' dir='ltr'><strong>in</strong></span> <span class='ocrx_word' id='word_1_406' title='bbox 1536 2986 1672 3063; x_wconf 87' lang='lat' dir='ltr'><strong>mensis,</strong></span> <span class='ocrx_word' id='word_1_407' title='bbox 1696 2986 1863 3059; x_wconf 86' lang='lat' dir='ltr'><strong>aedificiis,</strong></span> <span class='ocrx_word' id='word_1_408' title='bbox 1886 2986 2031 3050; x_wconf 86' lang='lat' dir='ltr'><strong>vestibus</strong></span> <span class='ocrx_word' id='word_1_409' title='bbox 2053 2985 2189 3050; x_wconf 87' lang='lat' dir='ltr'><strong>nimiam</strong></span> 
     </span>
     <span class='ocr_line' id='line_1_31' title="bbox 188 3068 2189 3153; baseline -0 -18"><span class='ocrx_word' id='word_1_410' title='bbox 188 3072 373 3136; x_wconf 89' lang='lat' dir='ltr'><strong>iucunditas</strong></span> <span class='ocrx_word' id='word_1_411' title='bbox 400 3072 516 3136; x_wconf 88' lang='lat' dir='ltr'><strong>odoris.</strong></span> <span class='ocrx_word' id='word_1_412' title='bbox 561 3071 634 3135; x_wconf 89' lang='lat' dir='ltr'><strong>Nisi</strong></span> <span class='ocrx_word' id='word_1_413' title='bbox 656 3071 744 3134; x_wconf 91' lang='lat' dir='ltr'><strong>enim</strong></span> <span class='ocrx_word' id='word_1_414' title='bbox 771 3069 804 3132; x_wconf 91' lang='lat' dir='ltr'><strong>id</strong></span> <span class='ocrx_word' id='word_1_415' title='bbox 825 3090 940 3134; x_wconf 88' lang='lat' dir='ltr'><strong>verum</strong></span> <span class='ocrx_word' id='word_1_416' title='bbox 967 3075 1066 3145; x_wconf 89' lang='lat' dir='ltr'><strong>esset,</strong></span> <span class='ocrx_word' id='word_1_417' title='bbox 1095 3090 1161 3131; x_wconf 93' lang='lat' dir='ltr'><strong>non</strong></span> <span class='ocrx_word' id='word_1_418' title='bbox 1213 3068 1399 3146; x_wconf 91' lang='lat' dir='ltr'><strong>mollitiem,</strong></span> <span class='ocrx_word' id='word_1_419' title='bbox 1423 3069 1646 3149; x_wconf 87' lang='lat' dir='ltr'><strong>ambitionem,</strong></span> <span class='ocrx_word' id='word_1_420' title='bbox 1670 3070 1870 3153; x_wconf 88' lang='lat' dir='ltr'><strong>superbiam,</strong></span> <span class='ocrx_word' id='word_1_421' title='bbox 1891 3071 2029 3147; x_wconf 86' lang='lat' dir='ltr'><strong>fastum,</strong></span> <span class='ocrx_word' id='word_1_422' title='bbox 2054 3072 2189 3135; x_wconf 87' lang='lat' dir='ltr'><strong>morosi·</strong></span> 
     </span>
     <span class='ocr_line' id='line_1_32' title="bbox 187 3153 2189 3239; baseline -0.001 -18"><span class='ocrx_word' id='word_1_423' title='bbox 187 3166 372 3222; x_wconf 90' lang='lat' dir='ltr'><strong>recenseret</strong></span> <span class='ocrx_word' id='word_1_424' title='bbox 399 3156 558 3239; x_wconf 88' lang='lat' dir='ltr'><strong>propheta</strong></span> <span class='ocrx_word' id='word_1_425' title='bbox 592 3156 693 3237; x_wconf 90' lang='lat' dir='ltr'><strong>(Psal.</strong></span> <span class='ocrx_word' id='word_1_426' title='bbox 716 3161 785 3229; x_wconf 76' lang='lat'><strong>104,</strong></span> <span class='ocrx_word' id='word_1_427' title='bbox 809 3153 861 3237; x_wconf 80' lang='lat'><strong>15)</strong></span> <span class='ocrx_word' id='word_1_428' title='bbox 892 3155 979 3218; x_wconf 90' lang='lat' dir='ltr'><strong>inter</strong></span> <span class='ocrx_word' id='word_1_429' title='bbox 1006 3153 1163 3218; x_wconf 88' lang='lat' dir='ltr'><strong>beneficia</strong></span> <span class='ocrx_word' id='word_1_430' title='bbox 1213 3164 1316 3218; x_wconf 88' lang='lat' dir='ltr'><strong>tatem</strong></span> <span class='ocrx_word' id='word_1_431' title='bbox 1339 3153 1512 3231; x_wconf 76' lang='lat' dir='ltr'><strong>exscindit,</strong></span> <span class='ocrx_word' id='word_1_432' title='bbox 1542 3155 1599 3220; x_wconf 89' lang='lat' dir='ltr'><strong>sed</strong></span> <span class='ocrx_word' id='word_1_433' title='bbox 1627 3177 1756 3221; x_wconf 90' lang='lat' dir='ltr'><strong>omnem</strong></span> <span class='ocrx_word' id='word_1_434' title='bbox 1785 3178 1897 3221; x_wconf 89' lang='lat' dir='ltr'><strong>curam</strong></span> <span class='ocrx_word' id='word_1_435' title='bbox 1923 3164 2020 3238; x_wconf 89' lang='lat' dir='ltr'><strong>atque</strong></span> <span class='ocrx_word' id='word_1_436' title='bbox 2047 3156 2189 3220; x_wconf 86' lang='lat' dir='ltr'><strong>affectio-</strong></span> 
     </span>
     <span class='ocr_line' id='line_1_33' title="bbox 187 3239 2190 3325; baseline 0 -17"><span class='ocrx_word' id='word_1_437' title='bbox 187 3243 262 3319; x_wconf 92' lang='lat' dir='ltr'><strong>Dei,</strong></span> <span class='ocrx_word' id='word_1_438' title='bbox 285 3241 370 3325; x_wconf 93' lang='lat' dir='ltr'><strong>quod</strong></span> <span class='ocrx_word' id='word_1_439' title='bbox 391 3244 505 3306; x_wconf 81' lang='lat' dir='ltr'><strong>vinum</strong></span> <span class='ocrx_word' id='word_1_440' title='bbox 527 3243 680 3307; x_wconf 81' lang='lat' dir='ltr'><strong>laetificat</strong></span> <span class='ocrx_word' id='word_1_441' title='bbox 702 3262 757 3305; x_wconf 91' lang='lat' dir='ltr'><strong>cor</strong></span> <span class='ocrx_word' id='word_1_442' title='bbox 778 3240 929 3317; x_wconf 91' lang='lat' dir='ltr'><strong>hominis,</strong></span> <span class='ocrx_word' id='word_1_443' title='bbox 952 3239 1037 3320; x_wconf 91' lang='lat' dir='ltr'><strong>quod</strong></span> <span class='ocrx_word' id='word_1_444' title='bbox 1055 3239 1162 3303; x_wconf 89' lang='lat' dir='ltr'><strong>oleum</strong></span> <span class='ocrx_word' id='word_1_445' title='bbox 1214 3262 1303 3317; x_wconf 90' lang='lat' dir='ltr'><strong>nom,</strong></span> <span class='ocrx_word' id='word_1_446' title='bbox 1332 3260 1415 3321; x_wconf 89' lang='lat' dir='ltr'><strong>quae</strong></span> <span class='ocrx_word' id='word_1_447' title='bbox 1438 3250 1469 3303; x_wconf 91' lang='lat' dir='ltr'><strong>te</strong></span> <span class='ocrx_word' id='word_1_448' title='bbox 1491 3240 1544 3304; x_wconf 81' lang='lat' dir='ltr'><strong>vol</strong></span> <span class='ocrx_word' id='word_1_449' title='bbox 1573 3241 1713 3307; x_wconf 89' lang='lat' dir='ltr'><strong>abducat</strong></span> <span class='ocrx_word' id='word_1_450' title='bbox 1733 3242 1787 3306; x_wconf 84' lang='lat' dir='ltr'><strong>vel</strong></span> <span class='ocrx_word' id='word_1_451' title='bbox 1814 3242 1971 3324; x_wconf 89' lang='lat' dir='ltr'><strong>impediat</strong></span> <span class='ocrx_word' id='word_1_452' title='bbox 1993 3266 2012 3305; x_wconf 87' lang='lat' dir='ltr'><strong>a</strong></span> <span class='ocrx_word' id='word_1_453' title='bbox 2042 3242 2190 3308; x_wconf 86' lang='lat' dir='ltr'><strong>coelest-is</strong></span> 
     </span>
     <span class='ocr_line' id='line_1_34' title="bbox 188 3325 2189 3410; baseline -0 -18"><span class='ocrx_word' id='word_1_454' title='bbox 188 3327 392 3410; x_wconf 90' lang='lat' dir='ltr'><strong>splendidam</strong></span> <span class='ocrx_word' id='word_1_455' title='bbox 418 3330 486 3391; x_wconf 91' lang='lat' dir='ltr'><strong>eius</strong></span> <span class='ocrx_word' id='word_1_456' title='bbox 514 3329 629 3393; x_wconf 87' lang='lat' dir='ltr'><strong>facicm</strong></span> <span class='ocrx_word' id='word_1_457' title='bbox 662 3326 776 3390; x_wconf 89' lang='lat' dir='ltr'><strong>reddit.</strong></span> <span class='ocrx_word' id='word_1_458' title='bbox 826 3326 901 3388; x_wconf 90' lang='lat' dir='ltr'><strong>Non</strong></span> <span class='ocrx_word' id='word_1_459' title='bbox 930 3345 1162 3389; x_wconf 89' lang='lat' dir='ltr'><strong>commemora·</strong></span> <span class='ocrx_word' id='word_1_460' title='bbox 1213 3327 1300 3391; x_wconf 85' lang='lat' dir='ltr'><strong>vitae</strong></span> <span class='ocrx_word' id='word_1_461' title='bbox 1323 3325 1518 3407; x_wconf 84' lang='lat' dir='ltr'><strong>cogitatione</strong></span> <span class='ocrx_word' id='word_1_462' title='bbox 1540 3334 1573 3390; x_wconf 91' lang='lat' dir='ltr'><strong>et</strong></span> <span class='ocrx_word' id='word_1_463' title='bbox 1592 3328 1788 3392; x_wconf 83' lang='lat' dir='ltr'><strong>excolendae</strong></span> <span class='ocrx_word' id='word_1_464' title='bbox 1815 3329 1943 3392; x_wconf 89' lang='lat' dir='ltr'><strong>animae</strong></span> <span class='ocrx_word' id='word_1_465' title='bbox 1965 3327 2080 3391; x_wconf 87' lang='lat' dir='ltr'><strong>studio.</strong></span> <span class='ocrx_word' id='word_1_466' title='bbox 2126 3329 2189 3391; x_wconf 80' lang='lat' dir='ltr'><strong>At-</strong></span> 
     </span>
     <span class='ocr_line' id='line_1_35' title="bbox 188 3409 2190 3497; baseline 0 -19"><span class='ocrx_word' id='word_1_467' title='bbox 188 3425 263 3478; x_wconf 89' lang='lat' dir='ltr'><strong>rent</strong></span> <span class='ocrx_word' id='word_1_468' title='bbox 284 3415 405 3496; x_wconf 87' lang='lat' dir='ltr'><strong>passim</strong></span> <span class='ocrx_word' id='word_1_469' title='bbox 428 3414 617 3497; x_wconf 88' lang='lat' dir='ltr'><strong>scripturae,</strong></span> <span class='ocrx_word' id='word_1_470' title='bbox 641 3412 681 3476; x_wconf 90' lang='lat' dir='ltr'><strong>ad</strong></span> <span class='ocrx_word' id='word_1_471' title='bbox 702 3409 990 3475; x_wconf 89' lang='lat' dir='ltr'><strong>commendandam</strong></span> <span class='ocrx_word' id='word_1_472' title='bbox 1015 3412 1084 3474; x_wconf 91' lang='lat' dir='ltr'><strong>eins</strong></span> <span class='ocrx_word' id='word_1_473' title='bbox 1108 3411 1162 3474; x_wconf 93' lang='lat' dir='ltr'><strong>bo·</strong></span> <span class='ocrx_word' id='word_1_474' title='bbox 1214 3412 1268 3493; x_wconf 90' lang='lat' dir='ltr'><strong>qui</strong></span> <span class='ocrx_word' id='word_1_475' title='bbox 1302 3431 1378 3474; x_wconf 84' lang='lat' dir='ltr'><strong>vere</strong></span> <span class='ocrx_word' id='word_1_476' title='bbox 1405 3410 1487 3473; x_wconf 89' lang='lat' dir='ltr'><strong>illud</strong></span> <span class='ocrx_word' id='word_1_477' title='bbox 1515 3412 1591 3475; x_wconf 88' lang='lat' dir='ltr'><strong>olim</strong></span> <span class='ocrx_word' id='word_1_478' title='bbox 1625 3436 1644 3476; x_wconf 90' lang='lat' dir='ltr'><strong>a</strong></span> <span class='ocrx_word' id='word_1_479' title='bbox 1672 3413 1796 3477; x_wconf 81' lang='lat' dir='ltr'><strong>Catone</strong></span> <span class='ocrx_word' id='word_1_480' title='bbox 1830 3412 1953 3477; x_wconf 86' lang='lat' dir='ltr'><strong>dietum</strong></span> <span class='ocrx_word' id='word_1_481' title='bbox 1987 3427 2049 3477; x_wconf 86' lang='lat' dir='ltr'><strong>est:</strong></span> <span class='ocrx_word' id='word_1_482' title='bbox 2084 3413 2190 3479; x_wconf 81' lang='lat' dir='ltr'><strong>(ultus</strong></span> 
     </span>
     <span class='ocr_line' id='line_1_36' title="bbox 188 3495 2190 3583; baseline 0 -20"><span class='ocrx_word' id='word_1_483' title='bbox 188 3500 400 3583; x_wconf 90' lang='lat' dir='ltr'><strong>nignitatem,</strong></span> <span class='ocrx_word' id='word_1_484' title='bbox 430 3501 537 3581; x_wconf 89' lang='lat' dir='ltr'><strong>ipsum</strong></span> <span class='ocrx_word' id='word_1_485' title='bbox 559 3498 715 3563; x_wconf 87' lang='lat' dir='ltr'><strong>eiusmodi</strong></span> <span class='ocrx_word' id='word_1_486' title='bbox 742 3498 851 3561; x_wconf 91' lang='lat' dir='ltr'><strong>omnia</strong></span> <span class='ocrx_word' id='word_1_487' title='bbox 874 3495 1001 3559; x_wconf 87' lang='lat' dir='ltr'><strong>dedisse</strong></span> <span class='ocrx_word' id='word_1_488' title='bbox 1022 3496 1162 3559; x_wconf 92' lang='lat' dir='ltr'><strong>homini·</strong></span> <span class='ocrx_word' id='word_1_489' title='bbox 1213 3516 1367 3579; x_wconf 87' lang='lat' dir='ltr'><strong>magnam</strong></span> <span class='ocrx_word' id='word_1_490' title='bbox 1391 3517 1512 3573; x_wconf 85' lang='lat' dir='ltr'><strong>curam,</strong></span> <span class='ocrx_word' id='word_1_491' title='bbox 1535 3519 1688 3579; x_wconf 90' lang='lat' dir='ltr'><strong>magnam</strong></span> <span class='ocrx_word' id='word_1_492' title='bbox 1711 3499 1843 3563; x_wconf 83' lang='lat' dir='ltr'><strong>virtutis</strong></span> <span class='ocrx_word' id='word_1_493' title='bbox 1865 3520 1936 3563; x_wconf 87' lang='lat' dir='ltr'><strong>esse</strong></span> <span class='ocrx_word' id='word_1_494' title='bbox 1959 3500 2118 3562; x_wconf 87' lang='lat' dir='ltr'><strong>incuriam</strong></span> <span class='ocrx_word' id='word_1_495' title='bbox 2125 3523 2133 3576; x_wconf 90' lang='lat'>;</span> <span class='ocrx_word' id='word_1_496' title='bbox 2156 3508 2190 3563; x_wconf 88' lang='lat' dir='ltr'><strong>ot</strong></span> 
     </span>
     <span class='ocr_line' id='line_1_37' title="bbox 187 3580 2189 3667; baseline -0.001 -18"><span class='ocrx_word' id='word_1_497' title='bbox 187 3586 257 3650; x_wconf 88' lang='lat' dir='ltr'><strong>bus.</strong></span> <span class='ocrx_word' id='word_1_498' title='bbox 302 3586 349 3649; x_wconf 88' lang='lat' dir='ltr'><strong>Et</strong></span> <span class='ocrx_word' id='word_1_499' title='bbox 375 3586 465 3667; x_wconf 91' lang='lat' dir='ltr'><strong>ipsae</strong></span> <span class='ocrx_word' id='word_1_500' title='bbox 492 3584 659 3649; x_wconf 86' lang='lat' dir='ltr'><strong>naturales</strong></span> <span class='ocrx_word' id='word_1_501' title='bbox 681 3604 790 3647; x_wconf 90' lang='lat' dir='ltr'><strong>rerum</strong></span> <span class='ocrx_word' id='word_1_502' title='bbox 814 3581 903 3645; x_wconf 89' lang='lat' dir='ltr'><strong>dotes</strong></span> <span class='ocrx_word' id='word_1_503' title='bbox 929 3583 1009 3645; x_wconf 89' lang='lat' dir='ltr'><strong>satis</strong></span> <span class='ocrx_word' id='word_1_504' title='bbox 1029 3581 1162 3647; x_wconf 90' lang='lat' dir='ltr'><strong>demon·</strong></span> <span class='ocrx_word' id='word_1_505' title='bbox 1214 3583 1317 3646; x_wconf 82' lang='lat' dir='ltr'><strong>veteri</strong></span> <span class='ocrx_word' id='word_1_506' title='bbox 1334 3580 1505 3662; x_wconf 83' lang='lat' dir='ltr'><strong>proverbio</strong></span> <span class='ocrx_word' id='word_1_507' title='bbox 1523 3596 1733 3665; x_wconf 87' lang='lat' dir='ltr'><strong>usurpatum:</strong></span> <span class='ocrx_word' id='word_1_508' title='bbox 1757 3606 1811 3649; x_wconf 90' lang='lat' dir='ltr'><strong>cos</strong></span> <span class='ocrx_word' id='word_1_509' title='bbox 1828 3586 1883 3666; x_wconf 93' lang='lat' dir='ltr'><strong>qui</strong></span> <span class='ocrx_word' id='word_1_510' title='bbox 1900 3584 2041 3648; x_wconf 91' lang='lat' dir='ltr'><strong>multum</strong></span> <span class='ocrx_word' id='word_1_511' title='bbox 2064 3584 2100 3647; x_wconf 89' lang='lat' dir='ltr'><strong>in</strong></span> <span class='ocrx_word' id='word_1_512' title='bbox 2118 3605 2189 3649; x_wconf 89' lang='lat' dir='ltr'><strong>cor-</strong></span> 
     </span>
     <span class='ocr_line' id='line_1_38' title="bbox 188 3667 1162 3753; baseline -0.005 -18"><span class='ocrx_word' id='word_1_513' title='bbox 188 3678 295 3735; x_wconf 85' lang='lat' dir='ltr'><strong>strant</strong></span> <span class='ocrx_word' id='word_1_514' title='bbox 320 3692 476 3753; x_wconf 90' lang='lat' dir='ltr'><strong>quorsum</strong></span> <span class='ocrx_word' id='word_1_515' title='bbox 509 3678 542 3734; x_wconf 86' lang='lat' dir='ltr'><strong>et</strong></span> <span class='ocrx_word' id='word_1_516' title='bbox 572 3677 731 3751; x_wconf 88' lang='lat' dir='ltr'><strong>quatenus</strong></span> <span class='ocrx_word' id='word_1_517' title='bbox 758 3668 822 3731; x_wconf 88' lang='lat' dir='ltr'><strong>frui</strong></span> <span class='ocrx_word' id='word_1_518' title='bbox 849 3667 953 3730; x_wconf 90' lang='lat' dir='ltr'><strong>liceat.</strong></span> <span class='ocrx_word' id='word_1_519' title='bbox 1004 3668 1057 3731; x_wconf 87' lang='lat' dir='ltr'><strong>An</strong></span> <span class='ocrx_word' id='word_1_520' title='bbox 1085 3688 1162 3731; x_wconf 88' lang='lat' dir='ltr'><strong>vero</strong></span> 
     </span>
     <span class='ocr_line' id='line_1_39' title="bbox 186 3751 1161 3837; baseline -0.004 -17"><span class='ocrx_word' id='word_1_521' title='bbox 186 3764 313 3821; x_wconf 88' lang='lat' dir='ltr'><strong>tantam</strong></span> <span class='ocrx_word' id='word_1_522' title='bbox 340 3758 474 3821; x_wconf 90' lang='lat' dir='ltr'><strong>floribus</strong></span> <span class='ocrx_word' id='word_1_523' title='bbox 502 3754 778 3837; x_wconf 87' lang='lat' dir='ltr'><strong>pulchritudinem</strong></span> <span class='ocrx_word' id='word_1_524' title='bbox 806 3751 961 3815; x_wconf 90' lang='lat' dir='ltr'><strong>indiderit</strong></span> <span class='ocrx_word' id='word_1_525' title='bbox 990 3754 1161 3830; x_wconf 88' lang='lat' dir='ltr'><strong>Dominus,</strong></span> 
     </span>
     <span class='ocr_line' id='line_1_40' title="bbox 188 3837 1161 3924; baseline -0.005 -19"><span class='ocrx_word' id='word_1_526' title='bbox 188 3863 269 3924; x_wconf 88' lang='lat' dir='ltr'><strong>quae</strong></span> <span class='ocrx_word' id='word_1_527' title='bbox 292 3842 377 3906; x_wconf 87' lang='lat' dir='ltr'><strong>ultro</strong></span> <span class='ocrx_word' id='word_1_528' title='bbox 399 3844 434 3905; x_wconf 92' lang='lat' dir='ltr'><strong>in</strong></span> <span class='ocrx_word' id='word_1_529' title='bbox 457 3842 565 3906; x_wconf 89' lang='lat' dir='ltr'><strong>oculos</strong></span> <span class='ocrx_word' id='word_1_530' title='bbox 587 3842 784 3915; x_wconf 88' lang='lat' dir='ltr'><strong>incurreret;</strong></span> <span class='ocrx_word' id='word_1_531' title='bbox 811 3846 934 3901; x_wconf 91' lang='lat' dir='ltr'><strong>tantam</strong></span> <span class='ocrx_word' id='word_1_532' title='bbox 959 3837 1065 3903; x_wconf 92' lang='lat' dir='ltr'><strong>odoris</strong></span> <span class='ocrx_word' id='word_1_533' title='bbox 1088 3860 1161 3901; x_wconf 87' lang='lat' dir='ltr'><strong>sna-</strong></span> 
     </span>
     <span class='ocr_line' id='line_1_41' title="bbox 187 3925 1163 4009; baseline -0.004 -18"><span class='ocrx_word' id='word_1_534' title='bbox 187 3929 337 4003; x_wconf 85' lang='lat' dir='ltr'><strong>vitatem,</strong></span> <span class='ocrx_word' id='word_1_535' title='bbox 372 3950 454 4009; x_wconf 90' lang='lat' dir='ltr'><strong>quac</strong></span> <span class='ocrx_word' id='word_1_536' title='bbox 484 3928 517 3990; x_wconf 92' lang='lat' dir='ltr'><strong>in</strong></span> <span class='ocrx_word' id='word_1_537' title='bbox 547 3927 700 3990; x_wconf 83' lang='lat' dir='ltr'><strong>olfactum</strong></span> <span class='ocrx_word' id='word_1_538' title='bbox 728 3926 892 4001; x_wconf 88' lang='lat' dir='ltr'><strong>influeret;</strong></span> <span class='ocrx_word' id='word_1_539' title='bbox 921 3932 954 3987; x_wconf 90' lang='lat' dir='ltr'><strong>ct</strong></span> <span class='ocrx_word' id='word_1_540' title='bbox 981 3925 1072 3987; x_wconf 83' lang='lat' dir='ltr'><strong>nefas</strong></span> <span class='ocrx_word' id='word_1_541' title='bbox 1100 3925 1163 3987; x_wconf 92' lang='lat' dir='ltr'><strong>erit</strong></span> 
     </span>
     <span class='ocr_line' id='line_1_42' title="bbox 187 4008 1160 4095; baseline -0.008 -16"><span class='ocrx_word' id='word_1_542' title='bbox 187 4013 241 4079; x_wconf 81' lang='lat' dir='ltr'><strong>vel</strong></span> <span class='ocrx_word' id='word_1_543' title='bbox 262 4013 334 4077; x_wconf 91' lang='lat' dir='ltr'><strong>illos</strong></span> <span class='ocrx_word' id='word_1_544' title='bbox 352 4012 603 4095; x_wconf 85' lang='lat' dir='ltr'><strong>pulchritudine,</strong></span> <span class='ocrx_word' id='word_1_545' title='bbox 628 4010 679 4075; x_wconf 84' lang='lat' dir='ltr'><strong>vel</strong></span> <span class='ocrx_word' id='word_1_546' title='bbox 698 4011 785 4074; x_wconf 90' lang='lat' dir='ltr'><strong>huno</strong></span> <span class='ocrx_word' id='word_1_547' title='bbox 804 4009 911 4072; x_wconf 89' lang='lat' dir='ltr'><strong>odoris</strong></span> <span class='ocrx_word' id='word_1_548' title='bbox 930 4010 1038 4091; x_wconf 86' lang='lat' dir='ltr'><strong>gratia</strong></span> <span class='ocrx_word' id='word_1_549' title='bbox 1054 4008 1160 4075; x_wconf 86' lang='lat' dir='ltr'><strong>affici?</strong></span> 
     </span>
     <span class='ocr_line' id='line_1_43' title="bbox 190 4094 1162 4178; baseline -0.002 -17"><span class='ocrx_word' id='word_1_550' title='bbox 190 4096 301 4178; x_wconf 80' lang='lat' dir='ltr'><strong>Quid?</strong></span> <span class='ocrx_word' id='word_1_551' title='bbox 326 4121 367 4161; x_wconf 90' lang='lat' dir='ltr'><strong>an</strong></span> <span class='ocrx_word' id='word_1_552' title='bbox 390 4120 455 4161; x_wconf 91' lang='lat' dir='ltr'><strong>non</strong></span> <span class='ocrx_word' id='word_1_553' title='bbox 478 4098 599 4161; x_wconf 87' lang='lat' dir='ltr'><strong>colores</strong></span> <span class='ocrx_word' id='word_1_554' title='bbox 622 4098 667 4160; x_wconf 86' lang='lat' dir='ltr'><strong>sie</strong></span> <span class='ocrx_word' id='word_1_555' title='bbox 689 4095 846 4168; x_wconf 73' lang='lat' dir='ltr'><strong>distinxit,</strong></span> <span class='ocrx_word' id='word_1_556' title='bbox 869 4106 906 4158; x_wconf 91' lang='lat' dir='ltr'><strong>ut</strong></span> <span class='ocrx_word' id='word_1_557' title='bbox 927 4094 1006 4158; x_wconf 90' lang='lat' dir='ltr'><strong>alios</strong></span> <span class='ocrx_word' id='word_1_558' title='bbox 1025 4095 1096 4159; x_wconf 83' lang='lat' dir='ltr'><strong>aliis</strong></span> <span class='ocrx_word' id='word_1_559' title='bbox 1113 4095 1162 4159; x_wconf 87' lang='lat' dir='ltr'><strong>fa-</strong></span> 
     </span>
     <span class='ocr_line' id='line_1_44' title="bbox 188 4181 1160 4265; baseline -0.003 -18"><span class='ocrx_word' id='word_1_560' title='bbox 188 4192 277 4247; x_wconf 89' lang='lat' dir='ltr'><strong>ceret</strong></span> <span class='ocrx_word' id='word_1_561' title='bbox 309 4184 488 4265; x_wconf 84' lang='lat' dir='ltr'><strong>gratiores?</strong></span> <span class='ocrx_word' id='word_1_562' title='bbox 540 4181 649 4262; x_wconf 79' lang='lat' dir='ltr'><strong>Quid?</strong></span> <span class='ocrx_word' id='word_1_563' title='bbox 689 4202 797 4245; x_wconf 89' lang='lat' dir='ltr'><strong>annon</strong></span> <span class='ocrx_word' id='word_1_564' title='bbox 836 4202 914 4243; x_wconf 90' lang='lat' dir='ltr'><strong>auro</strong></span> <span class='ocrx_word' id='word_1_565' title='bbox 951 4194 984 4244; x_wconf 86' lang='lat' dir='ltr'><strong>et</strong></span> <span class='ocrx_word' id='word_1_566' title='bbox 1016 4188 1160 4263; x_wconf 88' lang='lat' dir='ltr'><strong>argento,</strong></span> 
     </span>
     <span class='ocr_line' id='line_1_45' title="bbox 189 4266 1161 4350; baseline -0.002 -19"><span class='ocrx_word' id='word_1_567' title='bbox 189 4268 277 4331; x_wconf 90' lang='lat' dir='ltr'><strong>ebori</strong></span> <span class='ocrx_word' id='word_1_568' title='bbox 305 4288 342 4331; x_wconf 89' lang='lat' dir='ltr'><strong>ac</strong></span> <span class='ocrx_word' id='word_1_569' title='bbox 369 4270 524 4332; x_wconf 89' lang='lat' dir='ltr'><strong>marmori</strong></span> <span class='ocrx_word' id='word_1_570' title='bbox 550 4270 690 4350; x_wconf 89' lang='lat' dir='ltr'><strong>gratiam</strong></span> <span class='ocrx_word' id='word_1_571' title='bbox 712 4267 874 4342; x_wconf 87' lang='lat' dir='ltr'><strong>attribuit,</strong></span> <span class='ocrx_word' id='word_1_572' title='bbox 903 4287 967 4347; x_wconf 89' lang='lat' dir='ltr'><strong>qua</strong></span> <span class='ocrx_word' id='word_1_573' title='bbox 988 4286 1067 4347; x_wconf 92' lang='lat' dir='ltr'><strong>prac</strong></span> <span class='ocrx_word' id='word_1_574' title='bbox 1089 4266 1161 4330; x_wconf 92' lang='lat' dir='ltr'><strong>aliis</strong></span> 
     </span>
     <span class='ocr_line' id='line_1_46' title="bbox 188 4349 1161 4434; baseline -0.002 -17"><span class='ocrx_word' id='word_1_575' title='bbox 188 4360 246 4417; x_wconf 90' lang='lat' dir='ltr'><strong>aut</strong></span> <span class='ocrx_word' id='word_1_576' title='bbox 262 4353 403 4417; x_wconf 88' lang='lat' dir='ltr'><strong>metallis</strong></span> <span class='ocrx_word' id='word_1_577' title='bbox 424 4363 481 4416; x_wconf 89' lang='lat' dir='ltr'><strong>aut</strong></span> <span class='ocrx_word' id='word_1_578' title='bbox 499 4353 658 4434; x_wconf 90' lang='lat' dir='ltr'><strong>lapidibus</strong></span> <span class='ocrx_word' id='word_1_579' title='bbox 676 4354 817 4434; x_wconf 89' lang='lat' dir='ltr'><strong>pretiosa</strong></span> <span class='ocrx_word' id='word_1_580' title='bbox 835 4349 1070 4415; x_wconf 81' lang='lat' dir='ltr'><strong>redderentur?</strong></span> <span class='ocrx_word' id='word_1_581' title='bbox 1094 4353 1161 4415; x_wconf 89' lang='lat' dir='ltr'><strong>De-</strong></span> 
     </span>
     <span class='ocr_line' id='line_1_47' title="bbox 119 4439 1160 4521; baseline -0.003 -18"><span class='ocrx_word' id='word_1_582' title='bbox 119 4456 123 4463; x_wconf 86' lang='lat'>·</span> <span class='ocrx_word' id='word_1_583' title='bbox 187 4440 299 4521; x_wconf 89' lang='lat' dir='ltr'><strong>nique,</strong></span> <span class='ocrx_word' id='word_1_584' title='bbox 329 4460 369 4501; x_wconf 90' lang='lat' dir='ltr'><strong>an</strong></span> <span class='ocrx_word' id='word_1_585' title='bbox 400 4459 466 4501; x_wconf 93' lang='lat' dir='ltr'><strong>non</strong></span> <span class='ocrx_word' id='word_1_586' title='bbox 493 4461 545 4501; x_wconf 87' lang='lat' dir='ltr'><strong>res</strong></span> <span class='ocrx_word' id='word_1_587' title='bbox 575 4440 694 4502; x_wconf 90' lang='lat' dir='ltr'><strong>multas</strong></span> <span class='ocrx_word' id='word_1_588' title='bbox 721 4439 803 4502; x_wconf 88' lang='lat' dir='ltr'><strong>eitra</strong></span> <span class='ocrx_word' id='word_1_589' title='bbox 823 4439 1041 4501; x_wconf 86' lang='lat' dir='ltr'><strong>necessarium</strong></span> <span class='ocrx_word' id='word_1_590' title='bbox 1065 4459 1160 4501; x_wconf 91' lang='lat' dir='ltr'><strong>usum</strong></span> 
     </span>
     <span class='ocr_line' id='line_1_48' title="bbox 187 4521 2186 4607; baseline 0.001 -19"><span class='ocrx_word' id='word_1_591' title='bbox 187 4523 458 4589; x_wconf 87' lang='lat' dir='ltr'><strong>commendabiles</strong></span> <span class='ocrx_word' id='word_1_592' title='bbox 480 4525 572 4589; x_wconf 88' lang='lat' dir='ltr'><strong>nobis</strong></span> <span class='ocrx_word' id='word_1_593' title='bbox 594 4522 755 4587; x_wconf 85' lang='lat' dir='ltr'><strong>reddidit?</strong></span> <span class='ocrx_word' id='word_1_594' title='bbox 1213 4523 1285 4589; x_wconf 89' lang='lat' dir='ltr'><strong>dica</strong></span> <span class='ocrx_word' id='word_1_595' title='bbox 1313 4543 1425 4586; x_wconf 90' lang='lat' dir='ltr'><strong>carum</strong></span> <span class='ocrx_word' id='word_1_596' title='bbox 1455 4521 1632 4603; x_wconf 90' lang='lat' dir='ltr'><strong>cupiditate</strong></span> <span class='ocrx_word' id='word_1_597' title='bbox 1659 4525 1880 4591; x_wconf 84' lang='lat' dir='ltr'><strong>sollicitentur.</strong></span> <span class='ocrx_word' id='word_1_598' title='bbox 1926 4523 2035 4604; x_wconf 77' lang='lat' dir='ltr'><strong>Quam</strong></span> <span class='ocrx_word' id='word_1_599' title='bbox 2057 4526 2114 4607; x_wconf 91' lang='lat' dir='ltr'><strong>qui</strong></span> <span class='ocrx_word' id='word_1_600' title='bbox 2137 4532 2186 4589; x_wconf 87' lang='lat' dir='ltr'><strong>te-</strong></span> 
     </span>
     <span class='ocr_line' id='line_1_49' title="bbox 275 4607 2183 4692; baseline 0.001 -19"><span class='ocrx_word' id='word_1_601' title='bbox 275 4614 324 4673; x_wconf 77' lang='lat'><strong>34.</strong></span> <span class='ocrx_word' id='word_1_602' title='bbox 369 4611 525 4674; x_wconf 73' lang='lat' dir='ltr'><strong>Facessat</strong></span> <span class='ocrx_word' id='word_1_603' title='bbox 552 4631 629 4692; x_wconf 86' lang='lat' dir='ltr'><strong>ergo</strong></span> <span class='ocrx_word' id='word_1_604' title='bbox 656 4609 836 4672; x_wconf 90' lang='lat' dir='ltr'><strong>inhumana</strong></span> <span class='ocrx_word' id='word_1_605' title='bbox 862 4608 920 4671; x_wconf 88' lang='lat' dir='ltr'><strong>illa</strong></span> <span class='ocrx_word' id='word_1_606' title='bbox 946 4608 1159 4689; x_wconf 86' lang='lat' dir='ltr'><strong>philosophia,</strong></span> <span class='ocrx_word' id='word_1_607' title='bbox 1212 4618 1300 4685; x_wconf 90' lang='lat' dir='ltr'><strong>nent,</strong></span> <span class='ocrx_word' id='word_1_608' title='bbox 1323 4630 1388 4672; x_wconf 91' lang='lat' dir='ltr'><strong>non</strong></span> <span class='ocrx_word' id='word_1_609' title='bbox 1410 4607 1615 4672; x_wconf 87' lang='lat' dir='ltr'><strong>mediocriter</strong></span> <span class='ocrx_word' id='word_1_610' title='bbox 1637 4612 1670 4674; x_wconf 93' lang='lat' dir='ltr'><strong>in</strong></span> <span class='ocrx_word' id='word_1_611' title='bbox 1689 4611 1800 4677; x_wconf 86' lang='lat' dir='ltr'><strong>schola</strong></span> <span class='ocrx_word' id='word_1_612' title='bbox 1817 4611 1951 4675; x_wconf 91' lang='lat' dir='ltr'><strong>Domini</strong></span> <span class='ocrx_word' id='word_1_613' title='bbox 1968 4611 2183 4691; x_wconf 89' lang='lat' dir='ltr'><strong>profecerunt.</strong></span> 
     </span>
     <span class='ocr_line' id='line_1_50' title="bbox 187 4693 2185 4779; baseline -0.002 -18"><span class='ocrx_word' id='word_1_614' title='bbox 187 4718 270 4779; x_wconf 88' lang='lat' dir='ltr'><strong>quac</strong></span> <span class='ocrx_word' id='word_1_615' title='bbox 296 4696 378 4774; x_wconf 86' lang='lat' dir='ltr'><strong>¹dum</strong></span> <span class='ocrx_word' id='word_1_616' title='bbox 404 4695 532 4758; x_wconf 89' lang='lat' dir='ltr'><strong>nnllam</strong></span> <span class='ocrx_word' id='word_1_617' title='bbox 559 4697 623 4759; x_wconf 87' lang='lat' dir='ltr'><strong>nisi</strong></span> <span class='ocrx_word' id='word_1_618' title='bbox 649 4695 868 4759; x_wconf 88' lang='lat' dir='ltr'><strong>necessarium</strong></span> <span class='ocrx_word' id='word_1_619' title='bbox 895 4714 992 4756; x_wconf 88' lang='lat' dir='ltr'><strong>usum</strong></span> <span class='ocrx_word' id='word_1_620' title='bbox 1014 4693 1162 4758; x_wconf 89' lang='lat' dir='ltr'><strong>concedit</strong></span> <span class='ocrx_word' id='word_1_621' title='bbox 1213 4693 1495 4775; x_wconf 74' lang='lat' dir='ltr'><strong>Quemadmodum</strong></span> <span class='ocrx_word' id='word_1_622' title='bbox 1522 4694 1579 4758; x_wconf 83' lang='lat' dir='ltr'><strong>vix</strong></span> <span class='ocrx_word' id='word_1_623' title='bbox 1607 4696 1728 4763; x_wconf 87' lang='lat' dir='ltr'><strong>habere</strong></span> <span class='ocrx_word' id='word_1_624' title='bbox 1750 4706 1869 4779; x_wconf 84' lang='lat' dir='ltr'><strong>potest,</strong></span> <span class='ocrx_word' id='word_1_625' title='bbox 1897 4716 1962 4777; x_wconf 93' lang='lat' dir='ltr'><strong>quo</strong></span> <span class='ocrx_word' id='word_1_626' title='bbox 1987 4716 2021 4759; x_wconf 88' lang='lat' dir='ltr'><strong>se</strong></span> <span class='ocrx_word' id='word_1_627' title='bbox 2044 4694 2185 4777; x_wconf 84' lang='lat' dir='ltr'><strong>discipu-</strong></span> 
     </span>
     <span class='ocr_line' id='line_1_51' title="bbox 187 4779 2184 4865; baseline 0.001 -18"><span class='ocrx_word' id='word_1_628' title='bbox 187 4805 228 4847; x_wconf 79' lang='lat' dir='ltr'><strong>ex</strong></span> <span class='ocrx_word' id='word_1_629' title='bbox 251 4782 423 4849; x_wconf 88' lang='lat' dir='ltr'><strong>creaturis.</strong></span> <span class='ocrx_word' id='word_1_630' title='bbox 453 4803 519 4844; x_wconf 92' lang='lat' dir='ltr'><strong>non</strong></span> <span class='ocrx_word' id='word_1_631' title='bbox 543 4790 671 4845; x_wconf 89' lang='lat' dir='ltr'><strong>tantum</strong></span> <span class='ocrx_word' id='word_1_632' title='bbox 692 4780 835 4862; x_wconf 90' lang='lat' dir='ltr'><strong>maligne</strong></span> <span class='ocrx_word' id='word_1_633' title='bbox 857 4799 916 4842; x_wconf 91' lang='lat' dir='ltr'><strong>nos</strong></span> <span class='ocrx_word' id='word_1_634' title='bbox 938 4780 1047 4860; x_wconf 86' lang='lat' dir='ltr'><strong>privat</strong></span> <span class='ocrx_word' id='word_1_635' title='bbox 1071 4779 1160 4844; x_wconf 89' lang='lat' dir='ltr'><strong>licito</strong></span> <span class='ocrx_word' id='word_1_636' title='bbox 1210 4781 1279 4844; x_wconf 94' lang='lat' dir='ltr'><strong>lum</strong></span> <span class='ocrx_word' id='word_1_637' title='bbox 1302 4780 1425 4845; x_wconf 80' lang='lat' dir='ltr'><strong>Christi</strong></span> <span class='ocrx_word' id='word_1_638' title='bbox 1455 4800 1525 4843; x_wconf 86' lang='lat' dir='ltr'><strong>esse</strong></span> <span class='ocrx_word' id='word_1_639' title='bbox 1546 4782 1673 4861; x_wconf 91' lang='lat' dir='ltr'><strong>probet,</strong></span> <span class='ocrx_word' id='word_1_640' title='bbox 1704 4784 1758 4865; x_wconf 94' lang='lat' dir='ltr'><strong>qui</strong></span> <span class='ocrx_word' id='word_1_641' title='bbox 1781 4802 1847 4845; x_wconf 94' lang='lat' dir='ltr'><strong>non</strong></span> <span class='ocrx_word' id='word_1_642' title='bbox 1870 4782 1931 4847; x_wconf 90' lang='lat' dir='ltr'><strong>hae</strong></span> <span class='ocrx_word' id='word_1_643' title='bbox 1954 4782 1989 4843; x_wconf 93' lang='lat' dir='ltr'><strong>in</strong></span> <span class='ocrx_word' id='word_1_644' title='bbox 2009 4790 2103 4862; x_wconf 82' lang='lat' dir='ltr'><strong>parte</strong></span> <span class='ocrx_word' id='word_1_645' title='bbox 2125 4780 2184 4849; x_wconf 88' lang='lat' dir='ltr'><strong>ali-</strong></span> 
     </span>
     <span class='ocr_line' id='line_1_52' title="bbox 186 4863 2184 4950; baseline -0.001 -17"><span class='ocrx_word' id='word_1_646' title='bbox 186 4868 418 4934; x_wconf 87' lang='lat' dir='ltr'><strong>benefiocntiae</strong></span> <span class='ocrx_word' id='word_1_647' title='bbox 436 4867 565 4931; x_wconf 86' lang='lat' dir='ltr'><strong>divinae</strong></span> <span class='ocrx_word' id='word_1_648' title='bbox 582 4870 701 4942; x_wconf 87' lang='lat' dir='ltr'><strong>tinctu,</strong></span> <span class='ocrx_word' id='word_1_649' title='bbox 725 4865 782 4930; x_wconf 91' lang='lat' dir='ltr'><strong>sed</strong></span> <span class='ocrx_word' id='word_1_650' title='bbox 799 4863 943 4927; x_wconf 91' lang='lat' dir='ltr'><strong>obtinere</strong></span> <span class='ocrx_word' id='word_1_651' title='bbox 961 4885 1026 4928; x_wconf 91' lang='lat' dir='ltr'><strong>non</strong></span> <span class='ocrx_word' id='word_1_652' title='bbox 1044 4874 1158 4946; x_wconf 89' lang='lat' dir='ltr'><strong>potest,</strong></span> <span class='ocrx_word' id='word_1_653' title='bbox 1212 4876 1372 4948; x_wconf 84' lang='lat' dir='ltr'><strong>quatenus</strong></span> <span class='ocrx_word' id='word_1_654' title='bbox 1394 4865 1510 4929; x_wconf 85' lang='lat' dir='ltr'><strong>saltem</strong></span> <span class='ocrx_word' id='word_1_655' title='bbox 1532 4867 1710 4947; x_wconf 88' lang='lat' dir='ltr'><strong>profecerit.</strong></span> <span class='ocrx_word' id='word_1_656' title='bbox 1745 4868 1832 4930; x_wconf 90' lang='lat' dir='ltr'><strong>Nam</strong></span> <span class='ocrx_word' id='word_1_657' title='bbox 1853 4878 2081 4950; x_wconf 84' lang='lat' dir='ltr'><strong>pmeterqumn</strong></span> <span class='ocrx_word' id='word_1_658' title='bbox 2098 4865 2184 4949; x_wconf 92' lang='lat' dir='ltr'><strong>quod</strong></span> 
     </span>
     <span class='ocr_line' id='line_1_53' title="bbox 186 4950 2184 5035; baseline 0.001 -20"><span class='ocrx_word' id='word_1_659' title='bbox 186 4955 250 5017; x_wconf 90' lang='lat' dir='ltr'><strong>nisi</strong></span> <span class='ocrx_word' id='word_1_660' title='bbox 273 4956 437 5019; x_wconf 86' lang='lat' dir='ltr'><strong>homine-m</strong></span> <span class='ocrx_word' id='word_1_661' title='bbox 458 4952 583 5017; x_wconf 89' lang='lat' dir='ltr'><strong>cunetis</strong></span> <span class='ocrx_word' id='word_1_662' title='bbox 605 4952 752 5017; x_wconf 91' lang='lat' dir='ltr'><strong>sensibus</strong></span> <span class='ocrx_word' id='word_1_663' title='bbox 773 4950 946 5032; x_wconf 89' lang='lat' dir='ltr'><strong>spoliatum</strong></span> <span class='ocrx_word' id='word_1_664' title='bbox 964 4951 998 5013; x_wconf 93' lang='lat' dir='ltr'><strong>in</strong></span> <span class='ocrx_word' id='word_1_665' title='bbox 1016 4951 1160 5033; x_wconf 88' lang='lat' dir='ltr'><strong>stipitem</strong></span> <span class='ocrx_word' id='word_1_666' title='bbox 1211 4973 1321 5016; x_wconf 92' lang='lat' dir='ltr'><strong>rerum</strong></span> <span class='ocrx_word' id='word_1_667' title='bbox 1342 4962 1546 5015; x_wconf 89' lang='lat' dir='ltr'><strong>terrenarum</strong></span> <span class='ocrx_word' id='word_1_668' title='bbox 1570 4954 1788 5035; x_wconf 85' lang='lat' dir='ltr'><strong>appetentiam</strong></span> <span class='ocrx_word' id='word_1_669' title='bbox 1810 4952 2007 5018; x_wconf 86' lang='lat' dir='ltr'><strong>comitantur·</strong></span> <span class='ocrx_word' id='word_1_670' title='bbox 2028 4952 2184 5035; x_wconf 81' lang='lat' dir='ltr'><strong>pleraque</strong></span> 
     </span>
     <span class='ocr_line' id='line_1_54' title="bbox 187 5036 2183 5121; baseline 0.002 -22"><span class='ocrx_word' id='word_1_671' title='bbox 187 5037 355 5121; x_wconf 84' lang='lat' dir='ltr'><strong>redegerit.</strong></span> <span class='ocrx_word' id='word_1_672' title='bbox 386 5038 541 5104; x_wconf 74' lang='lat' dir='ltr'><strong>sednon</strong></span> <span class='ocrx_word' id='word_1_673' title='bbox 564 5039 671 5101; x_wconf 88' lang='lat' dir='ltr'><strong>minus</strong></span> <span class='ocrx_word' id='word_1_674' title='bbox 693 5037 865 5120; x_wconf 83' lang='lat' dir='ltr'><strong>diligenter</strong></span> <span class='ocrx_word' id='word_1_675' title='bbox 883 5036 986 5099; x_wconf 86' lang='lat' dir='ltr'><strong>altera</strong></span> <span class='ocrx_word' id='word_1_676' title='bbox 1007 5058 1047 5099; x_wconf 79' lang='lat' dir='ltr'><strong>ex</strong></span> <span class='ocrx_word' id='word_1_677' title='bbox 1065 5046 1158 5118; x_wconf 90' lang='lat' dir='ltr'><strong>parte</strong></span> <span class='ocrx_word' id='word_1_678' title='bbox 1211 5037 1275 5101; x_wconf 89' lang='lat' dir='ltr'><strong>alia</strong></span> <span class='ocrx_word' id='word_1_679' title='bbox 1292 5038 1380 5115; x_wconf 76' lang='lat' dir='ltr'><strong>titia,</strong></span> <span class='ocrx_word' id='word_1_680' title='bbox 1404 5036 1460 5118; x_wconf 94' lang='lat' dir='ltr'><strong>qui</strong></span> <span class='ocrx_word' id='word_1_681' title='bbox 1478 5037 1685 5117; x_wconf 87' lang='lat' dir='ltr'><strong>impatienter</strong></span> <span class='ocrx_word' id='word_1_682' title='bbox 1701 5040 1764 5103; x_wconf 85' lang='lat' dir='ltr'><strong>fert</strong></span> <span class='ocrx_word' id='word_1_683' title='bbox 1780 5039 1959 5120; x_wconf 80' lang='lat' dir='ltr'><strong>penuriam,</strong></span> <span class='ocrx_word' id='word_1_684' title='bbox 1983 5038 2183 5103; x_wconf 86' lang='lat' dir='ltr'><strong>eontrarium</strong></span> 
     </span>
     <span class='ocr_line' id='line_1_55' title="bbox 1210 5120 2180 5206; baseline -0.001 -19"><span class='ocrx_word' id='word_1_685' title='bbox 1210 5124 1307 5187; x_wconf 89' lang='lat' dir='ltr'><strong>ctiam</strong></span> <span class='ocrx_word' id='word_1_686' title='bbox 1328 5125 1364 5185; x_wconf 92' lang='lat' dir='ltr'><strong>in</strong></span> <span class='ocrx_word' id='word_1_687' title='bbox 1386 5120 1585 5186; x_wconf 89' lang='lat' dir='ltr'><strong>abundantia</strong></span> <span class='ocrx_word' id='word_1_688' title='bbox 1605 5124 1770 5199; x_wconf 90' lang='lat' dir='ltr'><strong>morbum,</strong></span> <span class='ocrx_word' id='word_1_689' title='bbox 1794 5125 2041 5206; x_wconf 90' lang='lat' dir='ltr'><strong>utplurimum,</strong></span> <span class='ocrx_word' id='word_1_690' title='bbox 2064 5123 2180 5205; x_wconf 82' lang='lat' dir='ltr'><strong>prodit</strong></span> 
     </span>
     <span class='ocr_line' id='line_1_56' title="bbox 188 5205 2181 5357; baseline 0.003 -89"><span class='ocrx_word' id='word_1_691' title='bbox 188 5226 264 5269; x_wconf 91' lang='lat' dir='ltr'><strong>nem</strong></span> <span class='ocrx_word' id='word_1_692' title='bbox 284 5210 411 5357; x_wconf 56' lang='lat' dir='ltr'><strong>soffia</strong></span> <span class='ocrx_word' id='word_1_693' title='bbox 450 5212 520 5275; x_wconf 89' lang='lat' dir='ltr'><strong>sine</strong></span> <span class='ocrx_word' id='word_1_694' title='bbox 541 5209 637 5273; x_wconf 94' lang='lat' dir='ltr'><strong>modo</strong></span> <span class='ocrx_word' id='word_1_695' title='bbox 658 5208 812 5287; x_wconf 81' lang='lat' dir='ltr'><strong>exundat,</strong></span> <span class='ocrx_word' id='word_1_696' title='bbox 835 5214 869 5271; x_wconf 91' lang='lat' dir='ltr'><strong>et</strong></span> <span class='ocrx_word' id='word_1_697' title='bbox 889 5207 997 5285; x_wconf 89' lang='lat' dir='ltr'><strong>habet,</strong></span> <span class='ocrx_word' id='word_1_698' title='bbox 1020 5218 1058 5271; x_wconf 90' lang='lat' dir='ltr'><strong>nt</strong></span> <span class='ocrx_word' id='word_1_699' title='bbox 1079 5208 1156 5285; x_wconf 82' lang='lat' dir='ltr'><strong>dixi,</strong></span> <span class='ocrx_word' id='word_1_700' title='bbox 1209 5208 1283 5273; x_wconf 90' lang='lat' dir='ltr'><strong>Hoc</strong></span> <span class='ocrx_word' id='word_1_701' title='bbox 1303 5208 1458 5291; x_wconf 86' lang='lat' dir='ltr'><strong>intelligo,</strong></span> <span class='ocrx_word' id='word_1_702' title='bbox 1477 5205 1562 5288; x_wconf 93' lang='lat' dir='ltr'><strong>quod</strong></span> <span class='ocrx_word' id='word_1_703' title='bbox 1583 5210 1639 5289; x_wconf 91' lang='lat' dir='ltr'><strong>qui</strong></span> <span class='ocrx_word' id='word_1_704' title='bbox 1659 5210 1790 5275; x_wconf 90' lang='lat' dir='ltr'><strong>sordida</strong></span> <span class='ocrx_word' id='word_1_705' title='bbox 1807 5218 1896 5275; x_wconf 86' lang='lat' dir='ltr'><strong>veste</strong></span> <span class='ocrx_word' id='word_1_706' title='bbox 1913 5211 2088 5288; x_wconf 89' lang='lat' dir='ltr'><strong>erubescet,</strong></span> <span class='ocrx_word' id='word_1_707' title='bbox 2107 5230 2181 5291; x_wconf 93' lang='lat' dir='ltr'><strong>pre·</strong></span> 
     </span>
     <span class='ocr_line' id='line_1_57' title="bbox 188 5293 2180 5378; baseline 0.002 -23"><span class='ocrx_word' id='word_1_708' title='bbox 188 5310 264 5355; x_wconf 88' lang='lat' dir='ltr'><strong>suos</strong></span> <span class='ocrx_word' id='word_1_709' title='bbox 280 5312 319 5355; x_wconf 85' lang='lat' dir='ltr'><strong>su</strong></span> <span class='ocrx_word' id='word_1_710' title='bbox 383 5306 520 5377; x_wconf 85' lang='lat' dir='ltr'><strong>gatores,</strong></span> <span class='ocrx_word' id='word_1_711' title='bbox 538 5296 593 5378; x_wconf 91' lang='lat' dir='ltr'><strong>qui</strong></span> <span class='ocrx_word' id='word_1_712' title='bbox 611 5296 670 5361; x_wconf 91' lang='lat' dir='ltr'><strong>sub</strong></span> <span class='ocrx_word' id='word_1_713' title='bbox 688 5304 859 5377; x_wconf 84' lang='lat' dir='ltr'><strong>praetextu</strong></span> <span class='ocrx_word' id='word_1_714' title='bbox 872 5312 1043 5359; x_wconf 88' lang='lat' dir='ltr'><strong>concessae</strong></span> <span class='ocrx_word' id='word_1_715' title='bbox 1060 5294 1158 5359; x_wconf 90' lang='lat' dir='ltr'><strong>liber·</strong></span> <span class='ocrx_word' id='word_1_716' title='bbox 1209 5296 1292 5359; x_wconf 87' lang='lat' dir='ltr'><strong>tiosa</strong></span> <span class='ocrx_word' id='word_1_717' title='bbox 1313 5293 1517 5377; x_wconf 78' lang='lat' dir='ltr'><strong>gloriabitur3</strong></span> <span class='ocrx_word' id='word_1_718' title='bbox 1544 5295 1600 5374; x_wconf 92' lang='lat' dir='ltr'><strong>qui</strong></span> <span class='ocrx_word' id='word_1_719' title='bbox 1625 5296 1718 5361; x_wconf 91' lang='lat' dir='ltr'><strong>tenui</strong></span> <span class='ocrx_word' id='word_1_720' title='bbox 1743 5296 1880 5362; x_wconf 90' lang='lat' dir='ltr'><strong>coenula</strong></span> <span class='ocrx_word' id='word_1_721' title='bbox 1905 5316 1970 5359; x_wconf 90' lang='lat' dir='ltr'><strong>non</strong></span> <span class='ocrx_word' id='word_1_722' title='bbox 1998 5302 2180 5375; x_wconf 90' lang='lat' dir='ltr'><strong>contentus,</strong></span> 
     </span>
    </p>
   </div>
   <div class='ocr_carea' id='block_1_4' title="bbox 1213 3669 2232 4517">
    <p class='ocr_par' dir='ltr' id='par_1_4' title="bbox 1213 3669 2232 4517">
     <span class='ocr_line' id='line_1_58' title="bbox 1213 3669 2187 3752; baseline 0.003 -22"><span class='ocrx_word' id='word_1_723' title='bbox 1213 3669 1301 3749; x_wconf 87' lang='lat' dir='ltr'><strong>poris</strong></span> <span class='ocrx_word' id='word_1_724' title='bbox 1324 3689 1401 3730; x_wconf 88' lang='lat' dir='ltr'><strong>eura</strong></span> <span class='ocrx_word' id='word_1_725' title='bbox 1420 3679 1629 3749; x_wconf 84' lang='lat' dir='ltr'><strong>occupantur,</strong></span> <span class='ocrx_word' id='word_1_726' title='bbox 1652 3670 1720 3733; x_wconf 89' lang='lat' dir='ltr'><strong>fero</strong></span> <span class='ocrx_word' id='word_1_727' title='bbox 1739 3672 1867 3733; x_wconf 91' lang='lat' dir='ltr'><strong>animae</strong></span> <span class='ocrx_word' id='word_1_728' title='bbox 1885 3691 1955 3734; x_wconf 89' lang='lat' dir='ltr'><strong>esse</strong></span> <span class='ocrx_word' id='word_1_729' title='bbox 1973 3670 2187 3752; x_wconf 84' lang='lat' dir='ltr'><strong>negligentes.</strong></span> 
     </span>
     <span class='ocr_line' id='line_1_59' title="bbox 1213 3751 2189 3837; baseline 0.004 -20"><span class='ocrx_word' id='word_1_730' title='bbox 1213 3754 1304 3837; x_wconf 82' lang='lat' dir='ltr'><strong>Ergo</strong></span> <span class='ocrx_word' id='word_1_731' title='bbox 1326 3761 1364 3815; x_wconf 91' lang='lat' dir='ltr'><strong>nt</strong></span> <span class='ocrx_word' id='word_1_732' title='bbox 1386 3751 1426 3815; x_wconf 91' lang='lat' dir='ltr'><strong>ad</strong></span> <span class='ocrx_word' id='word_1_733' title='bbox 1449 3762 1570 3817; x_wconf 83' lang='lat' dir='ltr'><strong>certam</strong></span> <span class='ocrx_word' id='word_1_734' title='bbox 1593 3755 1767 3819; x_wconf 82' lang='lat' dir='ltr'><strong>formulam</strong></span> <span class='ocrx_word' id='word_1_735' title='bbox 1785 3777 1852 3819; x_wconf 90' lang='lat' dir='ltr'><strong>non</strong></span> <span class='ocrx_word' id='word_1_736' title='bbox 1871 3755 2032 3837; x_wconf 83' lang='lat' dir='ltr'><strong>exigenda</strong></span> <span class='ocrx_word' id='word_1_737' title='bbox 2050 3757 2092 3821; x_wconf 87' lang='lat' dir='ltr'><strong>sit</strong></span> <span class='ocrx_word' id='word_1_738' title='bbox 2109 3756 2189 3821; x_wconf 88' lang='lat' dir='ltr'><strong>fide-</strong></span> 
     </span>
     <span class='ocr_line' id='line_1_60' title="bbox 1213 3838 2189 3918; baseline 0.006 -17"><span class='ocrx_word' id='word_1_739' title='bbox 1213 3839 1295 3903; x_wconf 91' lang='lat' dir='ltr'><strong>lium</strong></span> <span class='ocrx_word' id='word_1_740' title='bbox 1322 3839 1356 3901; x_wconf 93' lang='lat' dir='ltr'><strong>in</strong></span> <span class='ocrx_word' id='word_1_741' title='bbox 1384 3838 1481 3902; x_wconf 87' lang='lat' dir='ltr'><strong>rebus</strong></span> <span class='ocrx_word' id='word_1_742' title='bbox 1509 3842 1654 3904; x_wconf 82' lang='lat' dir='ltr'><strong>externis</strong></span> <span class='ocrx_word' id='word_1_743' title='bbox 1681 3841 1830 3918; x_wconf 88' lang='lat' dir='ltr'><strong>libertas,</strong></span> <span class='ocrx_word' id='word_1_744' title='bbox 1860 3841 1936 3905; x_wconf 89' lang='lat' dir='ltr'><strong>hnic</strong></span> <span class='ocrx_word' id='word_1_745' title='bbox 1964 3850 2075 3904; x_wconf 92' lang='lat' dir='ltr'><strong>tamen</strong></span> <span class='ocrx_word' id='word_1_746' title='bbox 2102 3852 2189 3907; x_wconf 86' lang='lat' dir='ltr'><strong>certo</strong></span> 
     </span>
     <span class='ocr_line' id='line_1_61' title="bbox 1213 3924 2188 4011; baseline 0.001 -23"><span class='ocrx_word' id='word_1_747' title='bbox 1213 3924 1279 4007; x_wconf 91' lang='lat' dir='ltr'><strong>legi</strong></span> <span class='ocrx_word' id='word_1_748' title='bbox 1297 3924 1441 3988; x_wconf 88' lang='lat' dir='ltr'><strong>subiecta</strong></span> <span class='ocrx_word' id='word_1_749' title='bbox 1459 3933 1516 4002; x_wconf 90' lang='lat' dir='ltr'><strong>est,</strong></span> <span class='ocrx_word' id='word_1_750' title='bbox 1540 3936 1577 3988; x_wconf 91' lang='lat' dir='ltr'><strong>ut</strong></span> <span class='ocrx_word' id='word_1_751' title='bbox 1595 3948 1692 4007; x_wconf 90' lang='lat' dir='ltr'><strong>quam</strong></span> <span class='ocrx_word' id='word_1_752' title='bbox 1709 3928 1885 3990; x_wconf 90' lang='lat' dir='ltr'><strong>minimum</strong></span> <span class='ocrx_word' id='word_1_753' title='bbox 1903 3925 1963 3990; x_wconf 92' lang='lat' dir='ltr'><strong>sibi</strong></span> <span class='ocrx_word' id='word_1_754' title='bbox 1982 3925 2188 4011; x_wconf 89' lang='lat' dir='ltr'><strong>indulgeant;</strong></span> 
     </span>
     <span class='ocr_line' id='line_1_62' title="bbox 1213 4011 2189 4091; baseline 0.002 -17"><span class='ocrx_word' id='word_1_755' title='bbox 1213 4021 1341 4085; x_wconf 89' lang='lat' dir='ltr'><strong>contra,</strong></span> <span class='ocrx_word' id='word_1_756' title='bbox 1375 4019 1530 4091; x_wconf 89' lang='lat' dir='ltr'><strong>perpetua</strong></span> <span class='ocrx_word' id='word_1_757' title='bbox 1560 4012 1660 4073; x_wconf 87' lang='lat' dir='ltr'><strong>animi</strong></span> <span class='ocrx_word' id='word_1_758' title='bbox 1687 4013 1865 4076; x_wconf 89' lang='lat' dir='ltr'><strong>intentione</strong></span> <span class='ocrx_word' id='word_1_759' title='bbox 1892 4011 1953 4076; x_wconf 91' lang='lat' dir='ltr'><strong>sibi</strong></span> <span class='ocrx_word' id='word_1_760' title='bbox 1980 4013 2118 4090; x_wconf 87' lang='lat' dir='ltr'><strong>instent,</strong></span> <span class='ocrx_word' id='word_1_761' title='bbox 2147 4012 2189 4076; x_wconf 86' lang='lat' dir='ltr'><strong>ad</strong></span> 
     </span>
     <span class='ocr_line' id='line_1_63' title="bbox 1213 4094 2188 4181; baseline 0.002 -23"><span class='ocrx_word' id='word_1_762' title='bbox 1213 4094 1464 4160; x_wconf 87' lang='lat' dir='ltr'><strong>rescindendum</strong></span> <span class='ocrx_word' id='word_1_763' title='bbox 1499 4116 1630 4160; x_wconf 90' lang='lat' dir='ltr'><strong>omnem</strong></span> <span class='ocrx_word' id='word_1_764' title='bbox 1657 4119 1878 4179; x_wconf 85' lang='lat' dir='ltr'><strong>supervacuae</strong></span> <span class='ocrx_word' id='word_1_765' title='bbox 1906 4099 2017 4181; x_wconf 88' lang='lat' dir='ltr'><strong>copiae</strong></span> <span class='ocrx_word' id='word_1_766' title='bbox 2050 4119 2188 4180; x_wconf 89' lang='lat' dir='ltr'><strong>appara-</strong></span> 
     </span>
     <span class='ocr_line' id='line_1_64' title="bbox 1214 4179 2232 4263; baseline 0.003 -19"><span class='ocrx_word' id='word_1_767' title='bbox 1214 4189 1293 4258; x_wconf 90' lang='lat' dir='ltr'><strong>tum,</strong></span> <span class='ocrx_word' id='word_1_768' title='bbox 1315 4179 1437 4244; x_wconf 90' lang='lat' dir='ltr'><strong>nedum</strong></span> <span class='ocrx_word' id='word_1_769' title='bbox 1455 4180 1666 4245; x_wconf 89' lang='lat' dir='ltr'><strong>coercendam</strong></span> <span class='ocrx_word' id='word_1_770' title='bbox 1684 4184 1859 4259; x_wconf 71' lang='lat' dir='ltr'><strong>hiantium,</strong></span> <span class='ocrx_word' id='word_1_771' title='bbox 1882 4205 1920 4248; x_wconf 90' lang='lat' dir='ltr'><strong>ae</strong></span> <span class='ocrx_word' id='word_1_772' title='bbox 1938 4183 2112 4263; x_wconf 87' lang='lat' dir='ltr'><strong>diligenter</strong></span> <span class='ocrx_word' id='word_1_773' title='bbox 2134 4204 2188 4247; x_wconf 88' lang='lat' dir='ltr'><strong>ca·</strong></span> <span class='ocrx_word' id='word_1_774' title='bbox 2226 4226 2232 4233; x_wconf 95' lang='lat'>-</span> 
     </span>
     <span class='ocr_line' id='line_1_65' title="bbox 1213 4265 2142 4351; baseline 0 -20"><span class='ocrx_word' id='word_1_775' title='bbox 1213 4273 1313 4331; x_wconf 87' lang='lat' dir='ltr'><strong>veant</strong></span> <span class='ocrx_word' id='word_1_776' title='bbox 1333 4288 1374 4330; x_wconf 92' lang='lat' dir='ltr'><strong>ne</strong></span> <span class='ocrx_word' id='word_1_777' title='bbox 1397 4288 1439 4329; x_wconf 85' lang='lat' dir='ltr'><strong>ox</strong></span> <span class='ocrx_word' id='word_1_778' title='bbox 1461 4265 1656 4332; x_wconf 89' lang='lat' dir='ltr'><strong>adiumentis</strong></span> <span class='ocrx_word' id='word_1_779' title='bbox 1678 4269 1738 4333; x_wconf 88' lang='lat' dir='ltr'><strong>sibi</strong></span> <span class='ocrx_word' id='word_1_780' title='bbox 1761 4270 1882 4334; x_wconf 77' lang='lat' dir='ltr'><strong>iaciant</strong></span> <span class='ocrx_word' id='word_1_781' title='bbox 1902 4270 2142 4351; x_wconf 83' lang='lat' dir='ltr'><strong>impedimenta.</strong></span> 
     </span>
     <span class='ocr_line' id='line_1_66' title="bbox 1301 4351 2186 4437; baseline 0.003 -23"><span class='ocrx_word' id='word_1_782' title='bbox 1301 4357 1349 4414; x_wconf 82' lang='grc'><strong>36.</strong></span> <span class='ocrx_word' id='word_1_783' title='bbox 1395 4353 1510 4415; x_wconf 87' lang='lat' dir='ltr'><strong>Altera</strong></span> <span class='ocrx_word' id='word_1_784' title='bbox 1532 4351 1646 4434; x_wconf 87' lang='lat' dir='ltr'><strong>regula</strong></span> <span class='ocrx_word' id='word_1_785' title='bbox 1667 4356 1741 4419; x_wconf 89' lang='lat' dir='ltr'><strong>erit:</strong></span> <span class='ocrx_word' id='word_1_786' title='bbox 1765 4364 1803 4418; x_wconf 86' lang='lat' dir='ltr'><strong>ut</strong></span> <span class='ocrx_word' id='word_1_787' title='bbox 1823 4356 1940 4437; x_wconf 87' lang='lat' dir='ltr'><strong>quibus</strong></span> <span class='ocrx_word' id='word_1_788' title='bbox 1958 4376 2010 4418; x_wconf 89' lang='lat' dir='ltr'><strong>res</strong></span> <span class='ocrx_word' id='word_1_789' title='bbox 2029 4365 2186 4437; x_wconf 86' lang='lat' dir='ltr'><strong>angustae</strong></span> 
     </span>
     <span class='ocr_line' id='line_1_67' title="bbox 1213 4438 2186 4517; baseline -0.001 -14"><span class='ocrx_word' id='word_1_790' title='bbox 1213 4446 1290 4503; x_wconf 90' lang='lat' dir='ltr'><strong>sunt</strong></span> <span class='ocrx_word' id='word_1_791' title='bbox 1312 4460 1349 4501; x_wconf 89' lang='lat' dir='ltr'><strong>ac</strong></span> <span class='ocrx_word' id='word_1_792' title='bbox 1372 4446 1485 4501; x_wconf 88' lang='lat' dir='ltr'><strong>tenues</strong></span> <span class='ocrx_word' id='word_1_793' title='bbox 1508 4438 1669 4517; x_wconf 89' lang='lat' dir='ltr'><strong>patienter</strong></span> <span class='ocrx_word' id='word_1_794' title='bbox 1690 4462 1801 4505; x_wconf 89' lang='lat' dir='ltr'><strong>carere</strong></span> <span class='ocrx_word' id='word_1_795' title='bbox 1823 4441 1984 4517; x_wconf 86' lang='lat' dir='ltr'><strong>noverint,</strong></span> <span class='ocrx_word' id='word_1_796' title='bbox 2008 4462 2049 4503; x_wconf 93' lang='lat' dir='ltr'><strong>ne</strong></span> <span class='ocrx_word' id='word_1_797' title='bbox 2072 4440 2186 4502; x_wconf 92' lang='lat' dir='ltr'><strong>immo-</strong></span> 
     </span>
    </p>
   </div>
   <div class='ocr_carea' id='block_1_5' title="bbox 0 0 2390 6023">
    <p class='ocr_par' dir='ltr' id='par_1_5' title="bbox 0 0 2390 6023">
     <span class='ocr_line' id='line_1_68' title="bbox 0 0 2390 6023; baseline 0 0"><span class='ocrx_word' id='word_1_798' title='bbox 0 0 2390 6023; x_wconf 95' lang='lat' dir='ltr'><strong> </strong></span> 
     </span>
    </p>
   </div>
  </div>
 </body>
</html>
