4732 6030
184 342 265 405 1035
369 309 371 313 ’
760 319 1357 417 1666161161161.“666166.
1384 338 1614 401 666-166.
1788 384 1795 418 ,
1985 321 1989 335 ”
2109 340 2195 406 roae

1819 450 1932 520 1666
1950 451 2063 519 accc,
2084 449 2194 508 6466.

180 530 304 595 1661616
320 526 664 593 161616611611661611
686 527 846 591 convenit.
891 526 982 610 Ergo
1004 524 1087 589 nihil
1106 533 1157 588 tu·
1210 523 1295 605 quod
1325 523 1417 588 nullo
1446 524 1581 589 interitu
1613 527 1767 609 nulloque
1840 547 1859 591 6
1890 533 2060 609 perstaret.
2114 526 2195 593 Alia

181 615 248 680 1166
268 635 367 697 66616
389 620 441 691 61,
470 612 621 695 ablegata
642 612 732 698 omni
759 611 896 677 humani
917 633 1032 676 sensus
1057 609 1158 676 auda·
1209 608 1306 692 longe
1327 611 1411 673 ratio
1432 609 1526 675 nobis
1549 617 1607 689 661,
1630 613 1748 695 quibus
1769 611 1933 678 revelatus
1951 620 2001 678 661
2019 610 2192 679 Christus:

181 701 239 778 eia,
262 701 297 762 in
319 720 356 766 eo
378 698 446 764 solo
467 697 553 781 quod
574 697 735 781 scriptura
754 695 854 762 tradit
876 697 1077 762 haereamus.
1111 697 1158 760 Ilt
1209 694 1245 758 in
1267 717 1331 778 quo
1353 694 1501 761 thesauri
1528 718 1641 763 omnes
1670 699 1824 782 scientiae
1853 705 1888 762 et
1908 699 2089 780 sapientiae
2111 706 2193 764 sunt

180 792 268 852 66116
295 785 324 850 61
352 784 533 867 cogitamus
555 783 707 860 Domini,
736 805 803 847 non
831 783 1001 848 hominum
1023 803 1159 849 coenam
1210 779 1405 858 absconditi,
1435 789 1527 847 tanta
1556 784 1724 849 affluentia
1752 791 1785 849 et
1812 782 1976 862 ubertate,
2005 793 2044 849 61
2067 806 2192 850 novam

179 893 264 948 esse,
287 891 354 934 non
375 877 425 935 est
447 892 505 935 cur
527 868 595 933 ulla
617 868 787 933 hominum
809 870 1000 943 autoritate,
1025 868 1077 934 vel
1099 889 1157 932 an·
1210 867 1354 949 aliquam
1380 868 1596 933 accessionem
1621 869 1744 934 611166
1766 870 1937 935 thesauros
1959 891 2105 952 sperare,
2134 870 2191 936 vel

179 977 297 1022 nerum
323 956 578 1038 praescriptione
607 957 771 1037 patiamur
793 976 851 1020 nos
874 956 914 1020 ab
936 955 1008 1033 illa,
1035 953 1088 1018 vel
1109 954 1157 1018 la
1208 953 1383 1035 postulare,
1402 975 1479 1019 vere
1497 954 1606 1019 Deum
1623 961 1751 1020 tentare
1764 954 1788 1039 ¹)
1811 956 1863 1034 sit,
1886 964 1919 1019 et
1936 954 2112 1021 adversum
2128 978 2191 1023 nos

124 1035 128 1062 ¹
180 1049 252 1108 tum
272 1063 427 1125 unguem,
451 1040 617 1106 dimoveri.
657 1040 774 1123 Itaque
792 1041 965 1123 apostolus,
989 1039 1068 1104 dum
1086 1039 1158 1104 vult
1208 1059 1392 1120 provocare.
1422 1039 1536 1104 Unum
1559 1039 1721 1106 duntaxat
1738 1040 1910 1107 Christum
1931 1043 2064 1119 esurire,
2088 1064 2190 1125 quae-

179 1149 252 1194 6616
272 1127 362 1193 vitiis
383 1127 534 1192 omnibus
555 1148 747 1209 repurgare,
777 1148 859 1210 quae
889 1127 955 1190 iam
981 1127 1017 1190 in
1039 1125 1156 1191 (161111-
1209 1145 1295 1203 1616,
1320 1131 1478 1207 66661616,
1502 1124 1640 1205 discere,
1664 1126 1815 1206 ediscere,
1839 1149 1898 1192 nos
1920 1135 2059 1210 oportet:
2085 1127 2190 1195 donee

179 1214 324 1278 thiorum
351 1212 520 1278 ecclesiam
547 1213 759 1294 irrepserant,
788 1234 871 1295 6666
900 1210 942 1277 61
969 1209 1002 1275 11
1024 1211 1156 1294 expedi·
1208 1232 1349 1293 magnus
1377 1210 1432 1276 ille
1462 1209 1529 1274 dies
1552 1211 1712 1291 illuxerit,
1748 1234 1811 1296 quo
1839 1213 1978 1296 gloriam
2009 1215 2104 1297 regni
2136 1215 2190 1279 sui

58 1319 60 1322 ⁴
179 1300 305 1364 tissima
327 1299 381 1363 via
402 1307 485 1376 6161,
515 1297 556 1362 61
578 1299 709 1364 unicam
730 1298 822 1362 illam
843 1297 1083 1363 institutionem
1105 1319 1157 1362 re·
1208 1296 1371 1361 Dominus
1399 1295 1440 1360 ad
1467 1296 1600 1378 plenum
1622 1298 1857 1377 manifestabit,
1886 1306 1920 1364 61
1947 1320 1982 1364 se
2009 1299 2118 1382 qualis
2138 1308 2191 1365 661

179 1392 275 1451 vocat
296 1383 329 1469 (l
351 1382 424 1448 Cor.
447 1388 495 1461 ll,
515 1383 586 1466 20),
618 1383 704 1448 6616
731 1390 923 1467 6616616661
945 1404 1016 1449 6666
1043 1391 1156 1465 peten·
1208 1381 1301 1446 nobis
1320 1381 1533 1464 spectandum
1549 1383 1699 1449 ostendet
1717 1383 1747 1469 (l
1763 1384 1854 1449 Ioau
1872 1389 1900 1462 3,
1913 1383 1957 1468 2).
1996 1385 2107 1468 Atque
2124 1385 2190 1452 hac

180 1470 257 1536 dam
278 1470 426 1553 regulam
449 1468 600 1534 ostendit
1208 1469 1333 1532 ratione
1355 1475 1505 1533 nostrum
1526 1469 1587 1534 hoc
1604 1470 1771 1544 saeculmu
1794 1471 1829 1534 iu
1847 1471 2025 1551 scripturis,
2046 1492 2107 1554 per
2127 1492 2190 1537 no-

267 1559 316 1620 68.
361 1555 495 1620 Habent
526 1552 662 1621 lectores
695 1556 731 1619 in
763 1553 991 1636 compendium
1023 1554 1157 1621 collecta
1207 1553 1377 1619 vissimam
1394 1553 1519 1633 horam,
1538 1556 1732 1621 novissimos
1744 1555 1821 1634 dies,
1840 1557 2017 1621 novissima
2029 1565 2189 1640 tempora,

179 1664 219 1707 ea
240 1642 307 1707 1616
329 1642 447 1718 661616,
470 1663 552 1724 quae
576 1642 651 1706 sciri
673 1639 713 1705 de
736 1640 860 1706 duobus
880 1642 950 1705 istis
972 1661 1156 1706 sacramen·
1209 1638 1399 1722 designatur
1417 1639 1448 1722 (1
1464 1640 1596 1718 16662,
1613 1645 1660 1705 18.
1686 1642 1803 1707 lPetr.
1821 1647 1847 1721 1,
1861 1639 1926 1726 20),
1949 1644 2082 1724 nequis
2100 1665 2191 1710 vana

180 1729 222 1792 tis
243 1728 364 1792 referre
385 1725 556 1805 duximus,
579 1747 716 1809 quorum
738 1749 816 1791 usus
838 1748 857 1790 a
880 1725 1057 1808 primordio
1080 1728 1156 1793 novi
1208 1747 1312 1790 novae
1325 1725 1462 1790 alicuius
1475 1725 1642 1792 doctrinae
1655 1734 1711 1791 aut
1722 1727 1931 1793 revelationis
1945 1730 2189 1811 exspectatione

179 1813 366 1878 testamenti
388 1812 429 1876 ad
457 1814 771 1877 consummationem
791 1832 892 1894 66666
922 1812 1043 1878 saeculi
1069 1813 1155 1877 chri-
1207 1831 1278 1876 sese
1309 1809 1410 1876 fallat.
1461 1809 1705 1893 Saepenumero
1737 1813 1839 1893 enim,
1870 1812 2048 1896 multisque
2080 1814 2188 1881 modis

179 1900 305 1965 6116666
328 1899 482 1964 ecclesiae
503 1905 554 1962 est
575 1897 722 1962 traditus.
768 1898 814 1964 Ut
835 1897 957 1963 scilicet
974 1898 1155 1980 baptismus
1208 1905 1306 1960 66166
1326 1896 1478 1978 loquutus
1500 1919 1559 1979 per
1579 1899 1770 1981 prophetas,
1793 1899 1918 1964 ultimis
1939 1900 1975 1963 in
1996 1900 2048 1966 1116
2072 1899 2188 1967 diebus

178 1983 310 2067 quidam
337 1985 432 2066 66661
460 1984 627 2067 ingressus
647 1985 681 2048 in
707 1985 813 2067 ipsam
835 1993 921 2048 esset
941 1991 975 2048 et
995 1983 1072 2048 fidei
1094 1985 1155 2048 ini·
1206 1981 1359 2064 loquutus
1393 1991 1443 2047 661
1470 1983 1633 2049 Dominus
1660 1985 1696 2048 in
1729 1984 1847 2050 1116616
1880 1986 1947 2049 filio
1979 2008 2037 2050 suo
2065 1986 2187 2070 (Hebr.

178 2071 284 2149 tiatio;
313 2091 415 2135 coena
441 2091 520 2134 vero
550 2068 716 2134 assiduum
737 2069 828 2134 velut
849 2069 1056 2147 alimentum,
1091 2092 1155 2153 quo
1212 2073 1237 2146 l,
1257 2065 1301 2152 2),
1325 2069 1380 2151 qui
1402 2068 1488 2132 solus
1510 2076 1638 2150 patrem
1659 2071 1868 2136 manifestare
1886 2078 1993 2156 potest
2015 2070 2113 2156 (Luc.
2136 2077 2187 2150 10,

179 2155 334 2222 Christus
354 2153 502 2219 fidelium
520 2176 652 2219 suorum
669 2156 826 2220 familiam
850 2155 1064 2236 spiritualiter
1081 2178 1155 2238 pas-
1208 2153 1280 2238 22);
1302 2159 1330 2218 61
1349 2175 1456 2219 reuera
1477 2155 1661 2237 adplenum
1674 2157 1893 2238 manifestavit,
1913 2162 2064 2238 quantum
2080 2164 2189 2223 matra

179 2243 232 2307 611.
278 2239 405 2321 Quare,
431 2248 555 2304 utnon
581 2241 644 2306 uisi
665 2264 749 2306 unus
771 2249 820 2306 661
840 2241 947 2319 Deus,
976 2262 1042 2305 una
1064 2241 1154 2320 11166,
1206 2240 1342 2318 intereat,
1379 2240 1454 2305 dam
1493 2262 1574 2306 6666
1599 2263 1660 2323 per
1689 2242 1846 2323 6666616611
1878 2263 1949 2307 eam
1981 2245 2190 2325 6666161666

179 2349 265 2392 unus
287 2324 448 2404 Christus,
471 2347 537 2391 una
558 2326 693 2392 66616616
711 2329 781 2392 6166
798 2347 914 2408 corpus
933 2327 1033 2410 (Eph.
1054 2334 1082 2406 4,
1103 2327 1153 2411 5);
1208 2324 1240 2409 (l
1263 2324 1336 2390 Cor.
1361 2330 1409 2403 13,
1431 2325 1493 2409 12).

179 2414 226 2477 116
247 2412 428 2494 baptismus
449 2433 516 2475 non
538 2413 706 2477 61616666
728 2421 786 2491 est,
808 2434 869 2478 666
889 2434 985 2494 saepe
1007 2414 1153 2478 iteratur.
1295 2415 1343 2475 70.
1387 2411 1461 2475 1616
1483 2433 1576 2491 vero,
1607 2420 1642 2475 ut
1668 2413 1730 2478 hoc
1756 2414 2115 2480 1616161166611616111
2137 2425 2188 2481 est

180 2499 292 2564 Coena
314 2505 423 2561 autem
449 2496 585 2562 subinde
607 2499 825 2578 distribuitur,
849 2506 886 2562 ut
912 2498 1099 2581 intelligant
1120 2521 1155 2563 se
1207 2520 1248 2563 ne
1270 2519 1363 2570 nova,
1377 2507 1582 2562 sacramenta
1604 2500 1639 2561 16
1661 2499 1796 2565 ecclesia
1812 2500 1877 2564 Dei
1894 2500 2032 2565 condere
2049 2502 2187 2583 possint,

180 2583 313 2650 Christo
336 2581 464 2649 assidue
486 2586 584 2665 66661,
608 2586 663 2667 661
685 2584 786 2649 661661
807 2586 842 2648 16
860 2584 1030 2650 6661661616
1048 2585 1154 2649 allecti
1206 2584 1253 2648 ita
1274 2582 1453 2665 optandum
1474 2591 1567 2662 esset,
1590 2585 1631 2648 iis
1653 2585 1732 2666 ipsis
1753 2607 1836 2668 quae
1859 2607 1879 2650 6
1897 2586 1969 2650 Ι)66
1987 2595 2065 2651 6661
2086 2608 2187 2669 66616

179 2677 265 2735 6661
316 2670 454 2733 Praeter
483 2670 563 2735 haec
591 2670 670 2747 duo,
701 2678 738 2734 ut
765 2670 893 2734 nullum
922 2670 1011 2734 aliud
1037 2693 1056 2734 a
1083 2671 1155 2735 Deo
1206 2670 1381 2733 minimum
1404 2669 1570 2735 humanae
1591 2671 1791 2736 inventionis
1818 2671 1998 2736 admisceri.
2044 2673 2185 2738 Perinde

178 2756 368 2821 institutum
391 2764 454 2834 est,
480 2756 527 2819 116
548 2775 609 2820 666
631 2756 736 2820 611661
758 2777 932 2838 agnoscere
955 2755 1051 2821 debet
1075 2755 1154 2821 fide·
1207 2756 1295 2820 enim
1327 2763 1423 2837 atque
1462 2755 1570 2820 infusa
1602 2777 1687 2837 aqua
1720 2758 1835 2821 vinum
1866 2757 1951 2840 fugit
1983 2765 2017 2822 et
2050 2758 2184 2822 diluitur

56 2879 58 2884 ·
178 2841 260 2906 lium
282 2840 425 2907 ecclesia.
465 2841 552 2906 Rem
573 2843 662 2906 enim
682 2863 748 2906 non
770 2864 840 2907 6666
860 2842 999 2906 humani
1019 2842 1154 2922 arbitrii,
1207 2863 1400 2923 asperscque
1422 2843 1582 2906 fermento
1604 2848 1673 2905 tota
1695 2843 1819 2907 1611666
1840 2864 1949 2908 616666
1974 2844 2108 2921 acescit,
2135 2844 2182 2909 sie

180 2929 305 3011 erigere
327 2948 366 2992 66
389 2933 531 2992 61616616
553 2950 640 2993 nova
667 2935 886 3007 sacramenta,
915 2928 1010 2993 facile
1034 2927 1154 2993 intelli·
1207 2928 1438 3012 mysteriorum
1465 2928 1530 2992 Dei
1562 2927 1732 2993 sinceritas
1764 2928 1848 2993 nihil
1880 2928 1968 2993 aliud
2001 2952 2101 3013 quam
2133 2931 2184 2994 in·

180 3021 236 3098 get
257 3014 312 3096 qui
334 3013 536 3091 meminerit,
560 3014 646 3096 quod
668 3035 766 3096 supra
788 3015 867 3080 satis
893 3013 991 3096 plane
1012 3015 1154 3097 explica-
1207 3014 1375 3095 quinatur,
1410 3014 1465 3078 ubi
1490 3013 1587 3078 homo
1615 3013 1792 3096 quidquam
1820 3013 1860 3078 de
1888 3036 1947 3079 auo
1976 3015 2094 3081 adiicit
2140 3016 2188 3080 Et

179 3106 250 3163 tum
271 3099 347 3162 fuit:
377 3106 581 3164 sacramenta
603 3101 638 3163 in
660 3100 722 3165 hoe
745 3123 764 3164 6
785 3101 857 3165 Ι)66
879 3101 985 3183 666116
1002 3122 1087 3179 6666,
1118 3108 1155 3165 61
1206 3107 1317 3164 166166
1347 3097 1495 3164 videmus
1527 3106 1685 3182 quantum
1718 3122 1737 3164 6
1768 3122 1925 3184 germana
1952 3122 2011 3166 sua
2043 3101 2187 3183 puritate

180 3183 220 3249 16
243 3183 352 3266 ahqua
373 3185 443 3249 6166
471 3186 684 3267 promissione
706 3208 765 3252 uos
787 3185 959 3263 edoceant,
981 3193 1014 3251 et
1034 3185 1155 3251 bonam
1208 3184 1439 3269 degenerarint
1460 3194 1677 3264 sacramenta,
1707 3193 1745 3249 61
1766 3185 1863 3251 hodie
1884 3186 2017 3269 quidem
2039 3195 2187 3254 tractan-

179 3291 258 3353 6166
286 3291 345 3334 666
372 3270 574 3335 voluntatem
602 3270 694 3336 nobis
721 3273 964 3351 testificentur;.
977 3274 1033 3354 qui
1060 3294 1154 3355 prae·
1207 3281 1271 3336 tur.
1315 3271 1397 3336 Plus
1423 3271 1503 3335 66116
1525 3271 1643 3354 ubique
1664 3292 1872 3353 pomparum,
1895 3273 2186 3352 caeremoniarum
2286 3280 2290 3288 '

178 3356 269 3420 terea
295 3357 430 3439 cogitet,
460 3356 589 3421 nullum
609 3358 709 3422 fuisse
729 3359 801 3423 Deo
828 3358 1049 3424 consiliarium
1072 3358 1153 3509 3166.
1207 3357 1505 3441 gesticulationum:
1533 3364 1568 3422 at
1594 3358 1686 3423 verbi
1712 3358 1778 3424 Dei
1804 3358 1937 3423 interim
1963 3359 2056 3423 nulla
2078 3380 2188 3441 116666

179 3445 300 3521 40,13.
329 3441 424 3507 Rom.
447 3447 495 3521 11,
515 3442 586 3527 34),
616 3444 672 3526 661
701 3444 793 3509 nobis
816 3451 942 3509 certum
971 3444 1070 3527 aliqui
1115 3445 1154 3510 de
1206 3443 1290 3508 ratio
1311 3464 1415 3525 neque
1433 3444 1571 3522 mentio,
1590 3443 1660 3508 6166
1682 3465 1745 3526 666
1769 3450 1975 3509 sacramenta
1996 3445 2095 3510 611661
2114 3446 2188 3528 ipsa

179 3531 248 3593 eius
266 3527 434 3594 voluntate
452 3527 611 3611 spondere
628 3531 739 3612 possit,
764 3539 821 3595 aut
838 3531 991 3595 certiores
1008 3552 1154 3596 securos·
1209 3534 1412 3595 sacramenta
1428 3549 1496 3592 non
1514 3535 1599 3594 sunt
1636 3529 1727 3610 Quin
1739 3551 1799 3594 666
1816 3533 2039 3596 caeremoniae
2057 3531 2149 3613 ipsae
2166 3553 2187 3596 a

178 3633 241 3695 666
263 3612 399 3678 reddere
421 3635 485 3696 quo
508 3616 551 3679 sit
570 3616 605 3680 in
628 3636 687 3680 nos
710 3615 838 3694 affectu,
862 3615 940 3698 quid
961 3615 1053 3695 dare,
1077 3617 1154 3699 quid
1206 3615 1278 3680 Deo
1295 3616 1462 3680 institutae
1480 3616 1515 3679 in
1532 3621 1624 3680 tanta
1640 3616 1738 3680 turba
1755 3623 1854 3697 caput
1869 3638 2020 3682 exserere
2037 3624 2186 3698 possunt,

178 3720 298 3782 negare
319 3698 408 3764 velit.
454 3699 562 3765 Simul
585 3724 725 3784 namque
747 3703 968 3780 constitutur,
989 3703 1155 3768 neminem
1207 3700 1264 3765 sed
1286 3709 1442 3783 tanquam
1463 3722 1634 3783 oppressae
1655 3701 1772 3767 iacent
1812 3700 1982 3782 Quantum
2003 3703 2039 3765 in
2061 3702 2187 3784 baptis-

179 3785 312 3866 signum
344 3806 524 3869 proponere
556 3808 665 3870 66666,
694 3787 781 3870 6661
808 3789 876 3853 6166
911 3788 1088 3854 voluntatis
1122 3796 1155 3854 et
1207 3807 1260 3851 mo
1294 3787 1466 3868 aspicitur,
1502 3786 1587 3869 quod
1621 3809 1724 3852 unum
1751 3787 1817 3852 illio
1847 3789 1954 3852 lucere
1982 3795 2016 3852 et
2043 3789 2187 3870 spectari

178 3870 404 3952 promissionis
424 3872 560 3937 61166166
581 3875 804 3939 testimonium
825 3875 970 3938 futurum
989 3875 1045 3954 sit;
1066 3875 1155 3939 solus
1207 3872 1375 3938 debuerat:
1404 3893 1536 3954 nempe,
1564 3871 1744 3955 baptismus
1775 3873 1867 3956 ipse?
1912 3872 2023 3939 Ooena
2050 3894 2187 3955 prorsus

177 3956 248 4037 1666
270 3962 329 4033 661,
353 3958 408 4038 661
428 3959 522 4041 signo
544 3957 619 4024 dato
641 3959 681 4025 de
704 3982 738 4025 se
761 3959 848 4042 apud
870 3981 929 4024 nos
950 3962 1064 4024 testari
1082 3967 1154 4043 pet-
1207 3958 1334 4040 sepulta
1359 3966 1420 4036 est,
1449 3979 1550 4040 quum
1576 3959 1755 4024 1616111611
1776 3960 1810 4023 in
1832 3961 1980 4038 missam,
2011 3959 2187 4042 61616661

178 4048 236 4107 est
281 4039 400 4108 Dicam
427 4044 572 4124 brevius,
602 4045 893 4125 6116116161166,
921 4045 979 4111 sed
1001 4048 1153 4129 apertius.
1207 4043 1308 4108 semel
1335 4043 1522 4125 quotannis,
1555 4043 1612 4109 sed
1645 4052 1818 4127 concerpta
1844 4053 1877 4110 et
1903 4044 2071 4110 dimidiata
2097 4044 2187 4110 1666·

178 4125 445 4209 Sacramentum,
478 4130 548 4195 6166
582 4131 696 4197 salutis
729 4133 942 4214 promissione
969 4154 1039 4197 esse
1067 4154 1153 4197 nun-
1206 4150 1307 4212 raque
1323 4130 1437 4208 forma,
1460 4131 1585 4195 visitur.
1619 4130 1666 4194 At
1686 4140 1808 4213 quanto
1830 4132 1932 4196 satius
1955 4140 2034 4209 erat,
2057 4132 2187 4213 quoties

178 4234 277 4296 66661
294 4221 410 4296 661661.
439 4213 563 4282 (hnnes
582 4218 739 4296 homines,
759 4219 908 4282 inunum
926 4218 1024 4283 simul
1041 4218 1152 4296 coacti,
1205 4215 1419 4296 baptizandus
1440 4215 1556 4298 aliquis
1578 4224 1679 4295 esset,
1702 4218 1736 4280 in
1758 4223 1886 4282 coetum
1907 4216 2054 4282 fidelium
2073 4216 2188 4298 ipsum

177 4298 261 4363 nihil
289 4322 366 4365 ase
392 4302 484 4367 nobis
511 4303 655 4384 polhceri
678 4303 718 4368 de
740 4304 846 4370 salute
875 4312 987 4369 nostra
1050 4313 1151 4369 ssunt
1206 4303 1460 4384 repraesentari,
1490 4309 1617 4365 611616
1642 4303 2187 4384 666166161616116616666616616

176 4384 267 4469 Ilrgo
290 4408 350 4452 nec
374 4409 394 4451 a
415 4409 449 4452 66
472 4386 567 4453 61616
588 4396 645 4454 661
666 4391 791 4473 erigere
813 4397 999 4456 sacrament
1057 4439 1064 4454 .
1205 4394 1239 4451 et
1259 4394 1373 4452 orante
1393 4408 1491 4469 super
1513 4408 1596 4466 66111,
1621 4389 1692 4453 Ι)66
1710 4388 1834 4468 offerri3
1857 4390 1988 4455 recitari
2008 4386 2086 4452 fidei
2107 4409 2188 4453 con·

265 4474 314 4536 69.
360 4473 423 4539 Η16
451 4495 528 4558 ergo
556 4475 681 4540 duobus
715 4482 867 4541 contenta
898 4478 942 4542 sit
974 4475 1154 4540 christiana
1204 4473 1386 4551 fossionem,
1409 4494 1473 4556 qua
1495 4473 1539 4537 sit
1559 4473 1778 4539 instituendus
1796 4475 2049 4540 catechumenus
2056 4497 2064 4551 ;
2087 4495 2188 4538 euar-

178 4557 327 4637 ecelesia;
358 4581 418 4624 666
445 4560 542 4625 61616
569 4560 698 4625 nullum
725 4561 813 4625 aliud
842 4563 976 4626 16111616
995 4559 1037 4625 61
1059 4581 1152 4642 6166-
1205 4560 1272 4624 1611
1298 4581 1381 4642 quae
1406 4560 1441 4623 in
1468 4559 1627 4642 baptismo
1656 4560 1819 4625 habentur
1844 4562 2090 4642 promissiones;
2130 4581 2188 4626 oa-

177 4664 254 4709 6666
276 4643 435 4725 admittat,
459 4654 516 4710 aut
539 4655 702 4730 agnoscat,
724 4645 781 4711 sed
801 4668 844 4711 ne
863 4647 995 4729 appetat
1011 4645 1151 4729 quidem,
1204 4645 1437 4710 wchumenum
1468 4645 1625 4727 baptizari
1657 4647 1692 4709 in
1719 4667 1839 4710 nomen
1870 4649 1973 4728 661116
2002 4652 2035 4711 61
2061 4645 2124 4709 filii
2151 4652 2189 4710 et

178 4736 235 4794 aut
268 4740 447 4812 exspectet,
482 4732 524 4796 ad
550 4733 864 4798 consmnmationem
891 4753 993 4814 usque
1022 4731 1151 4797 saeculi.
1204 4732 1338 4814 spiritus
1378 4732 1496 4809 sancti3
1533 4733 1656 4796 remitti
1691 4732 1823 4796 demum
1856 4754 1931 4797 oum
1963 4732 2115 4815 precibus
2152 4741 2190 4796 et

177 4814 264 4880 Nam
292 4814 378 4897 quod
400 4818 529 4883 diversa
557 4819 679 4901 aliquot
699 4817 844 4895 Iudaeis,
874 4839 934 4901 pro
955 4817 1048 4883 varia
1070 4827 1152 4882 tem·
1204 4818 1386 4900 gratiarum
1410 4817 1545 4881 actione.
1598 4816 1654 4884 Sic
1687 4817 1770 4882 nihil
1797 4819 2001 4884 omitteretur
2027 4816 2116 4900 quod
2143 4816 2191 4882 ad

177 4920 294 4981 perum
315 4902 540 4981 inclinatione,
569 4912 700 4986 praeter
725 4925 784 4969 sua
810 4903 868 4968 illa
889 4903 1054 4977 ordinaria
1075 4903 1153 4970 data
1204 4925 1274 4973 rem
1300 4903 1435 4980 faceret,
1463 4911 1496 4966 et
1525 4925 1591 4967 uua
1618 4904 1676 4968 illa
1702 4904 1920 4981 caeremonia,
1949 4925 2031 4988 quae
2061 4925 2080 4967 a
2111 4903 2189 4968 Deo

178 4993 256 5050 sunt
287 4986 340 5070 (61
370 5011 462 5072 man,
503 5011 586 5072 aqua
618 5013 636 5054 6
674 4999 767 5074 66116
803 4991 983 5072 profluens,
1018 5012 1152 5074 serpens
1204 4995 1315 5053 autore
1337 4989 1480 5071 profecta
1502 4996 1566 5067 est,
1596 4990 1696 5054 nullis
1722 4991 1857 5056 exoticis
1886 4990 2034 5055 sordibus
2054 4989 2189 5069 obruta,

178 5091 307 5151 aeneus,
332 5082 364 5136 61
381 5075 514 5159 61161116)
539 5075 598 5141 hac
621 5077 801 5141 variatione
819 5075 1086 5155 admonebantur,
1110 5097 1151 5140 ne

176 5156 297 5221 talibus
319 5159 433 5242 figuris
454 5162 650 5240 16616161661,
672 5184 811 5245 quarum
833 5168 937 5227 status
959 5183 1077 5243 parum
1095 5162 1150 5225 fir-

177 5262 251 5305 mus
278 5253 375 5322 66661
402 5247 459 5311 661
486 5247 604 5312 6161166
632 5246 754 5330 ahquid
778 5270 797 5313 a
819 5247 891 5315 Deo
914 5256 1149 5329 exspectarent,
1272 5262 1414 5330 616616
1434 5261 1642 5326 1616161616
1661 5261 1816 5333 marcq.
