4770 6030
221 316 298 386 1551
791 304 1182 372 5551555555.
1206 303 1386 371 551551.
1412 258 1650 369 1551--1551,ἱ
2137 309 2222 372 rosa

2112 419 2224 475 A369.

236 521 311 564 uem
339 520 359 562 a
386 505 479 579 patre
507 496 636 559 mittam
664 495 760 560 ducet
781 513 840 559 vos
861 495 897 557 in
918 515 1050 558 omnem
1071 495 1191 557 verita-
1244 493 1328 558 saias
1351 493 1417 576 (56,
1440 493 1493 576 10)
1515 495 1575 558 ait:
1606 494 1825 576 speculatores
1849 495 1919 560 eius
1941 497 2028 561 caeci
2049 405 2128 562 sudt
2149 518 2222 560 om·

214 522 289 651 dem.
319 582 385 649 Sed
407 579 586 663 quomodo?
610 582 686 662 quia
713 586 868 663 suggeret
888 581 998 644 omnia
1019 601 1101 660 quae
1124 578 1192 642 dixi
1243 601 1302 643 nes
1324 601 1384 644 nec
1406 579 1583 662 quidquam
1601 587 1776 659 noverunt3
1799 602 1912 646 omnes
1934 603 2031 646 canes
2052 582 2136 646 muti
2159 603 2221 647 nec

215 672 314 736 vobis.
350 668 443 733 Nihil
466 688 543 751 ergo
565 666 640 748 plus
663 666 702 730 de
725 688 783 730 suc
805 666 922 747 spiritu
940 665 1116 730 denunciat
1134 657 1191 728 eri-
1243 665 1356 729 valent
1382 665 1516 744 latrare;
1546 667 1689 731 iacentes
1718 665 1942 731 dormiunt‘et
1964 674 2077 733 amant
2096 666 2221 732 dormi-

215 754 428 839 spectandum
454 774 552 834 quam
579 760 616 815 ut
642 758 769 815 mentes
802 757 930 816 nostras
949 750 1121 815 'illuminet
1150 749 1191 814 ad
1242 751 1416 830 tationcm;
1443 761 1476 814 et
1503 757 1648 834 pastores
1675 752 1739 837 ipsi
1761 753 1843 816 nihil
1873 754 1980 817 sciunt
2007 774 2068 818 nec
2096 754 2221 818 intelli·

214 839 456 926 percipicndam
495 838 662 903 doctrinae
701 858 778 901 suae
811 837 990 900 veritatem.
1047 836 1190 901 Proinde
1242 846 1328 918 gunt
1350 845 1383 900 et
1404 837 1439 900 in
1461 839 1652 901 universum
1674 838 1854 919 respiciunt
1880 837 1922 903 ad
1944 839 2013 904 vias
2035 859 2120 904 suas.
2166 839 2221 903 Ie·

214 928 384 993 scitissime
407 925 677 1008 chrysostomus,
692 922 716 1007 ¹)
749 923 859 999 multi,
887 923 1008 1003 inquit,
1039 922 1190 1004 spiritum
1243 924 1362 986 remias
1392 922 1660 1006 551515(6,13);
1689 925 1890 1006 aprcpheta
1916 946 2019 1006 usque
2046 925 2087 988 ad
2110 946 2220 991 sacer-

213 1014 351 1090 iaetant;
374 1010 431 1075 sed
454 1008 1190 1093 55151551151555551511111551115155155-
1243 1006 1352 1071 dotem
1375 1007 1511 1089 quilibet
1534 1021 1688 1093 operetur
1704 1009 1921 1075 mendacium.
1954 1010 2218 1093 Ι1515(14,14);

214 1099 368 1164 tondunt:
397 1106 434 1159 51
456 1095 609 1160 Christus
637 1117 656 1158 a
684 1117 718 1158 se
739 1095 809 1175 ipso
837 1116 902 1158 non
925 1094 1013 1174 loqui
1035 1115 1069 1157 se
1091 1102 1190 1157 testa
1242 1094 1420 1175 prophetae
1447 1094 1654 1160 mendacium
1682 1094 1881 1177 prophetant
1914 1096 2106 1160 innomine
2133 1104 2217 1177 5155,

214 1186 320 1259 batur,
344 1184 421 1264 5515
442 1204 483 1245 ex
503 1182 574 1264 lege
592 1188 625 1244 51
642 1180 818 1263 prophetis,
843 1182 897 1256 ita,
921 1181 949 1243 si
966 1179 1044 1261 quid
1061 1186 1191 1261 praeter
1242 1201 1342 1260 quum
1370 1201 1429 1262 ego
1456 1202 1523 1243 non
1546 1181 1691 1245 miserim
1714 1203 1769 1245 eos
1791 1203 1896 1263 neque
1917 1182 2138 1265 praeceperim
2160 1185 2217 1248 eis.

214 1270 420 1352 evangelium
450 1269 510 1333 sub
537 1267 633 1331 titulo
661 1268 794 1348 spiritus
821 1264 1028 1340 obtrudatur,
1055 1286 1097 1329 ne
1120 1288 1189 1329 cre-
1215 1260 1217 1318 l
1243 1266 1292 1330 Ac
1306 1287 1348 1329 ne
1364 1265 1484 1347 prolixi
1495 1267 1634 1329 nimium
1652 1268 1686 1329 in
1706 1264 1878 1331 recitandis
1901 1269 1971 1332 eius
1988 1269 2096 1333 verbis
2115 1270 2218 1335 simus

215 1355 344 1432 damus,
368 1354 458 1437 quia,
480 1361 518 1416 51
540 1351 693 1417 Christus
715 1353 797 1434 legis
819 1361 852 1414 51
873 1351 1107 1433 prophetarum
1129 1353 1189 1414 im·
1215 1336 1217 1371 ¹
1242 1350 1393 1434 legantur
1421 1373 1502 1433 quac
1525 1359 1594 1416 toto
1614 1353 1718 1433 eapite
1739 1353 1893 1416 vicesimo
1914 1353 2010 1416 tertio
2032 1354 2164 1436 scripsit
2185 1362 2219 1420 et

214 1441 313 1524 plotio
334 1453 391 1516 551,
415 1441 460 1503 115
482 1439 615 1521 spiritus
637 1437 807 1520 evangelii.
1127 1519 1129 1526 Ι
1241 1436 1498 1520 quadragesimo.
1532 1437 1604 1501 Iam
1627 1445 1660 1502 51
1683 1437 1836 1503 Ezechiel
1856 1438 1921 1522 (22,
1942 1443 1981 1501 25
2001 1440 2116 1522 5555.)
2140 1461 2218 1505 con-

192 1529 203 1549 ‘
302 1529 331 1609 2)
342 1526 458 1608 115555
485 1524 569 1588 nihil
595 1525 716 1587 5111515
749 1523 777 1587 51
806 1522 965 1605 singulari
993 1521 1057 1585 5115
1086 1523 1189 1605 elogio
1241 1523 1360 1585 iuratio
1390 1522 1627 1604 prophetarum
1655 1525 1726 1588 eius
1754 1525 1790 1587 in
1817 1522 1924 1587 medio
1957 1525 2026 1590 eius
2053 1526 2138 1590 sicut
2167 1526 2219 1591 leo

215 1613 369 1679 ecclesiae
412 1632 490 1675 suae
535 1612 742 1674 autoritatem
782 1610 874 1674 nobis
914 1607 1191 1672 commendaverit
1241 1609 1375 1690 rugiens
1402 1609 1511 1690 etqui
1533 1609 1619 1692 rapit
1640 1608 1807 1691 praedam;
1836 1609 1980 1674 animam
2007 1610 2220 1676 comederunt

215 1698 381 1776 Christus,
411 1706 447 1760 51
473 1696 587 1761 haberi
613 1696 753 1760 voluerit
780 1716 839 1776 pro
866 1693 996 1758 ethnico
1024 1701 1057 1757 et
1083 1694 1189 1775 publi·
1242 1701 1276 1757 et
1308 1693 1393 1775 quod
1420 1696 1599 1777 pretiosum
1627 1704 1678 1759 est
1703 1703 1897 1778 rapuerunt,
1928 1704 1961 1759 ct
1987 1695 2105 1762 viduas
2131 1698 2218 1761 mul-

215 1805 295 1850 cano
327 1785 384 1866 551
415 1781 530 1846 audire
563 1783 668 1864 ipsam
697 1781 840 1844 noluerit
855 1779 1003 1862 (1151111,
1038 1785 1092 1856 la,
1125 1779 1188 1863 17),
1242 1778 1470 1861 tiplicaverunt
1497 1781 1533 1843 in
1559 1779 1666 1845 medic
1693 1781 1776 1859 5155,
1805 1780 1988 1845 sacerdotes
2016 1783 2086 1846 eius
2115 1782 2218 1847 viola-

214 1869 338 1936 addens
361 1871 461 1934 etiam
482 1890 549 1931 non
571 1867 742 1950 vulgarem
763 1865 1024 1947 premissionem:
1048 1864 1105 1928 ubi
1126 1865 1190 1929 duc
1242 1873 1363 1928 verunt
1390 1865 1498 1948 legem
1525 1886 1634 1930 meam
1662 1875 1696 1930 et
1718 1867 1974 1949 profanaverunt
1999 1875 2112 1933 555515
2132 1889 2217 1948 mea,

215 1966 272 2020 aut
292 1966 360 2018 tres
382 1954 595 2019 convenerint
613 1953 647 2015 in
671 1952 800 2015 nomine
822 1972 895 2029 suo,
918 1951 963 2015 ibi
986 1973 1021 2015 se
1042 1951 1191 2015 futurum
1242 1972 1303 2014 nec
1326 1949 1500 2015 discrimen
1523 1952 1670 2016 fecerunt
1690 1952 1780 2016 inter
1801 1960 1952 2017 sanctum
1974 1962 2008 2016 et
2027 1955 2217 2035 profanum:

213 2043 250 2106 in
276 2040 384 2105 medio
411 2061 532 2104 corum.
578 2040 625 2102 At
650 2037 746 2102 valde
773 2038 894 2100 mirum
920 2046 984 2113 cst,
1013 2044 1082 2100 tam
1107 2036 1191 2100 nihil
1242 2036 1421 2118 prophetae
1449 2035 1610 2101 dederunt
1636 2039 1682 2103 eis
1711 2045 1879 2104 caementa
1899 2038 2038 2116 insulsa,
2067 2038 2219 2105 videntes

214 2149 285 2193 esse
312 2128 429 2190 frontis
457 2126 528 2189 istis
555 2124 786 2199 nebulonibus,
816 2130 854 2186 ut
875 2123 1010 2187 ferocire
1032 2121 1108 2186 inde
1133 2143 1190 2186 au·
1242 2143 1328 2186 vana
1350 2130 1383 2187 et
1403 2121 1588 2188 divinantes
1609 2122 1823 2201 mendacium,
1847 2125 1893 2189 sic
1915 2123 2072 2189 dicentes:
2102 2125 2220 2190 Domi-

215 2212 322 2278 deant.
378 2210 468 2291 Quid
506 2211 593 2273 enim
625 2207 756 2272 tandem
797 2209 989 2273 obtinebunt
1027 2208 1090 2272 nisi
1125 2230 1191 2271 non
1242 2230 1306 2272 nus
1319 2208 1473 2290 loquutus
1485 2217 1543 2286 est,
1555 2231 1658 2291 quum
1669 2230 1737 2273 non
1749 2211 1792 2275 sit
1802 2209 1965 2291 loquutus.
2000 2211 2112 2276 Micha
2130 2232 2218 2290 vero,

215 2297 434 2382 spernendum
468 2317 538 2360 esse
571 2295 725 2360 ecclesiae
753 2315 963 2371 consensum,
996 2315 1078 2377 quae
1106 2317 1191 2357 nun·
1221 2294 1315 2376 'plus
1338 2295 1416 2357 satis
1438 2301 1592 2376 expertus
1615 2317 1713 2378 quam
1735 2295 1866 2360 fallaces
1888 2295 1955 2360 sint
1975 2295 2024 2359 illi
2048 2296 2137 2360 tituli
2155 2298 2221 2362 nisi

215 2405 314 2468 quam
342 2383 405 2447 nisi
434 2384 469 2445 in
499 2382 670 2447 veritatem
693 2380 785 2445 verbi
806 2379 871 2442 Dei
898 2379 1082 2444 consentit?
1126 2381 1189 2443 Ec·
1243 2400 1295 2443 res
1318 2380 1499 2461 respondet,
1523 2381 1568 2445 sic
1586 2381 1768 2445 Dominum
1790 2379 1947 2446 adversus
1968 2383 2146 2465 prophetas
2168 2405 2220 2448 se-

214 2470 314 2534 515515
334 2467 496 2532 audienda
517 2477 576 2542 est,
600 2466 765 2548 inquiunt
792 2464 877 2545 Quis
900 2465 1020 2548 negat?
1045 2465 1191 2548 quando·
1245 2466 1400 2531 ducentes
1428 2466 1585 2548 populum
1613 2488 1710 2530 suum
1739 2465 1864 2531 inducit
1892 2466 1937 2550 (3,
1958 2473 1976 2530 6
2001 2469 2118 2551 seqq.):
2153 2491 2220 2533 nox

214 2554 347 2638 quidem
369 2554 453 2617 nihil
473 2552 671 2636 pronunciat
693 2552 756 2614 nisi
780 2573 822 2614 ex
843 2552 943 2615 verbo
966 2552 1108 2616 Domini.
1154 2549 1192 2615 si
1244 2553 1336 2617 vobis
1363 2572 1421 2634 pro
1450 2552 1574 2616 visione
1603 2554 1665 2616 5111
1692 2554 1900 2618 ettencbrae
1926 2575 1987 2636 pro
2009 2553 2217 2633 divinatione,

213 2642 289 2725 plus
311 2639 434 2721 ahquid
455 2640 631 2721 postulant,
655 2637 739 2700 nihil
761 2636 974 2719 postulationi
993 2658 1072 2702 suae
1093 2638 1192 2701 verba
1245 2645 1279 2701 et
1306 2636 1476 2703 occumbet
1503 2637 1550 2703 sol
1572 2659 1672 2721 super
1693 2639 1870 2721 prophetas
1899 2649 1933 2702 et
1955 2640 2219 2704 obtenebrabitur

215 2728 296 2791 hacc
319 2726 442 2790 Christi
467 2725 639 2806 suffragari
662 2724 776 2788 sciant.
812 2723 897 2786 Nam
919 2744 1021 2805 quum
1042 2721 1095 2786 his
1118 2745 1192 2806 pro·
1245 2744 1342 2805 super
1364 2745 1418 2787 eos
1440 2722 1522 2799 dies,
1547 2733 1580 2786 51
1601 2724 1842 2788 confundentur
1863 2726 1919 2807 qui
1941 2724 2054 2789 vident
2075 2725 2217 2789 visiones

215 2812 326 2876 missio
348 2810 425 2874 data
447 2812 490 2874 sit
513 2810 570 2891 qui
591 2818 832 2892 congregantur
848 2809 884 2871 in
905 2808 1030 2874 Christi
1050 2811 1190 2885 nomine,
1217 2798 1219 2870 l
1244 2817 1278 2872 et
1298 2809 1489 2873 erubescent
1510 2809 1613 2873 divini
1636 2818 1670 2873 et
1692 2811 1841 2893 operient
1862 2831 1975 2875 omncs
1996 2811 2107 2875 vultus
2129 2830 2216 2889 suos,

215 2907 249 2963 et
271 2898 349 2960 talis
370 2905 483 2961 coetus
505 2896 640 2959 ecclesia
662 2905 812 2972 vocetur,
842 2895 1010 2959 ecclesiam
1032 2916 1102 2959 esse
1125 2917 1191 2958 non
1217 2885 1219 2928 l
1244 2897 1320 2978 quia
1351 2915 1417 2958 nen
1451 2906 1501 2959 est
1534 2895 1702 2959 oraculum
1731 2897 1874 2961 Domini.
1919 2896 2006 2960 Item
2035 2896 2219 2979 Zephanias

163 3024 166 3029 .
215 2981 420 3049 concedimus
443 2982 506 3044 nisi
529 3002 612 3062 quae
635 2982 670 3044 in
693 2981 820 3045 Christi
842 2981 975 3043 nominc
994 2989 1214 3069 congregata
1244 2981 1288 3064 (3,
1308 2979 1358 3064 4);
1387 2981 1565 3063 prophetae
1588 2983 1657 3045 cius
1680 2983 1918 3061 inconstantes,
1944 2983 2007 3047 viri
2031 2981 2219 3062 mendaces;

214 3069 315 3134 155111
324 3070 362 3151 ⁸).
385 3069 457 3130 Iam
469 3088 548 3135 vero
562 3087 606 3128 an
621 3067 681 3131 hoo
699 3075 750 3130 est
766 3067 801 3130 in
820 3066 945 3132 Christi
963 3066 1096 3130 nornine
1114 3089 1190 3132 con-
1244 3066 1428 3131 sacerdotes
1465 3068 1533 3131 eius
1571 3067 1777 3131 violaverunt
1814 3078 1925 3132 sancta
1958 3078 1991 3132 51
2023 3069 2220 3151 transgressi
2319 3139 2331 3146 ,

216 3153 362 3239 gregari,
386 3154 509 3218 abiecto
531 3153 596 3217 Dei
616 3151 783 3230 mandato,
815 3175 878 3234 quo
900 3163 991 3216 vetat
1013 3151 1191 3235 quidquam
1216 3139 1219 3219 l
1244 3162 1322 3216 sunt
1342 3152 1456 3236 legem.
1471 3156 1495 3236 ¹)
1540 3150 1607 3217 Sed
1629 3155 1717 3216 55115
1738 3153 1772 3217 id
1789 3155 1872 3219 forte
1894 3155 1980 3218 inter
2001 3152 2141 3217 Iudaeos
2162 3173 2221 3218 va-

216 3240 292 3303 addi
314 3238 405 3303 verbi
427 3260 485 3302 suc
509 3247 567 3301 ant
589 3238 727 3313 detrahi,
751 3239 881 3321 proprio
903 3238 1038 3301 arbitrio
1060 3237 1190 3320 quidvis
1243 3239 1357 3316 luerit;
1391 3245 1540 3302 nostrum
1572 3259 1649 3302 vero
1683 3239 1848 3304 saeculum
1877 3263 1897 3305 a
1924 3246 2016 3303 tanto
2044 3239 2131 3303 malo
2157 3241 2220 3303 im·

216 3332 361 3389 statuere
389 3324 624 3408 (Ι)551.13,1.
654 3326 751 3389 Prcv.
773 3329 822 3401 30,
843 3323 900 3406 6)?
950 3322 1048 3403 Quod
1074 3324 1190 3387 ultimo
1243 3346 1342 3388 mune
1366 3331 1424 3388 est.
1462 3324 1600 3389 Utinam
1620 3324 1751 3406 quidem
1774 3334 1874 3404 esset;
1896 3347 2012 3390 verum
2034 3325 2221 3390 5111511515

216 3412 377 3487 inferunt,
412 3431 521 3475 errare
548 3431 615 3475 non
641 3431 737 3493 posse
765 3410 933 3474 ecclesiam
964 3410 1001 3472 in
1033 3410 1074 3473 iis
1107 3430 1190 3492 quae
1243 3409 1453 3493 denunciavit
1469 3410 1599 3474 Petrus.
1633 3409 1926 3490 Quemadmodum,
1949 3412 2057 3492 inquit
2079 3409 2113 3492 (2
2126 3411 2217 3475 Petr.

216 3507 296 3561 sunt
334 3496 375 3559 ad
408 3497 550 3560 salutem
583 3497 765 3561 necessaria
796 3495 932 3558 minime
965 3495 1188 3560 reclamamus.
1244 3500 1279 3573 2,
1306 3494 1352 3578 1),
1385 3496 1519 3559 1551551
1551 3496 1585 3558 in
1616 3496 1734 3578 populo
1765 3497 2077 3580 pseudoprophetae,
2112 3497 2159 3562 sie
2186 3504 2220 3561 et

216 3581 284 3647 Sed
312 3583 365 3647 hic
392 3584 491 3647 etiam
516 3580 698 3664 plurimum
728 3603 825 3644 sensu
848 3581 1022 3646 variamus.
1067 3583 1190 3644 Errare
1242 3583 1329 3644 inter
1351 3603 1410 3644 vos
1432 3592 1529 3645 erunt
1550 3581 1624 3645 falsi
1646 3580 1803 3656 doctores,
1828 3592 1933 3649 sectas
1953 3582 2146 3664 perditionis
2164 3583 2219 3650 in·

216 3688 283 3732 non
312 3690 404 3751 posse
431 3666 503 3732 ideo
532 3668 706 3743 sentimus,
737 3667 823 3750 quod
851 3665 999 3731 abdicata
1020 3668 1110 3730 omni
1132 3689 1203 3731 sua·
1243 3668 1420 3731 sinuantcs.
1469 3666 1571 3730 Viden
1600 3677 1724 3731 utnon
1747 3690 1767 3730 a
1786 3669 1919 3751 plebeiis
1941 3669 2113 3732 imminere
2132 3669 2219 3750 peri-

216 3754 378 3836 sapientia
410 3777 430 3818 a
463 3754 581 3836 spiritu
616 3760 727 3817 sancto
762 3753 869 3817 doceri
902 3774 936 3816 sc
965 3773 1025 3834 per
1052 3752 1191 3817 verbum
1243 3753 1354 3818 culum
1374 3751 1554 3834 praedicat,
1583 3751 1640 3817 sed
1664 3753 1704 3817 ab
1726 3755 1765 3819 iis
1787 3755 1842 3837 qui
1865 3755 2034 3820 doctorum
2054 3762 2087 3817 51
2108 3764 2219 3835 pasto·

216 3838 352 3903 Domini
380 3840 512 3922 patitur.
569 3838 668 3919 Quod
698 3849 809 3902 autem
841 3838 889 3902 illi
923 3836 1094 3920 disputant
1126 3839 1192 3903 1155
1244 3861 1317 3902 rum
1349 3839 1445 3902 titulo
1478 3859 1512 3903 se
1545 3838 1782 3904 venditabant?
1833 3841 2009 3905 Praeterea
2041 3841 2167 3921 quoties
2200 3860 2220 3903 a

217 3933 355 4007 spectra:
379 3924 506 4006 quando
529 3925 665 3990 ccclesia
687 3925 805 4006 spiritu
823 3924 959 3988 Domini
977 3925 1190 4007 gubernatur,
1216 3940 1219 4022 Ι
1244 3924 1376 3988 Christo
1403 3933 1436 3987 ct
1463 3925 1533 3988 eius
1561 3925 1715 4005 apostolis
1744 3926 1963 4008 praedictum,
1991 3936 2029 3988 51
2058 3947 2077 3988 5
2109 3933 2220 4006 pasto-

216 4019 288 4074 tutc
318 4009 467 4074 incedere
491 4011 561 4074 sine
589 4011 687 4075 verbo
716 4032 824 4092 pcsse;
852 4031 1045 4092 quocunque
1066 4017 1190 4093 pergat,
1216 4027 1219 4083 1
1243 4009 1334 4074 ribus
1346 4031 1473 4073 summa
1484 4009 1637 4074 ecclesiae
1654 4012 1798 4093 pericula
1809 4010 2056 4094 impenderent?
2080 4009 2217 4093 (Matth.

216 4117 283 4160 non
306 4116 400 4179 posse
422 4096 543 4159 sentire
565 4105 624 4159 aut
644 4096 732 4179 loqui
754 4098 817 4160 nisi
840 4116 965 4160 verum.
1245 4100 1300 4171 24,
1327 4099 1376 4158 24.
1422 4096 1655 4173 11512129.
1702 4097 1914 4175 21115552,
1943 4102 1989 4160 11.
2038 4097 2163 4159 irim.
2188 4101 2219 4174 4,

302 4180 400 4245 Nrmc
427 4188 550 4259 autem,
585 4188 622 4245 ut
647 4182 758 4245 omnia
791 4182 856 4245 illis
885 4180 925 4244 de
952 4182 1087 4247 ecclesia
1114 4202 1191 4246 ecn-
1247 4187 1367 4263 lseqq.
1399 4180 1567 4258 5111115,
1585 4186 1597 4243 l
1612 4202 1697 4264 seqq.
1731 4189 1761 4260 4,
1782 4183 1825 4267 3).
1866 4186 1915 4247 Ac
1937 4204 1978 4246 nc
1998 4180 2220 4247 enumerando

217 4266 384 4341 cedamus,
412 4288 472 4349 pro
502 4268 570 4330 suis
597 4276 706 4332 tamen
731 4267 962 4332 traditionibus
989 4268 1098 4331 nesio
1121 4267 1191 4349 qui·
1244 4267 1386 4330 multum
1409 4267 1597 4331 chartarum
1618 4268 1787 4349 impleam,
1813 4290 1878 4332 non
1899 4290 2010 4334 eorum
2032 4277 2220 4350 temporum

217 4351 291 4417 dem
320 4350 427 4418 adhuc
455 4353 597 4417 multum
624 4354 829 4435 profecerint.
877 4352 906 4434 ⁴)
918 4353 1003 4417 Nam
1036 4351 1122 4435 quod
1156 4352 1190 4415 in
1243 4352 1339 4416 modo
1371 4351 1428 4417 sed
1460 4353 1605 4417 omnium
1637 4354 1704 4418 fere
1732 4355 1936 4418 saeculorum
1963 4353 2220 4436 exemplis‘mo·

217 4437 352 4504 ecclesia
373 4460 543 4503 remanere
565 4440 737 4503 veritatem
765 4461 830 4503 555
852 4448 985 4521 putant,
1014 4439 1078 4500 nisi
1105 4439 1192 4501 inter
1244 4459 1374 4516 nemur,
1398 4459 1458 4502 nee
1480 4439 1653 4502 veritatem
1674 4461 1803 4522 semper
1824 4440 1859 4503 in
1881 4441 1954 4505 sinu
1976 4448 2143 4522 pastorum
2164 4438 2219 4517 ali,

217 4534 363 4606 pastores
395 4532 532 4602 constet,
571 4546 631 4589 nec
665 4525 834 4589 ecclesiam
866 4527 972 4608 ipsam
1004 4525 1189 4600 consistere,
1243 4545 1304 4589 nec
1326 4523 1479 4588 ecelesiae
1501 4524 1757 4590 incolumitatem
1780 4527 1821 4591 ab
1839 4547 1952 4590 eorum
1969 4533 2057 4590 statu
2066 4525 2219 4607 pendere.

217 4610 281 4674 nisi
302 4611 337 4674 in
360 4610 502 4675 conciliis
524 4609 731 4693 generalibus
754 4611 907 4686 emineat,
935 4609 1078 4673 multum
1100 4609 1191 4673 abest
1242 4609 1389 4676 Decebat
1411 4609 1543 4693 quidem
1564 4610 1637 4675 illos
1662 4613 1896 4678 ecelesiasticae
1921 4611 2011 4695 pacis
2033 4631 2070 4675 ac
2092 4610 2219 4689 salutis,

217 4696 297 4777 quin
319 4694 353 4758 id
375 4716 492 4760 verum
514 4716 643 4776 semper
663 4695 775 4771 fuerit,
807 4695 833 4759 si
859 4692 997 4759 verade
1019 4694 1190 4758 55151551-
1243 4697 1296 4761 cui
1322 4695 1563 4761 conservandae
1593 4695 1746 4762 destinati
1773 4707 1865 4776 sunt,
1894 4697 2060 4780 praesides
2082 4717 2153 4761 csse
2182 4715 2221 4760 ao

217 4780 348 4863 poribus
370 4782 555 4846 testimonia
574 4779 668 4844 nobis
690 4780 894 4862 reliquerunt
913 4779 1099 4861 prophetae.
1139 4780 1191 4845 Ie·
1243 4781 1393 4848 custodes
1400 4804 1408 4859 ;
1431 4781 1488 4845 scd
1510 4781 1600 4846 aliud
1619 4790 1670 4847 est
1690 4792 1856 4865 praestare
1878 4783 1963 4867 quod
1981 4781 2107 4859 debeas,
2130 4780 2221 4847 aliud

519 4885 522 4892 ’
1244 4867 1367 4932 debere
1384 4865 1469 4949 quod
1492 4887 1560 4931 non
1582 4878 1736 4951 praestes.
1752 4870 1782 4953 2)

288 5017 315 5082 1)
339 5020 372 5071 Ι5
396 5037 519 5072 sermone
543 5020 576 5071 de
600 5038 620 5071 s.
645 5026 673 5071 51
695 5020 769 5072 ador.
793 5020 880 5072 sirit.
945 4988 991 5082 Ῡ2)
1018 5019 1192 5086 Respondent

218 5087 284 5140 caeo
307 5088 365 5152 fere
388 5089 424 5141 iis
441 5103 510 5157 quae
528 5089 662 5141 habentur
686 5036 846 5140 11111112.
934 5086 964 5154 3)
987 5088 1191 5141 5515151111-

216 5155 288 5220 ferri
307 5164 423 5222 possunt
440 5172 510 5225 qaae
525 5173 599 5209 nunc
616 5157 741 5225 1551111151
765 5155 850 5208 VIII.
867 5154 925 5209 155.
995 5154 1193 5226 4)815555115
1314 5157 1342 5221 1)
1364 5157 1404 5224 67.
1422 5141 1507 5211 vm.
1525 5156 1584 5210 157.
1647 5158 1677 5226 2)
1701 5159 1764 5212 Hac
1781 5160 1961 5228 1555515115
1981 5160 2002 5225 §.
2023 5157 2221 5228 15555555-

219 5230 395 5277 tautameos
415 5227 507 5276 omnic
524 5226 554 5277 in
575 5224 639 5293 Cap.
665 5225 750 5278 Vffl.
770 5223 819 5277 156
838 5227 1013 5279 transierunt.
1245 5231 1290 5277 tur
1307 5228 1440 5280 rioscella
1458 5243 1491 5280 aa
1509 5227 1532 5296 ξ.
1553 5225 1609 5279 158.
