4732 6030
186 320 248 381 149
779 315 878 382 OAP.
901 318 942 382 V.
988 317 1051 383 DE
1074 315 1242 386 FALSIS
1265 319 1604 389 SAORAtfflNrIs.
2135 333 2198 394 leo

199 507 273 570 Act
303 506 375 591 20):
410 529 445 572 sc
472 506 604 572 Iudaeis
632 529 670 572 ac
703 506 854 590 gentibus
887 505 1096 571 testificatum
1127 507 1164 571 in
1216 529 1329 574 omnes
1356 511 1582 592 cogitationes,
1613 532 1692 577 suos
1719 512 1870 594 affectus,
1902 537 1962 580 sua
1989 515 2098 581 studia
2124 537 2197 583 cor·

321 595 556 675 poenitentiam
589 601 622 658 et
654 592 755 657 fidem
782 592 818 657 in
845 591 957 656 Iesum
982 590 1161 657 Christum.
1216 601 1313 677 rupta
1340 603 1373 660 et
1399 597 1517 660 vitiosa
1543 617 1622 662 esse.
1673 599 1853 681 Propterea
1883 622 2016 666 necesse
2044 623 2128 682 csse,
2158 610 2197 668 ut
2232 638 2237 648 ,

181 677 265 757 Ubi,
293 685 452 761 tanquam
479 678 543 744 duo
571 678 716 755 diversa,
743 678 977 761 poenitentiam
1005 685 1039 741 et
1064 677 1164 742 fidem
1215 688 1444 762 renascantur,
1468 683 1496 747 si
1517 682 1633 747 volunt
1652 683 1781 767 ingredi
1801 686 1838 750 in
1858 708 1998 772 regnum
2018 687 2098 767 Dei;
2123 710 2196 756 esse

180 775 363 829 enumerat
408 763 499 845 Quid
519 764 642 848 igitir?
684 766 739 829 An
760 785 840 829 vera
859 764 1060 846 poenitentia
1082 765 1165 830 citra
1216 773 1327 830 autem
1349 767 1434 833 hanc
1456 768 1649 834 renascendi
1670 770 1839 850 rationem,
1862 773 1892 837 si
1912 773 2194 855 participationem

181 849 284 917 fidem
310 852 487 916 consistere
514 850 643 934 potest?
678 851 826 915 Mimine.
880 849 1007 914 Verum
1029 850 1090 914 etsi
1112 871 1163 914 se·
1215 850 1360 917 habeant
1379 854 1415 917 in
1435 852 1578 933 Ohristo,
1601 855 1636 919 in
1656 857 1748 920 cuius
1770 864 1875 922 morte
1897 859 2101 924 emoriuntur
2117 882 2195 942 pra-

181 938 295 1019 parari
315 957 383 1001 non
402 943 548 1020 possunt
572 936 728 1020 distingui
749 942 860 1000 tamen
879 934 1005 1000 debent
1039 932 1163 1015 Quem·
1214 958 1276 1003 vae
1306 938 1514 1021 cupiditates,
1547 941 1582 1004 in
1610 941 1701 1006 cuius
1728 963 1824 1008 cruce
1845 949 1940 1008 vetus
1963 945 2060 1009 homo
2082 952 2194 1012 noster

182 1021 361 1088 admodum
377 1024 465 1087 eninr
481 1024 552 1088 sine
568 1044 625 1105 spe
642 1022 724 1087 fides
741 1042 807 1086 non
827 1028 886 1098 est,
908 1029 942 1085 ct
957 1028 1067 1086 tamen
1081 1021 1163 1086 fides
1215 1024 1432 1107 crucifigitur,
1461 1026 1496 1089 in
1517 1026 1610 1091 cuius
1631 1026 1779 1109 sepulcro
1801 1029 1957 1111 sepelitur
1978 1051 2096 1112 eorpus
2117 1053 2193 1114 pec-

182 1130 222 1174 ac
238 1129 313 1191 spes
330 1110 425 1174 varia
442 1116 527 1186 sunt,
545 1110 592 1173 ita
602 1108 803 1192 poenitentia·
819 1116 853 1171 et
867 1106 958 1184 fides,
976 1129 1163 1191 quanquam
1214 1110 1287 1173 cati
1328 1109 1491 1175 Remissm
1511 1118 1720 1192 peccatomm
1739 1114 1955 1195 praedicatur,
1978 1137 2053 1181 cunr
2075 1117 2194 1182 doeen-

182 1202 341 1278 perpetuo
368 1195 456 1260 inter
486 1216 521 1260 se
553 1194 684 1260 vinculo
712 1193 888 1259 cohaerent
919 1194 1025 1276 magis
1051 1200 1163 1259 tamen
1214 1201 1269 1259 tur
1291 1195 1454 1276 homines,
1485 1195 1657 1263 (ihr-istum
1677 1198 1739 1264 sibi
1760 1200 1883 1265 factum
1905 1222 1975 1266 esse
1997 1201 2194 1285 redemptio-

183 1281 430 1365 coniungendae
451 1289 537 1360 sunt,
560 1302 657 1364 quam
679 1278 933 1345 confundendae.
1213 1302 1300 1359 nem,
1323 1282 1490 1361 iustitiam,
1512 1283 1773 1361 satisfactionem,
1797 1287 1915 1365 vitam,
1938 1296 1977 1350 ut
1997 1289 2066 1354 cius
2087 1291 2194 1354 nomi-

270 1367 333 1432 Est
349 1367 469 1450 itaque,
487 1389 560 1432 mco
576 1366 708 1450 quidem
724 1365 852 1443 iudicio,
874 1366 1073 1447 poenitentia
1090 1386 1162 1430 car·
1215 1388 1256 1430 ne
1277 1367 1356 1432 iusti
1376 1375 1410 1432 et
1429 1369 1618 1434 innocentes
1640 1371 1751 1454 gratis⁴
1764 1370 1948 1437 habeantur
1964 1374 2000 1438 in
2018 1381 2194 1458 conspectu

184 1454 240 1518 nis
266 1459 395 1518 nostrae
426 1455 610 1535 veterisque
640 1452 780 1516 hominis
809 1452 1029 1527 mortificati0,
1063 1472 1162 1534 quam
1213 1452 1277 1516 Dei
1299 1450 1332 1538 (1
1353 1451 1427 1517 (lor.
1449 1453 1491 1538 1).
1535 1454 1612 1520 Uno
1638 1455 1740 1539 igitur
1765 1457 1865 1522 verbo
1886 1460 2120 1540 poenitentiam
2141 1462 2193 1525 in-

185 1541 221 1604 in
246 1539 337 1604 nobis
370 1539 471 1604 efficit
500 1561 598 1604 verus
632 1560 670 1603 ac
697 1539 843 1603 sincerus
875 1538 973 1602 timor
998 1537 1071 1601 Dei
1120 1536 1164 1601 In
1213 1544 1374 1619 terpretor
1395 1541 1685 1607 mortificationem
1719 1541 1811 1608 Haec
1832 1545 2032 1625 poenitentia
2048 1547 2193 1628 primum

185 1646 259 1690 eum
274 1645 411 1690 sensum
433 1624 639 1708 accipiendae
661 1630 738 1688 sunt
755 1623 924 1689 conciones
945 1644 1068 1702 omnes,
1091 1623 1162 1706 qui·
1213 1622 1306 1689 nobis
1328 1624 1371 1689 ad
1392 1624 1518 1691 Christi
1539 1627 1757 1710 cognitionem
1783 1629 1968 1712 ingressum
1989 1632 2108 1714 aperit,
2136 1633 2192 1715 qui

184 1712 243 1776 bus
263 1709 320 1775 vel
341 1711 520 1794 prophetae
540 1709 712 1793 quondam,
736 1707 789 1774 vel
811 1709 949 1791 apostoli
967 1717 1088 1791 postea,
1111 1709 1163 1774 sui
1213 1709 1313 1774 nullis
1341 1732 1375 1775 se
1403 1712 1536 1777 exhibet
1563 1713 1628 1777 nisi
1649 1715 1778 1779 miseris
1800 1724 1833 1778 et
1856 1716 1984 1781 afflictis
2012 1719 2191 1799 peccatori·

180 1797 340 1879 temporis
359 1796 506 1862 honrincs
524 1796 566 1861 ad
582 1796 816 1879 poenitentiam
832 1795 1058 1860 hortabantur.
1088 1794 1161 1860 Hoc
1212 1795 1289 1875 bus,
1317 1797 1373 1878 qui
1417 1807 1544 1877 emunt,
1573 1798 1736 1877 laborant,
1766 1803 1891 1865 onerati
1913 1813 2005 1880 sunt,
2032 1804 2190 1883 esuriunt,

181 1881 531 1961 enimoontendebant,
553 1892 592 1949 ut
608 1883 749 1964 peccatis
767 1882 835 1946 suis
857 1881 981 1946 confusi
999 1888 1032 1945 et
1045 1881 1161 1946 timore
1213 1881 1337 1960 sitiunt,
1361 1819 1471 1948 dolore
1492 1891 1525 1948 ct
1546 1885 1678 1950 miseria
1698 1887 1877 1952 tabescunt.
1918 1888 1973 1952 Ad
1995 1888 2081 1954 hanc
2101 1890 2190 1968 eniti,

181 1968 244 2034 Dei
265 1969 396 2051 puncti,
423 1991 535 2035 coram
555 1969 698 2033 Domino
726 1966 933 2050 prociderent
953 1973 987 2031 et
1008 1966 1161 2031 humilia·
1213 1968 1248 2043 in
1280 1967 1366 2033 hanc
1383 1969 1599 2048 incumbere,
1632 1970 1718 2037 hanc
1750 1973 1915 2055 prosequi,
1944 1979 2013 2038 tota
2040 1975 2110 2038 vita
2131 1997 2191 2040 nos

183 2060 313 2133 rentur,
349 2076 447 2138 seque
474 2057 510 2120 in
536 2056 625 2120 viam
649 2056 830 2136 reciperent
858 2074 896 2118 ac
923 2053 1159 2135 resipiscerent
1186 2118 1188 2129 ,
1213 2061 1347 2135 oportet.
1391 2054 1532 2123 Dicebat
1556 2055 1668 2134 Plato,
1683 2081 1688 2088 ·
1701 2059 1805 2122 vitam
1836 2055 1877 2144 [p.
1898 2057 1974 2158 305]
2004 2059 2191 2143 philosophi

182 2139 259 2205 Ideo
295 2141 380 2207 haec
406 2143 589 2224 promiscue
615 2145 776 2222 usurpant
807 2138 921 2203 eodem
958 2139 1158 2223 significatu:
1185 2136 1188 2197 l
1212 2138 1457 2204 meditationem
1484 2162 1555 2206 esse
1581 2143 1704 2207 mortis.
1750 2143 1871 2209 Verius
1898 2145 1992 2210 nobis
2022 2145 2129 2211 dicere
2151 2147 2192 2211 li-

182 2228 344 2305 converti,
373 2249 432 2293 seu
458 2228 580 2294 reverti
607 2226 649 2291 ad
670 2226 852 2290 Dominum
873 2233 907 2289 et
926 2225 1161 2307 poenitentiam
1186 2200 1188 2285 l
1213 2231 1279 2303 eet,
1301 2225 1406 2290 vitam
1432 2226 1601 2307 christiani
1631 2228 1786 2306 hominis,
1813 2241 2008 2312 perpetuum
2029 2253 2100 2297 csse
2121 2240 2191 2297 stu·

184 2333 288 2396 agere.
334 2313 383 2378 Et
408 2314 533 2378 fructus
560 2312 676 2396 dignos
702 2311 901 2394 poenitentia
927 2311 1048 2389 facere,
1077 2310 1162 2375 dixit
1186 2294 1188 2419 l
1213 2309 1305 2374 dium
1325 2319 1359 2375 et
1377 2313 1643 2377 exercitationem
1668 2314 1914 2380 mortificandae
1935 2318 2059 2397 carnis,
2089 2317 2191 2384 donec
2301 2326 2308 2335 '

184 2397 333 2478 Ioannes,
356 2400 459 2465 vitam
476 2421 583 2483 agere,
605 2419 688 2481 quae
700 2395 887 2462 huiusmodi
904 2397 1161 2479 resipiscentiam
1185 2426 1189 2481 3
1212 2395 1310 2478 plane
1331 2397 1478 2462 intereat.
1513 2395 1625 2478 Quare
1645 2398 1738 2464 illum
1761 2401 1901 2465 arbitror
1921 2401 2100 2484 plurimum
2115 2424 2192 2486 pro-

184 2492 216 2548 ct
236 2486 482 2550 conversionem
505 2485 618 2550 deceat
637 2483 770 2568 (Matth.
790 2483 839 2567 3).
1186 2492 1188 2523 ¹
1212 2482 1341 2561 fecisse,
1363 2484 1420 2565 qui
1441 2484 1502 2549 sibi
1523 2484 1701 2566 plurimum
1722 2485 1893 2568 displicere
1913 2486 2039 2568 didicit3
2065 2510 2132 2553 non
2153 2497 2192 2554 ut

268 2569 312 2722 [ξ.
327 2570 405 2658 303]
416 2573 503 2636 'Pota
514 2579 624 2636 autem
637 2569 799 2652 evangelii
810 2589 939 2633 summa
951 2566 1076 2633 duobus
1088 2569 1160 2633 istis
1212 2568 1248 2631 in
1269 2567 1330 2633 hoc
1351 2568 1420 2634 luto
1441 2569 1577 2635 haereat
1596 2592 1657 2636 neo
1678 2571 1766 2636 ultra
1785 2573 2021 2655 progrediatur,
2044 2575 2103 2639 sed
2119 2597 2191 2640 ma-

183 2658 280 2739 capitr
303 2679 342 2723 us
370 2658 568 2723 continetur:
598 2656 798 2739 poenitentia
820 2661 854 2719 et
879 2661 1086 2737 peccatorum
1107 2675 1159 2719 re·
1213 2654 1264 2735 gis
1285 2663 1323 2718 ut
1343 2653 1387 2719 ad
1406 2655 1517 2721 Deum
1538 2655 1669 2722 festinet
1690 2665 1724 2721 et
1745 2658 1894 2739 suspiret,
1917 2669 1953 2721 ut
1974 2661 2072 2723 morti
2092 2658 2191 2726 Obri-

183 2743 344 2808 missione.
379 2745 520 2808 Ioannes
538 2744 626 2807 enim
648 2741 784 2825 angelus
807 2746 882 2805 ante
899 2740 1018 2805 faciem
1035 2738 1160 2805 Christi
1212 2740 1256 2804 sti
1275 2740 1419 2806 insertus
1435 2743 1668 2824 poenitentiam
1685 2742 1868 2807 meditetur.
1903 2743 1996 2809 Haec
2017 2747 2189 2825 sententia,

184 2830 311 2908 missus,
333 2828 377 2894 sd
397 2829 640 2912 praeparandas
656 2829 727 2894 vias
746 2828 815 2892 eius
833 2826 967 2912 (Matth.
983 2824 1047 2909 11),
1065 2848 1160 2908 prae-
1212 2833 1250 2889 ut
1268 2833 1340 2890 erat
1361 2827 1601 2909 simplicissima
1616 2830 1770 2908 omnium,
1793 2829 1840 2893 ita
1856 2829 1940 2893 mihi
1957 2851 2031 2894 cum
2049 2831 2189 2913 scriptu-

187 2913 325 2980 dicabat:
349 2916 583 2998 poenitentiam
650 2914 693 2978 ‘te
731 2913 1004 2996 appropinquavit
1020 2933 1159 2997 regnum
1211 2932 1268 2976 rac
1289 2913 1428 2978 veritate
1449 2915 1569 2996 optime
1591 2915 1773 2979 consentire
1794 2916 1866 2979 visa
1887 2931 1945 2980 est.

185 3000 346 3066 coelorum
364 3001 498 3086 (Matth.
519 3000 562 3085 3).
592 2936 659 3065 dd}
876 2996 879 3001 ’

185 3086 281 3152 nebat
312 3094 351 3152 ut
383 3109 417 3152 se
448 3094 634 3170 peccatores
660 3091 875 3170 agnoscerent
900 3105 1023 3166 suaque
1050 3085 1160 3149 omnia
1211 3085 1314 3149 tentia
1335 3084 1520 3150 scholastici
1542 3085 1706 3167 sophistae
1726 3086 1946 3164 tradiderunt,
1969 3109 2067 3170 quae,
2090 3111 2189 3172 quam

184 3193 292 3238 coram
317 3173 391 3238 Deo
420 3173 591 3250 damnata,
619 3193 683 3255 quo
704 3172 813 3236 carnis
839 3192 917 3235 suae
938 3171 1159 3235 mortificatio·
1210 3171 1415 3252 paucissimis
1447 3171 1519 3235 lieri
1553 3173 1686 3253 poterit,
1725 3193 1930 3255 percurram;
1969 3174 2046 3255 quia
2079 3177 2189 3240 omnia

184 3278 256 3323 nem
279 3280 318 3323 ae
340 3279 460 3324 novam
482 3261 517 3323 in
539 3259 656 3341 spiritu
677 3258 957 3341 regenerationem
977 3257 1053 3320 totis
1074 3257 1158 3321 votis
1183 3257 1361 3343 ,persequi
1393 3257 1520 3320 animus
1549 3279 1616 3321 non
1647 3266 1711 3335 est,
1744 3281 1788 3323 nc
1820 3259 1874 3324 hic
1906 3267 2017 3324 noster
2048 3260 2188 3340 libellus,

184 3351 381 3427 expeterent
415 3346 571 3428 Regnum
589 3345 655 3410 Dei
676 3341 904 3408 annunciando
926 3341 968 3406 ad
984 3341 1084 3406 fidem
1100 3363 1159 3407 vo-
1210 3362 1307 3424 quem
1329 3340 1371 3406 ad
1393 3342 1564 3407 enchiridii
1586 3344 1781 3408 brevitatem
1802 3346 1933 3428 exigere
1952 3345 2041 3423 volo,
2070 3346 2105 3409 in
2125 3348 2189 3409 irn-

184 3430 283 3495 osbat
331 3428 501 3513 Siquidem
522 3452 581 3513 per
601 3451 741 3514 regnum
760 3429 835 3506 Dei,
860 3427 946 3510 quod
968 3427 1103 3493 docebat
1122 3429 1158 3493 in
1209 3449 1360 3493 mensum
1382 3428 1583 3493 extrahatur.
1629 3430 1675 3494 Et
1695 3430 1744 3494 illi
1769 3451 1840 3495 rem
1862 3431 1981 3514 alioqui
2002 3450 2070 3494 non
2091 3431 2189 3496 valde

184 3517 363 3599 propinquo
391 3538 476 3594 esse,
505 3517 730 3581 remissionem
757 3522 979 3597 peccatorum,
1008 3513 1157 3594 salutem,
1209 3513 1416 3596 implicitam,
1438 3522 1487 3578 tot
1506 3515 1725 3582 voluminibus
1744 3515 1968 3594 involvenmt,
1990 3522 2115 3580 utnon
2136 3517 2189 3581 fu·

665 2998 899 3083 poem'tentiam
915 2997 1070 3077 vocando,
1089 3019 1159 3063 mo·
1296 2997 1394 3065 Nunc
1415 3001 1512 3063 venio
1539 2998 1581 3064 ad
1603 3000 1798 3065 excutienda
1820 3023 1872 3078 ca,
1902 3023 1985 3084 quae
2009 3000 2049 3066 de
2076 3004 2190 3086 poeni-

186 3609 285 3667 nam
318 3610 354 3667 c
385 3602 541 3685 qnoque
573 3603 705 3667 omnino
733 3602 768 3665 in
790 3599 923 3665 consa
945 3578 1637 3711 assequimm‚jturussitfaeilisexit1n;
1665 3603 1693 3666 e
1714 3609 1747 3666 a
1774 3600 1910 3683 paurum
1929 3603 1966 3665 in
1986 3622 2099 3665 eorum
2119 3602 2189 3667 aa

185 3688 397 3772 significabat.
443 3686 554 3769 Quare
583 3688 670 3771 apud
692 3687 771 3751 alios
793 3686 1011 3769 evangelistas
1038 3685 1159 3769 legitur
1182 3714 1185 3779 7
1209 3707 1262 3750 ces
1279 3686 1486 3752 immerseris.
1515 3687 1690 3770 Principio,
1708 3688 1744 3751 in
1761 3685 1870 3751 danda
1886 3686 2073 3752 definitione
2090 3687 2188 3770 plane

185 3773 301 3857 (Marc.
324 3779 350 3838 l.
380 3775 461 3840 Luc.
482 3775 530 3859 3):
554 3775 646 3840 venit
666 3774 807 3837 Ioannes
826 3771 1018 3855 praedicans
1035 3772 1157 3854 baptis·
1182 3792 1185 3835 ι
1209 3769 1385 3836 ostendunt
1411 3793 1579 3854 nunquam
1605 3794 1640 3837 se
1660 3771 1876 3851 intellexisse,
1904 3772 1983 3855 quid
2005 3782 2091 3838 esset
2110 3795 2188 3857 poe-

184 3880 272 3924 mnm
280 3862 508 3943 poenitentiae,
525 3862 560 3926 in
572 3860 1021 3940 remissionempeccatomm.
1051 3855 1156 3938 Quod,
1181 3838 1184 3937 l
1208 3858 1355 3922 nitentia.
1399 3858 1575 3939 Arripiunt
1595 3858 1683 3922 enim
1704 3857 1864 3941 quaedam
1886 3881 1904 3923 c
1926 3859 2018 3924 libris
2037 3866 2188 3925 veterum

203 3944 258 4010 uid
281 3946 371 4011 aliud
393 3955 458 4025 est,
488 3968 587 4029 quam
608 3955 645 4010 ut
665 3952 872 4029 peccatorum
893 3943 977 4007 mole
998 3945 1103 4026 pressi
1124 3952 1158 4007 et
1209 3941 1353 4021 dicteria,
1382 3965 1465 4025 quac
1488 3943 1556 4008 vim
1580 3944 1798 4026 poenitentiae
1820 3945 1956 4010 minime
1982 3945 2185 4027 exprimunt:

184 3965 309 4114 beguai
332 4032 374 4097 ad
394 4034 576 4097 Dominum
597 4054 632 4097 se
653 4036 895 4104 converterent,
919 4051 956 4094 ac
979 4028 1019 4094 de
1041 4031 1156 4094 remis·
1208 4027 1293 4111 quod
1315 4030 1481 4111 poenitere
1503 4030 1555 4108 sit,
1579 4040 1729 4095 anteacta
1748 4038 1882 4113 peccata
1903 4029 2032 4109 deflere,
2055 4040 2089 4096 et
2105 4033 2187 4096 flen-

177 4117 271 4199 sicne
292 4126 327 4182 et
352 4119 458 4183 salute
485 4140 576 4201 spem
597 4114 824 4199 conciperent?
870 4114 926 4180 Sic
948 4123 982 4180 et
1003 4115 1156 4181 Christus
1210 4113 1253 4178 da
1278 4135 1345 4179 nen
1377 4116 1594 4196 committere;
1613 4114 1638 4199 ¹)
1664 4117 1758 4181 item:
1793 4115 1880 4198 quod
1906 4117 1949 4182 sit
1975 4117 2064 4182 mala
2091 4137 2187 4199 prae-

181 4223 256 4268 suas
273 4205 444 4270 conciones
457 4206 641 4287 auspicatus
653 4211 716 4267 est:
737 4202 1007 4284 appropinquavit
1016 4223 1178 4285 regnumr
1210 4201 1307 4265 terita
1332 4201 1490 4284 plangere
1516 4209 1550 4265 et
1579 4200 1766 4286 plangenda
1798 4202 1919 4267 iterum
1945 4224 2013 4267 non
2038 4202 2187 4267 commit-

180 4286 258 4369 Dei,
286 4291 520 4372 poenitentiam
547 4291 634 4373 agite
662 4295 696 4352 et
716 4287 838 4353 credite
860 4287 1038 4370 evangelio.
1081 4287 1156 4352 Pri·
1208 4294 1294 4364 tere;
1308 4287 1338 4371 ²)
1378 4283 1418 4372 [p.
1443 4285 1520 4373 306]
1552 4288 1645 4352 item:
1688 4287 1774 4371 quod
1807 4289 1851 4352 sit
1882 4288 2042 4371 quaedam
2073 4285 2187 4352 dolens

182 4395 273 4438 mum
294 4374 439 4441 declarat
459 4376 631 4441 thesauros
652 4372 893 4440 misericordiae
910 4374 945 4437 in
965 4395 1000 4438 se
1018 4382 1155 4456 apertos,
1209 4371 1368 4450 vindicta,
1391 4374 1530 4455 puniens
1560 4374 1596 4438 in
1623 4395 1673 4453 se,
1706 4373 1793 4456 quod
1818 4373 1906 4438 dolet
1927 4373 2139 4449 commisisse3
2153 4371 2183 4456 ³)
2221 4424 2228 4439 .

183 4457 298 4525 deinde
324 4463 558 4544 poenitentiam
584 4463 701 4545 exigit,
724 4468 797 4524 tum
819 4468 982 4542 postremo
1003 4459 1157 4525 fiduciam
1207 4459 1302 4523 item:
1342 4458 1427 4541 quod
1454 4458 1497 4525 sit
1524 4459 1615 4524 dolor
1641 4459 1748 4526 cordis
1776 4467 1809 4524 et
1838 4458 2019 4524 amaritudo
2049 4458 2189 4536 animae,

279 4547 344 4612 Dei
372 4549 609 4630 promissiones.
659 4548 774 4628 Itaque
801 4566 903 4628 quum
930 4550 1035 4610 totum
1056 4567 1156 4611 evan·
1209 4565 1269 4627 pro
1296 4544 1393 4609 malis
1419 4566 1502 4626 quae
1529 4547 1664 4629 quisque
1691 4546 1867 4623 commisit,
1894 4545 1947 4609 vel
1974 4544 2090 4626 quibus
2112 4564 2190 4608 con·

180 4565 261 4696 mlii
285 4634 454 4717 negotium
487 4635 630 4699 breviter
662 4631 832 4714 complecti
864 4630 968 4695 voluit
992 4630 1154 4710 (lhristus,
1208 4631 1318 4694 sensit.
1333 4628 1363 4713 ⁴)
1407 4630 1501 4696 Haec
1523 4632 1612 4697 enim
1633 4638 1671 4696 ut
1693 4653 1713 4697 a
1733 4631 1881 4714 patribus
1901 4630 1985 4694 bene
2008 4627 2095 4694 dicta
2111 4650 2190 4694 ocn—

203 4718 210 4731 ‘
239 4720 263 4781 ’1
296 4720 377 4784 Luc.
392 4719 463 4804 24):
483 4743 517 4785 se
535 4720 715 4802 oportuisse
732 4718 809 4801 pati,
829 4737 999 4800 resurgere
1019 4715 1060 4803 [p.
1078 4716 1154 4803 304]
1209 4715 1376 4795 cedamus,
1405 4717 1491 4799 quod
1511 4718 1651 4783 inficiari
1673 4717 1872 4786 contentioso
1895 4714 2025 4779 difficile
2046 4736 2114 4780 non
2134 4736 2187 4781 es-

178 4824 199 4868 a
219 4806 367 4882 mortuis,
388 4806 569 4888 praedicari
588 4807 623 4870 in
644 4806 775 4870 nomine
797 4825 855 4869 suc
873 4803 1106 4885 poenitentiam
1123 4816 1157 4868 et
1804 4813 1810 4824 '

178 4892 404 4956 renussionem
428 4900 642 4975 peecatorum.
694 4890 735 4955 Id
760 4899 794 4955 et
821 4888 957 4972 apostoli
985 4896 1059 4971 post
1086 4891 1156 4954 eius

178 4978 449 5042 mmmmm
475 4977 718 5060 praedicam&
749 4976 927 5042 excitatum
953 4998 974 5040 a
998 4976 1086 5053 Deo,
1113 4974 1155 5040 ad
1278 4971 1308 5040 1)
1327 4973 1451 5042 Gregorii
1470 4975 1545 5043 Pap„
1565 4980 1593 5027 et
1615 4974 1707 5026 refert.
1732 4974 1777 5025 lib.
1795 4970 1819 5024 4.
1843 4977 1958 5024 sentent.
1978 4972 2040 5025 dist.
2060 4970 2101 5024 14
2120 4987 2143 5024 c.
2163 4972 2188 5025 1.

177 5062 322 5127 dandam
343 5065 575 5145 poenitentiam
596 5063 711 5129 Israeli
737 5072 770 5126 et
797 5060 1021 5126 remissionem
1042 5082 1155 5142 pecca·
1208 5039 1444 5178 dibebhiriSididt
1460 5043 1553 5165 gefqrt.
1573 5041 1792 5179 lill'lqffpfflfft·
1811 5039 2189 5178 dllt‘hldgds'tilr‘i,etl)ree⁰ibertt1

176 5156 295 5214 mmm·
340 5149 554 5249 Praedicafur
579 5150 777 5249 Pfflffnloentia
804 5150 840 5247 ΞΠ
867 5149 997 5247 ¹¹⁰mlnfl
1019 5145 1153 5225 Christi,
1207 5179 1314 5233 Decret.
1333 5179 1367 5232 de
1443 5181 1491 5233 nit.
1510 5181 1575 5233 ibd
1594 5186 1664 5248 post.
1742 5177 1944 5246 1111111011,
1969 5179 2062 5233 refert
2080 5179 2190 5233 Dccrct.

174 5256 253 5302 eum
275 5255 334 5316 per
355 5236 517 5319 evangele
538 5235 719 5301 doctrinam
741 5234 878 5334 audrqnt
899 5231 1056 5310 hommes,
1079 5254 1155 5297 suos
1207 5247 1248 5300 de.
1258 5249 1360 5317 poenit
1399 5248 1729 5316 't.1.c.rerapoenit.

1930 5332 1984 5385 10·
