4770 6030
210 356 253 417 ee
860 346 1126 414 msrrrurro
1147 347 1252 412 aaa.
1277 343 1457 412 eumer.
1484 348 1575 410 1536.
1889 328 1891 332 ‘
2181 348 2225 409 40

211 539 323 605 dictio:
356 539 550 603 Victurus
572 537 779 620 diusuper
803 535 912 625 [pte]
936 546 1100 614 terram,
1124 538 1192 619 qui
1244 536 1424 617 virginitas.
1469 535 1584 598 Vitam
1606 534 1786 617 angelicam
1807 541 1934 612 vocant,
1959 535 1993 597 in
2015 533 2076 599 hoc
2099 532 2224 616 angelis

209 632 404 708 parentes
426 645 469 687 eo
496 643 571 705 quo
600 624 749 688 debent
770 625 924 690 honore
952 624 1193 706 prosequuti
1243 621 1308 684 Dei
1329 621 1473 684 maxime
1492 620 1751 702 iniurii,·quibus
1772 631 1973 697 scortatores,
1996 619 2160 685 adulteres
2192 627 2226 684 et

210 711 381 787 fuerint,
403 709 495 773 velut
516 711 691 792 singularis
713 710 882 776 cuiusdam
903 707 1192 773 commendationis
1246 705 1368 787 aliquid
1389 705 1492 769 multo
1514 708 1605 787 peius
1627 727 1665 770 ae
1687 705 1810 770 foedius
1832 714 2030 788 comparant.
2078 707 2125 770 Et
2146 727 2225 771 sane

210 798 291 874 viee,
314 816 396 877 quae
418 795 562 860 declaret
583 816 681 877 quam
703 806 797 879 grata
819 797 862 860 sit
882 797 955 860 Deo
977 795 1076 858 huius
1098 815 1192 857 man·
1246 792 1448 875 argumentis
1464 792 1518 855 hic
1534 793 1668 855 minime
1685 812 1765 872 epus
1783 798 1840 870 est,
1856 793 1913 856 ubi
1925 793 2033 874 reipsa
2048 793 2160 876 palam
2173 813 2225 857 re-

211 881 279 945 dati
296 881 488 959 observatio,
507 889 540 945 et
557 889 719 962 torporem
733 893 881 946 nostrum
895 882 1015 946 excitet
1028 888 1061 944 et
1074 880 1193 944 exhor·
1245 878 1431 943 vincuntur.
1455 877 1616 941 Videmus
1629 874 1732 962 [p68]
1747 879 1843 954 enim,
1857 899 1956 959 quam
1966 878 2137 943 horrendis
2148 899 2225 961 poe-

210 974 299 1030 tetur
305 990 313 1043 ;
340 967 437 1031 simul
460 978 497 1030 ut
518 969 640 1049 ingrati
661 968 734 1046 filii,
757 969 812 1050 qui
835 975 983 1031 mutuam
1004 965 1193 1048 parentibus

209 1053 316 1118 vicem
345 1074 382 1116 ac
410 1054 550 1136 gratiam
578 1054 699 1118 referre
721 1054 941 1137 neglexerint,
977 1052 1193 1116 certissimam

208 1137 470 1203 maledictionem
491 1145 672 1220 expectent.

1245 964 1297 1027 nis
1315 961 1500 1027 huiusmodi
1518 963 1747 1046 arrogantiam,
1772 970 1805 1026 et
1822 962 1980 1027 donorum
1997 985 2131 1027 suorum
2148 985 2225 1029 con-

1245 1055 1406 1131 temptum
1426 1050 1548 1130 passim
1569 1049 1745 1114 ulciscatur
1761 1049 1931 1113 Dominus.
1964 1048 2127 1132 Coniuges
2147 1072 2226 1116 voro
2269 1108 2273 1116 .

1245 1156 1350 1216 neque
1378 1135 1440 1199 sibi
1471 1134 1568 1199 licere
1595 1136 1704 1198 emnia
1729 1135 1790 1216 ipsi
1813 1136 2013 1211 existiment,
2042 1135 2099 1199 sed
2130 1158 2225 1200 suam

1136 1296 1140 1304 ἱ
1244 1221 1380 1302 quisque
1396 1242 1533 1284 uxorem
1547 1221 1652 1284 sobrie
1671 1243 1708 1285 ae
1724 1220 1869 1285 modeste
1886 1221 2013 1298 habeat,
2032 1228 2065 1285 et
2080 1223 2224 1286 vicissim

527 1412 797 1485 MANDATUM
818 1414 878 1477 VI.

554 1573 653 1656 Nou
684 1574 871 1690 occides,

297 1738 371 1803 Hoc
395 1747 464 1804 est:
497 1738 758 1821 quandoquidem
786 1739 895 1803 timeri
921 1737 1032 1802 Deum
1053 1759 1073 1800 a
1100 1736 1193 1800 nobis

217 1829 313 1905 atque
341 1825 446 1889 amari
472 1832 612 1907 opertet,
643 1846 685 1888 ne
717 1846 813 1906 quem
844 1824 912 1888 ullo
944 1844 1063 1907 genere
1090 1823 1193 1886 offen-

211 1910 311 1974 sionis
332 1909 516 1987 laedamus,
539 1933 581 1975 ne
610 1911 662 1975 cui
689 1912 800 1974 iniurii
824 1911 939 1987 simus,
962 1931 1004 1973 ne
1026 1917 1124 1990 quem
1144 1907 1192 1971 la-

209 2016 392 2074 cessamus,
425 2018 466 2060 ne
500 1997 550 2060 oui
582 1997 651 2061 vim
685 1997 874 2076 afferamus;
902 1997 981 2077 quin
1008 1995 1129 2076 potius,
1165 1995 1193 2056 si

212 2081 357 2162 quiscat
382 2082 418 2144 in
444 2081 537 2146 nobis
563 2083 783 2164 timeretque
812 2102 903 2144 amor
925 2082 1003 2159 Dei,
1032 2080 1190 2156 omnibus,

212 2167 340 2244 amicis,
370 2167 523 2245 inimicis,
551 2167 810 2232 benevolentiam
837 2166 1064 2240 exhibeamus,
1094 2166 1192 2228 utris-

212 2272 275 2332 que
302 2251 431 2334 plaeere
458 2252 674 2331 studeamus,
692 2255 851 2334 utrisque,
880 2254 908 2317 si
929 2273 992 2334 quo
1022 2252 1055 2314 in
1079 2250 1192 2314 discri-

211 2338 300 2401 mine
339 2346 430 2416 sunt,
469 2339 663 2402 auxiliarem
699 2360 834 2402 manum
871 2338 1060 2413 afferamus,
1095 2337 1192 2401 utris-

210 2444 273 2588 qqqe
287 2424 431 2593 thimei&
458 2445 542 2503 esse,
566 2421 931 2506 quantum'possumus,
959 2422 1193 2489 contendamus

266 2530 286 2572 a
340 2560 346 2572 .
400 2558 407 2573 .

1245 1328 1329 1370 uxor
1350 1307 1472 1385 virum3
1500 1307 1546 1371 sie
1569 1313 1711 1389 agentes,
1734 1306 1874 1387 nequid
1896 1307 2027 1370 omnino
2053 1306 2225 1391 indignum

1246 1390 1416 1456 honestate
1438 1413 1475 1456 ae
1498 1393 1714 1474 temperantia
1734 1392 1934 1456 matrimonii
1955 1391 2225 1475 admittant‚·po-

1246 1484 1366 1542 stremo
1387 1479 1530 1560 cogitent
1553 1500 1587 1542 se
1609 1479 1644 1541 in
1664 1478 1807 1543 Domino
1828 1479 1984 1560 nupsisse.
2082 1542 2089 1547 .

1543 1785 1811 1880 manuam
1831 1785 1928 1850 vm.
2039 1774 2064 1785 ‘'

1504 1963 1603 2045 Non
1632 1964 1797 2045 furtum
1825 1934 1964 2046 facies.

1331 2146 1429 2210 Hanc
1451 2148 1645 2211 sententiam
1672 2146 1779 2211 habet.
1825 2144 2095 2229 Quandoquidem
2118 2149 2228 2216 timeri

1246 2254 1266 2295 a
1287 2231 1380 2296 nobis
1401 2232 1512 2296 Deum
1534 2240 1630 2314 atque
1653 2234 1757 2297 amari
1773 2239 1913 2314 oportet,
1935 2254 1978 2296 ne
1995 2235 2146 2315 cuiquam
2172 2237 2228 2302 vel

1244 2316 1358 2381 fraude
1379 2319 1631 2400 intercipiamus,
1654 2318 1706 2383 vel
1728 2340 1828 2382 manu
1848 2339 1885 2385 ae
1906 2319 1941 2382 vi
1958 2320 2123 2402 rapiamus
2140 2322 2228 2404 quod

1246 2425 1342 2467 suum
1364 2411 1428 2483 est;
1456 2427 1498 2467 ne
1520 2426 1616 2486 quem
1643 2406 1676 2467 in
1699 2404 1837 2487 negotiis
1859 2426 1897 2468 ac
1919 2406 2138 2471 contractibus
2163 2409 2226 2472 im-

1244 2490 1387 2571 peritum
1414 2490 1730 2566 circumscribamus,
1763 2498 1821 2553 aut
1847 2490 1920 2572 plus
1949 2490 2133 2570 vendende,
2168 2501 2227 2559 aut

1245 2576 1330 2639 iusto
1358 2575 1455 2640 vilius
1483 2576 1619 2639 emendo
1645 2577 1685 2640 ab
1713 2577 1767 2654 iis,
1790 2576 1847 2658 qui
1873 2598 1986 2644 rerum
2007 2578 2112 2658 pretia
2131 2579 2226 2662 igno-

1247 2667 1337 2738 rant,
1365 2662 1419 2725 vel
1441 2663 1556 2743 quavis
1579 2662 1642 2726 alia
1664 2669 1734 2726 arte
1756 2683 1794 2727 ae
1817 2660 1973 2744 doloque
1995 2662 2089 2727 bouis
2110 2664 2226 2732 alienis

1246 2768 1382 2810 manum
1403 2747 1593 2812 iniieiamus.
1638 2748 1773 2825 Verum,
1797 2748 1825 2812 si
1846 2749 1918 2830 quis
1941 2754 1990 2813 est
2012 2749 2047 2812 in
2069 2749 2162 2830 nobis
2183 2752 2226 2814 ti-

513 2732 783 2798 MANDATUM
803 2732 882 2797 VII.

494 2874 593 2956 a..
628 2872 911 2957 faeere
1245 2841 1445 2997 artus
1469 2834 1761 2985 runaut
1781 2855 2004 2998 aaa
2017 2841 2227 3002 ,sautu

297 3022 374 3088 Huc
396 3024 539 3104 pertinet
560 3038 611 3101 ut,
635 3025 789 3107 qumam
810 3023 918 3087 fimffl·
941 3045 961 3087 a
981 3023 1074 3087 1101,ss
1096 3031 1192 3106 atquo
1247 3004 1380 3069 consilio
1411 3013 1506 3088 atque
1534 3027 1594 3088 ope
1621 3006 1657 3069 in
1683 3005 1860 3070 retinendis
1893 3007 1961 3070 suis
1989 3006 2153 3086 iuvemus,
2189 3030 2228 3075 ac

199 3109 316 3171 ¹amari
341 3109 452 3172 Deum
472 3096 612 3191 oportet,
643 3119 730 3177 Cast„
758 3133 795 3176 ac
817 3111 1020 3174 mineum
1048 3111 1082 3173 jn
1104 3112 1192 3173 omni
1248 3098 1360 3154 nostro
1376 3092 1483 3173 potius
1507 3091 1660 3156 cedamus
1682 3114 1780 3174 quam
1803 3114 1845 3155 ex
1864 3091 1968 3155 alieno
1992 3091 2229 3175 subducamus;

210 3193 281 3258 vita
301 3203 413 3257 nostra
434 3196 544 3258 omnia
565 3182 810 3277 componamus,
837 3195 1022 3277 loquamur,
1046 3217 1191 3278 agamus,
1245 3197 1350 3258 ne(1¹¹⁰
1371 3176 1405 3239 ld
1425 3177 1660 3276 ⁵⁰¹113112159d⁸i
1681 3177 2227 3279 rsssslmstiffissuliaisslfflllfflsslurn

210 3285 245 3343 eq
265 3278 394 3360 quando
422 3281 593 3362 virginjpffi
622 3281 787 3345 §maulam
815 3288 865 3345 est
891 3279 1012 3344 donum
1034 3282 1113 3360 Dei,
1143 3283 1192 3346 Vi,
1246 3283 1359 3325 eorum
1379 3264 1625 3328 necessitatibus
1643 3284 1926 3339 commumcemus,
1950 3285 1987 3328 ae
2006 3284 2148 3346 mop1am
2167 3288 2229 3330 no-

210 3363 311 3428 ceant
339 3366 460 3448 sagra
487 3367 565 3448 qun
587 3366 648 3431 nu
673 3334 712 3452 sp.
726 3364 780 3452 a]
807 3367 1190 3452 camerimnus
1246 3354 1315 3411 aaa
1342 3349 1434 3430 apa
1461 3348 1667 3414 sublevemus
1690 3348 1767 3433 (Ie
1788 3353 1836 3413 58·
1872 3349 1967 3414 Rem·
1990 3353 2037 3412 12·
2068 3354 2086 3411 2
2107 3350 2182 3416 Gor·
2196 3356 2227 3418 8·

209 3450 339 3532 Ephe.
367 3457 380 3512 1
403 3451 476 3516 eor.
498 3456 525 3516 e.
549 3453 668 3517 naen.
691 3457 738 3517 ia.
766 3452 867 3517 reor.
881 3450 925 3534 r).
954 3452 1041 3515 nam
1058 3455 1113 3535 qur
1130 3454 1192 3535 hoe
1243 3433 1330 3515 Eeh-
1349 3440 1370 3496 4
1388 3432 1472 3518 aa).
1498 3432 1607 3521 [μεθ]

210 3535 349 3600 verbum
371 3559 438 3601 non
459 3540 605 3620 capiunt,
634 3538 815 3602 remedium
842 3537 965 3601 habent
985 3541 1092 3603 earnis
1114 3562 1192 3605 suae

212 3622 408 3703 impuritati,
431 3624 575 3688 oblatum
597 3625 940 3701 sibiaDomin031ee
962 3625 1025 3687 nisi
1047 3633 1191 3704 utantur,

213 3728 289 3771 cum
305 3708 377 3772 Deo
398 3718 548 3792 pugnant
569 3733 606 3776 ac
628 3713 697 3776 eius
715 3710 910 3775 ordinationi
927 3711 1090 3774 resistimt..
1125 3712 1192 3775 Nc-

213 3812 276 3874 que
303 3792 413 3857 dicant
440 3795 492 3880 (ut
511 3796 606 3860 multi
629 3797 724 3861 hodie
747 3794 889 3880 dieunt):¹
917 3817 952 3859 se
976 3796 1041 3859 Dei
1070 3797 1192 3862 auxilio
1291 3817 1297 3828 ·

213 3876 340 3942 adiutos
368 3883 477 3944 emnia
501 3903 603 3963 posse.
648 3885 713 3948 Dei
735 3885 823 3947 enim
850 3881 1008 3947 auxilium
1036 3903 1102 3945 non
1128 3884 1193 3948 nisi
1242 3924 1245 3929 -

212 3964 253 4027 iis
276 3963 381 4042 adest,
410 3968 465 4047 qui
487 3968 521 4030 in
543 3970 605 4033 viis
627 3970 695 4034 suis
717 3968 886 4033 ambulant
907 3966 1009 4051 (Psal.
1030 3966 1099 4052 91),
1130 3968 1192 4035 hee

213 4050 319 4114 estin
342 4054 603 4132 suavocatione,
634 4076 654 4117 a
679 4076 744 4136 qua
771 4077 805 4118 se
832 4055 886 4118 isti
914 4060 1028 4117 eontra
1049 4054 1113 4117 Dei
1134 4076 1193 4119 vo-
1331 4052 1404 4117 Hoc
1425 4051 1506 4116 vult.
1541 4050 1813 4134 Quandoquidem
1833 4051 1941 4115 timeri
1957 4050 2068 4115 Deum
2090 4072 2110 4114 a
2130 4052 2227 4119 nobis

212 4135 373 4200 luntatem
393 4136 573 4202 subducere
595 4147 762 4204 conantur.
802 4139 844 4203 In
863 4139 926 4203 hac
947 4139 1129 4220 pervicacia
1150 4162 1193 4204 ne
1245 4145 1341 4218 atque
1364 4139 1468 4202 amari
1488 4144 1623 4220 oportet,
1645 4160 1687 4202 ne
1709 4159 1806 4220 quem
1826 4137 1908 4202 falsa
1925 4137 2129 4201 accusatione
2148 4158 2227 4221 pre·

211 4222 322 4286 Deum
341 4221 567 4287 auxiliatorem
585 4234 765 4306 expectent,
785 4224 843 4289 sed
860 4224 1069 4289 meminerint
1085 4226 1193 4306 potius
1244 4244 1388 4301 mamus,
1422 4245 1463 4289 ne
1490 4224 1582 4289 cuius
1610 4224 1732 4288 famam
1758 4222 2017 4306 proscindemus,
2047 4244 2090 4287 ne
2121 4223 2227 4290 male-

213 4308 283 4371 eius
312 4306 397 4388 quod
425 4307 547 4371 dietum
574 4317 636 4374 est:
665 4312 845 4375 Dominum
865 4310 975 4373 Deum
1003 4317 1097 4373 tuum
1127 4332 1193 4375 non
1246 4309 1340 4377 dictis
1362 4318 1395 4372 et
1417 4310 1536 4374 amaris
1554 4309 1675 4374 salibus
1696 4310 1750 4376 vel
1767 4310 1922 4393 linguam,
1945 4308 1998 4373 vel
2016 4329 2112 4373 aures
2127 4330 2227 4392 prae·

212 4392 354 4457 tentabis
376 4392 488 4478 (Deut.
509 4398 537 4458 6.
570 4395 689 4460 Matth.
708 4394 753 4481 4).
795 4396 868 4460 Hoc
889 4414 967 4459 vero
988 4395 1099 4458 Deum
1121 4405 1193 4461 ten-
1244 4396 1388 4473 beamus,
1411 4414 1453 4459 ne
1475 4395 1553 4477 quid
1575 4395 1616 4460 de
1637 4395 1744 4479 aliquo
1761 4397 1929 4460 sinistrum
1947 4395 2149 4476 suspicemur
2167 4403 2228 4461 aut

213 4484 283 4541 tare
313 4479 375 4556 est,
405 4487 519 4544 eontra
540 4488 708 4560 naturam,
736 4503 818 4564 quae
840 4481 881 4546 ab
909 4501 947 4543 eo
973 4479 1066 4544 nobis
1088 4481 1193 4546 indita
1245 4482 1437 4568 sentiamus;
1470 4502 1601 4560 verum,
1635 4482 1663 4550 si
1694 4483 1767 4564 quis
1801 4489 1852 4546 est
1882 4481 1979 4544 timer
2007 4488 2104 4562 atque
2132 4501 2227 4547 amor

213 4570 270 4642 est,
293 4564 354 4627 niti
377 4586 415 4630 ae
436 4568 622 4647 praesentia
643 4569 712 4633 eius
735 4567 820 4632 dena
841 4586 1003 4650 spernere.
1245 4569 1309 4632 Dei
1338 4569 1374 4631 in
1399 4567 1507 4643 nobis,
1535 4566 1576 4633 de
1599 4568 1762 4645 omnibus,
1791 4566 1897 4650 quoad
1918 4566 2008 4644 licet,
2032 4575 2065 4629 et
2086 4566 2226 4633 candide

299 4647 396 4728 Quod
423 4651 478 4715 isti
504 4674 570 4716 non
591 4652 847 4733 madefaciunt,
870 4651 927 4718 sed
948 4653 1192 4718 matrimonium
1246 4654 1424 4718 sentiamus
1456 4660 1490 4717 et
1521 4653 1698 4719 honorifice
1725 4653 1911 4735 loquamur,
1950 4662 1988 4715 ut
2017 4653 2112 4734 aequi
2145 4673 2227 4736 erga

212 4734 326 4811 etiam,
356 4735 442 4818 quod
468 4737 560 4803 Deus
586 4739 757 4804 institrere
783 4739 1020 4823 dignatusest,
1049 4738 1135 4820 quod
1157 4742 1192 4805 in
1244 4761 1357 4804 omnes
1388 4741 1597 4822 interpretes,
1631 4759 1744 4803 eorum
1776 4738 1863 4822 dieta
1895 4744 1928 4801 ct
1956 4738 2043 4802 faeta
2074 4738 2109 4801 in
2140 4741 2227 4822 opti·

212 4819 362 4885 omnibus
384 4820 572 4888 honorabile
593 4827 829 4907 pronunciavit,
850 4824 935 4907 quod
953 4821 1106 4890 Christus
1123 4827 1192 4891 Do-
1244 4847 1342 4903 mam,
1365 4834 1524 4908 quantum
1541 4826 1657 4905 licebit,
1679 4831 1806 4907 partem
1824 4824 2019 4905 accipiamus
2037 4821 2172 4908 (Matth.
2195 4829 2224 4890 7.

211 4905 321 4969 minus
343 4917 454 4972 noster
473 4931 534 4973 sua
555 4913 740 4992 praesentia
761 4909 991 4987 sanctificavit,
1015 4910 1103 4992 quod
1124 4914 1192 4994 pri-
1244 4911 1535 4996 Rem.13a14).
1580 4912 1657 4977 Huc
1677 4931 1802 4994 quoque
1823 4908 2010 4974 extenditur
2030 4908 2227 4976 mandatum

211 5011 266 5082 mo
288 5013 347 5055 suo
368 4994 525 5059 miraculo
547 4996 758 5062 cohonestare
785 4986 937 5080 dignatus
959 5002 1009 5060 est
1038 4995 1137 5081 (Gen.
1162 5002 1190 5062 2.
1245 4997 1347 5077 istud,
1375 5020 1417 5062 ne
1446 4997 1521 5061 ullis
1549 4998 1726 5062 mendaciis
1748 4996 1961 5076 delectemur,
1989 5016 2031 5059 ne
2053 4995 2227 5062 scurrilem

212 5074 314 5140 Hebr.
337 5082 384 5141 13.
418 5079 508 5144 Ioan.
529 5081 580 5165 2),
602 5083 814 5165 pollutionem
833 5103 951 5154 vocare
968 5081 1099 5163 audent,
1119 5093 1192 5148 tan-
1246 5084 1467 5149 urbanitatem
1500 5083 1702 5160 affectemus,
1724 5103 1767 5146 ne
1793 5082 1938 5146 urbanae
1971 5087 2067 5163 atque
2101 5082 2245 5148 otiosae·

170 5216 178 5231 .
212 5169 284 5226 tum
317 5171 355 5226 ut
388 5166 645 5250 qualemcunque
680 5169 872 5234 coelibatum
910 5168 1002 5234 miris
1039 5170 1193 5235 encomiis
1244 5169 1432 5251 loquacitati
1453 5189 1512 5233 nos
1528 5168 1814 5233 'accommodemus
1841 5167 1943 5252 (Psal.
1963 5172 1991 5230 ὁ.
2025 5166 2145 5231 Matth.
2174 5172 2224 5234 12.

211 5247 336 5313 tollant.
382 5249 484 5330 Quasi
511 5274 588 5318 vero
616 5276 683 5319 nen
710 5254 799 5320 aliud
820 5254 995 5322 coelibatus
1021 5257 1081 5334 sit,
1104 5255 1192 5321 aliud
1243 5255 1329 5337 Eph.
1348 5260 1368 5317 4
1387 5264 1421 5319 et
1439 5256 1482 5339 5).

1556 3708 1826 3773 MANDATUM
1839 3707 1909 3771 IX.

1349 3876 1447 3958 Non
1477 3877 1635 3964 salsum
1664 3875 1954 3958 testimonium
1985 3841 2108 3958 dices.
2183 3884 2185 3891 ’
