4770 6030
924 353 927 358 ’
1000 374 1364 442 recenseamus.
1529 352 1536 376 ⁴
2065 379 2191 446 xxm
2266 402 2272 410 ·

344 562 412 629 Sed
441 585 502 648 age
523 566 622 630 misso
644 567 762 632 cortice
788 568 895 649 ipsum
918 566 1071 630 nucleum
1093 564 1314 647 degustemus,
1344 575 1378 631 et
1398 588 1480 649 quae
1500 569 1599 634 fuerit
1619 570 1725 651 prima
1747 569 1947 635 celeberrimi
1969 571 2075 652 operis
2096 571 2189 635 indc-
2280 594 2285 603 ²

190 674 236 738 les
263 676 396 757 propius
421 676 640 757 inspiciamus.
691 677 859 743 Dividitur
888 686 996 765 textus
1023 676 1172 741 editionis
1199 679 1353 761 principis
1386 679 1420 743 in
1448 701 1506 744 sex
1528 683 1660 762 capita„
1679 661 1816 763 quorum
1837 689 1976 764 quatuor
2001 684 2110 764 priora
2130 704 2190 764 per

190 807 224 850 se
246 785 315 850 sola
336 788 436 852 totius
457 788 525 851 fere
544 789 757 853 iustitutionis
780 790 976 853 christianae
998 795 1227 871 argumentum
1249 797 1407 866 tractant,
1430 791 1524 872 quale
1546 792 1644 874 vulgo
1664 794 1698 856 in
1722 792 1841 857 libellis
1863 793 2068 858 catecheticis
2090 815 2189 876 expo·

189 897 290 962 situm
311 898 458 963 habetur.
502 899 616 981 Neque
638 900 759 982 aliquid
781 902 888 965 obstat
908 902 1079 983 quominus
1102 900 1242 964 liutheri
1265 901 1497 965 catechismum
1519 902 1638 967 Nostro
1661 903 1899 989 hypotyposeos
1920 904 1990 969 loco
2012 904 2111 969 1111111
2134 927 2188 969 su-

99 1029 103 1038 ’
189 1029 327 1088 mamus,
351 1009 509 1092 adquam
531 1011 599 1093 ipse
622 1033 699 1075 suae
721 1012 923 1076 tractationis
945 1010 1153 1091 σχηματισμόν
1173 1011 1372 1092 disponeret,
1395 1020 1554 1094 quatenus
1582 1015 1704 1079 seilicet
1731 1017 1814 1078 ratio
1840 1016 1941 1079 ferret
1969 1016 2043 1080 libri
2066 1015 2189 1081 altioris

190 1121 344 1185 scientiae
372 1121 570 1204 theologicae
593 1121 786 1205 dignitatem
808 1124 1004 1200 affectantis,
1025 1143 1092 1186 non
1114 1143 1191 1187 vero
1220 1123 1323 1204 plebis
1351 1124 1425 1188 usui
1448 1124 1608 1190 destinati.
1653 1126 1804 1190 Primum
1826 1135 1924 1208 ceput
1945 1127 2132 1191 inscribitur
2152 1127 2190 1191 de

192 1232 286 1314 Lege,
309 1231 488 1297 secundum
508 1234 546 1296 cle
568 1233 664 1311 Fide,
687 1235 820 1298 tertium
842 1234 879 1298 de
904 1234 1061 1312 01111111,
1085 1243 1238 1316 quartum
1259 1235 1296 1299 de
1320 1234 1544 1314 Socromeutds,
1567 1244 1664 1318 atque
1684 1238 1731 1301 ita
1753 1236 1943 1319 simpliciter
1965 1237 2062 1301 simul
2084 1246 2117 1301 et
2138 1240 2188 1302 in-

193 1344 333 1426 geniose,
355 1342 491 1409 ducibus
514 1345 656 1410 textibus
677 1345 843 1428 Decalogi,
867 1344 1015 1431 Symboli
1037 1345 1202 1428 apostolici
1225 1355 1257 1410 et
1279 1344 1446 1411 Orationis
1464 1347 1653 1426 dominicae,
1672 1348 1834 1430 Baptismi
1852 1347 1990 1439 denique
2010 1356 2043 1412 et
2060 1347 2189 1413 Coenae

192 1455 354 1532 formulis,
383 1465 499 1540 typum
527 1456 663 1521 sanioris
691 1446 857 1521 doctrinae
878 1457 1043 1540 integrum
1066 1465 1099 1521 11
1126 1457 1310 1522 absolutum
1333 1440 1486 1523 describit
1510 1465 1618 1537 autor,
1646 1467 1684 1523 ut
1704 1459 1854 1541 perlectis
1876 1459 1941 1524 illis
1962 1460 2020 1525 vix
2041 1460 2188 1525 invenias

191 1588 273 1648 quae
300 1566 388 1630 ultra
415 1574 557 1649 expetas.
612 1567 749 1633 Addidit
776 1577 887 1632 tamen
915 1568 977 1632 duo
1005 1569 1181 1633 novissima
1203 1570 1325 1651 capita,
1355 1569 1493 1633 alterum
1515 1590 1604 1634 mere
1631 1569 1841 1651 polemicum,
1871 1591 1934 1651 quo
1956 1570 2188 1636 catholicorum

191 1678 333 1760 quinque
347 1685 483 1756 caetera,
505 1700 587 1760 quae
609 1679 768 1759 feruntur,
791 1692 995 1745 sacramenta
1013 1681 1094 1745 falso
1117 1680 1180 1745 dici
1201 1679 1415 1758 demonstrat;
1437 1673 1576 1744 alterum
1598 1681 1702 1763 magis
1724 1682 1959 1766 apologeticum
1981 1682 2021 1745 de
2038 1681 2187 1746 libertate

191 1789 380 1867 christiana,
403 1796 562 1871 potestate
580 1790 797 1857 ecclesiastica
814 1799 847 1855 ct
867 1791 997 1873 politica
1019 1791 1306 1870 administratione,
1329 1792 1364 1855 in
1385 1812 1448 1872 quo
1469 1791 1560 1855 illam
1583 1792 1622 1855 ab
1646 1791 1865 1857 humanarum
1887 1792 2098 1858 traditionum
2119 1815 2186 1859 ser-

190 1903 295 1967 vitute
317 1900 470 1980 vindicat,
494 1901 612 1965 harum
627 1915 782 1984 scopum,
811 1904 899 1981 iura,
922 1903 1127 1969 concordiam
1154 1903 1248 1968 sistit.
1295 1901 1392 1982 Quod
1414 1904 1442 1968 si
1463 1905 1498 1966 in
1519 1902 1605 1968 hano
1627 1911 1893 1987 argumentorum
1916 1904 2033 1969 seriem
2055 1905 2186 1987 propius

191 2014 339 2076 animum
367 2012 551 2077 adtenderis
581 2013 675 2078 facile
702 2013 940 2096 deprehendes,
971 2036 1044 2078 eam
1065 2035 1131 2078 non
1153 2013 1253 2078 talem
1276 2013 1411 2079 docendi
1434 2014 1625 2079 methodum
1651 2015 1789 2095 referre,
1821 2016 1950 2099 qualem
1972 2015 2115 2099 theologi
2136 2038 2186 2080 se-

191 2124 312 2205 quioris
335 2124 450 2189 aetatis
471 2125 537 2189 iam
558 2131 634 2189 ante
654 2126 755 2189 finem
773 2125 861 2190 illius
884 2125 1004 2191 saeculi
1028 2125 1256 2203 excoluerunt,
1279 2126 1423 2191 materiis
1446 2125 1487 2191 ad
1514 2147 1663 2191 normam
1690 2128 1875 2211 systematis
1898 2126 2085 2192 dialecticae
2107 2128 2187 2192 artis

191 2256 252 2318 ope
274 2237 421 2318 concepti
444 2236 616 2319 dispositis,
639 2237 686 2301 ita
707 2246 744 2300 ut
765 2237 970 2320 singularum
991 2238 1073 2301 ratic
1101 2244 1134 2301 et
1160 2236 1302 2320 dignitas
1323 2258 1365 2302 ex
1386 2238 1458 2320 ipsa
1486 2259 1596 2302 rerum
1620 2245 1738 2302 natura
1764 2239 1897 2304 fluxisse
1925 2236 2090 2316 videatur,
2118 2259 2187 2302 111

128 2362 132 2370 ·
191 2368 270 2412 vero
293 2347 482 2429 simpliciter
504 2348 568 2412 alia
589 2347 702 2427 aliam,
724 2349 817 2430 quasi
838 2348 969 2412 fortuito
991 2348 1105 2413 ordine
1125 2357 1158 2413 et
1180 2347 1311 2413 aliunde
1339 2349 1506 2431 imposito,
1529 2349 1677 2431 excipiat.
1723 2347 1791 2414 Sed
1811 2350 1847 2413 in
1866 2349 2097 2431 posterioribus
2119 2349 2187 2438 edi-

190 2459 348 2537 tionibus,
379 2467 536 2541 quantam
565 2467 658 2523 autor
686 2459 762 2525 huic
787 2460 850 2542 ipsi
871 2461 1040 2544 systemati
1060 2458 1242 2538 condend0,
1271 2461 1363 2526 cuius
1384 2460 1523 2525 formam
1544 2460 1598 2525 hic
1628 2459 1878 2538 desideraveris,
1907 2481 2040 2542 operam
2061 2462 2186 2543 impen-

191 2570 287 2648 derit,
310 2592 407 2653 quam
430 2571 590 2636 indefesse
612 2571 716 2636 indies
738 2573 906 2637 iustiorem
926 2571 1193 2654 liquidioremque
1215 2573 1422 2655 excogitent,
1446 2581 1479 2636 et
1501 2593 1561 2637 111
1581 2573 1668 2637 infra
1690 2573 1877 2638 summatim
1898 2572 2130 2649 indicabimus,
2154 2580 2187 2635 et

190 2704 234 2748 ex
256 2683 369 2748 tabula
397 2684 568 2768 synoptica
595 2683 647 2749 his
675 2683 912 2767 prolegomenis
934 2684 1077 2748 subiecta
1103 2704 1169 2747 non
1197 2683 1267 2748 sinc
1297 2682 1511 2749 admiratione
1540 2683 1653 2749 disces.
1704 2685 1759 2748 Ex
1780 2683 1894 2748 eadem
1916 2690 1950 2746 et
1970 2683 2031 2748 hoc
2053 2682 2184 2765 patebit,

190 2793 339 2878 singulas
361 2795 467 2877 operis
489 2801 598 2876 partes
619 2816 686 2859 111
708 2815 808 2877 aeque
840 2795 977 2861 feliciter
1004 2795 1044 2860 ab
1066 2795 1158 2859 initio
1179 2795 1255 2858 inde
1278 2802 1433 2859 tractatas
1454 2795 1568 2872 fuisse,
1592 2795 1767 2877 eodemque
1792 2794 1915 2878 ingenii
1938 2795 2101 2871 acumine,
2131 2815 2186 2857 ea-

190 2903 267 2971 dem
289 2905 474 2989 disputandi
504 2905 634 2971 solertia
660 2905 834 2990 indagatas
863 2906 1113 2988 illustratasque.
1164 2905 1326 2984 Plurima,
1356 2927 1457 2989 eaque
1479 2929 1545 2971 non
1573 2907 1666 2988 parvi
1688 2907 1859 2985 momenti,
1883 2907 1940 2971 vix
1961 2906 2065 2970 obiter
2087 2905 2185 2969 attin-

190 3025 322 3102 guntur,
345 3017 431 3100 quod
453 3019 541 3082 etin
563 3017 785 3082 Melanthonis
805 3017 883 3083 locis
905 3018 1071 3083 observari
1093 3038 1189 3082 nemo
1210 3019 1335 3100 estqui
1356 3018 1487 3095 nesciat,
1511 3018 1557 3082 ita
1575 3026 1614 3081 ut
1635 3018 1678 3081 111
1687 3027 1824 3100 utraque
1842 3017 1984 3096 ecclesia,
2007 3038 2090 3098 quae
2106 3037 2185 3098 prae

189 3130 327 3194 caeteris
348 3127 491 3194 docendo
519 3128 773 3212 stabiliendoque
800 3130 922 3211 puriori
950 3130 1118 3212 evangelio
1140 3131 1367 3207 inservierunt,
1389 3130 1683 3195 illustrissimorum
1705 3128 1952 3195 duumvirorum
1974 3129 2107 3194 chartae
2127 3149 2186 3210 per

189 3240 311 3306 similia
331 3239 520 3306 discrimina
547 3262 567 3305 a
593 3240 747 3306 modestis
766 3241 972 3309 incunabulis
995 3240 1036 3305 ad
1057 3241 1236 3325 pleniorem
1266 3242 1480 3324 decorumque
1508 3249 1700 3323 apparatum
1727 3243 1943 3323 pervenerint
1987 3240 2064 3305 Huc
2085 3241 2185 3322 perti-

188 3357 272 3417 nent
292 3351 379 3434 apud
401 3350 577 3417 Calvinum
597 3352 687 3417 locus
707 3353 763 3434 qui
784 3360 835 3417 est
856 3353 895 3418 de
916 3353 981 3417 Dei
1002 3360 1121 3417 natura
1143 3361 1176 3417 et
1196 3354 1354 3436 operibus,
1377 3344 1411 3417 et
1432 3374 1514 3435 quae
1535 3351 1576 3418 de
1596 3352 1737 3417 hominis
1754 3353 1897 3417 naturali
1918 3351 2026 3415 indole
2049 3350 2185 3415 dicenda

189 3469 300 3542 erant,
330 3470 402 3528 tum
429 3463 600 3540 trinitatis,
629 3463 870 3548 christologiae,
893 3464 1163 3548 paedobaptismi,
1193 3463 1496 3547 praedestinationis
1519 3463 1676 3529 formulae
1698 3472 1731 3528 11
1752 3463 1981 3539 fundamenta,
2011 3461 2185 3542 inquibus

154 3592 157 3595 ’
189 3572 357 3654 omnibus,
381 3574 516 3656 aliisque
539 3573 684 3639 eiusdem
705 3576 833 3658 generis
860 3575 950 3640 haud
970 3577 1096 3658 paucis,
1131 3576 1193 3640 hae
1222 3576 1403 3660 theologiae
1425 3576 1628 3643 calvinianae
1657 3576 1819 3659 primitiae
1841 3595 1879 3638 11
1902 3573 2011 3636 minus
2034 3572 2092 3636 tibi
2114 3591 2185 3635 rem

188 3687 365 3753 confecisse
392 3685 604 3765 videbuntur,
633 3708 695 3769 quo
722 3686 910 3771 diligentius
936 3694 1048 3769 postea
1073 3695 1106 3751 et
1131 3687 1280 3753 subtilius
1308 3694 1402 3752 auter
1427 3689 1496 3770 ipse
1524 3687 1597 3752 illas
1625 3687 1822 3750 retractavit.
1875 3682 1962 3749 Sunt
1989 3691 2099 3746 tamen
2122 3671 2186 3746 alia

189 3798 295 3863 multe
315 3819 352 3864 ae
381 3799 495 3881 grevia
521 3798 694 3880 inquibus
721 3797 920 3882 exponendis
946 3797 1033 3863 idem
1062 3808 1095 3864 et
1122 3799 1183 3864 sibi
1205 3808 1238 3864 11
1258 3800 1306 3863 111
1332 3799 1398 3862 iam
1420 3820 1440 3862 a
1460 3799 1565 3880 primo
1587 3798 1674 3861 iactu
1695 3796 1864 3874 satisfecit,
1895 3796 1941 3858 ita
1960 3803 1997 3858 ut
2019 3795 2185 3859 doctrinae

189 3908 347 3975 soliditati
368 3908 648 3991 lucidissimaeque
671 3910 939 3976 demonstrationi
965 3918 1077 3993 postea
1098 3910 1183 3993 quod
1205 3909 1338 3974 adderet
1364 3909 1421 3974 vix
1449 3908 1592 3973 haberet
1638 3908 1764 3971 Verum
1792 3906 1833 3971 de
1863 3906 1914 3972 his
1936 3906 2087 3971 omnibus
2108 3926 2184 3969 mox

188 4022 287 4105 plura
308 4021 426 4085 dicturi
446 4021 508 4086 hoc
528 4021 598 4086 loco
620 4021 760 4118 ulterius⁸
777 4023 877 4087 verba
897 4022 1003 4087 facere
1025 4021 1279 4104 supersedemus.

344 4132 460 4197 Liceat
488 4139 521 4196 et
552 4131 592 4195 de
619 4134 828 4199 celeberrime
853 4134 911 4199 illa
936 4134 1112 4199 Francisco
1141 4134 1227 4217 Regi
1253 4132 1410 4214 inscripta
1438 4130 1635 4213 praefatione
1662 4129 1820 4195 nonnulla
1840 4129 1895 4196 hic
1917 4129 2044 4194 addere.
2089 4127 2183 4209 Quae

190 4244 456 4310 cumulatissimis
490 4244 556 4307 iam
587 4253 833 4310 coaetaneorum
861 4245 1012 4311 laudibus
1047 4253 1163 4310 ornata
1189 4244 1347 4326 hodieque
1382 4243 1435 4307 vel
1469 4241 1555 4325 apud
1583 4243 1761 4307 severiores
1795 4243 1843 4306 rei
1870 4241 2033 4307 literariae
2062 4239 2184 4304 iudices

188 4356 410 4421 nobilissimae
438 4355 638 4438 eloquentiae
665 4355 808 4438 palmam
835 4359 940 4422 autori
966 4365 1118 4422 meretur.
1164 4348 1421 4421 ’111111111111
1449 4375 1558 4420 coram
1586 4355 1677 4438 regia
1703 4353 1872 4419 maiestate
1894 4352 2033 4418 candida
2055 4349 2183 4414 dicendi

188 4468 338 4546 libertas,
361 4467 435 4533 talis
456 4469 491 4532 in
513 4467 712 4550 deploranda
730 4468 816 4532 tristi
837 4469 1043 4552 popularium
1064 4469 1247 4535 conditione
1268 4469 1377 4551 vigor,
1401 4477 1469 4530 tam
1491 4467 1638 4530 animosa
1659 4466 1802 4546 corrupti
1824 4470 1928 4530 status
1951 4462 2102 4528 ecclesiae
2129 4461 2181 4523 in-

188 4579 341 4662 crepatio,
369 4585 438 4643 tam
458 4580 514 4661 pia
533 4579 726 4644 iniuriarum
747 4580 912 4662 patientia,
934 4588 1004 4646 tam
1025 4588 1176 4646 strenuus
1203 4581 1239 4644 11
1259 4579 1342 4644 viles
1364 4577 1613 4643 calumniatores
1633 4578 1787 4659 impetus,
1802 4584 1879 4673 ι1111
1901 4573 2038 4655 simplex
2059 4578 2092 4636 et
2112 4591 2182 4637 mo-

188 4690 282 4756 desta
303 4689 379 4755 fidei
399 4711 477 4756 vere
498 4690 695 4756 christianae
716 4689 902 4769 delineatio,
931 4699 1000 4758 tam
1022 4693 1222 4779 admirabilis
1245 4699 1278 4756 11
1305 4691 1428 4756 invicta
1448 4689 1632 4771 provocatio
1655 4687 1697 4752 ad
1718 4689 1804 4769 ipsos
1825 4693 1950 4770 patrae,
1981 4683 2182 4765 antiquitatis

188 4802 307 4868 decora
332 4811 428 4884 atque
448 4801 715 4867 'adversariorum
736 4801 883 4881 oracula,
910 4805 964 4884 qui
987 4811 1085 4868 testes
1106 4803 1330 4885 producuntur
1351 4808 1464 4867 contra
1490 4801 1583 4864 istius
1605 4798 1770 4863 deterrimi
1799 4796 1918 4863 saeculi
1938 4795 2032 4872 vitia,
2055 4793 2179 4873 deliria,

188 4914 442 4996 superstitiones.
492 4913 585 4979 Haec
613 4935 692 4979 sane
718 4934 830 4997 regem
854 4913 949 4978 illum
973 4914 1230 4979 infelicissimum
1251 4934 1318 4977 non
1339 4917 1526 4989 moverunt,
1554 4931 1651 4994 quem
1679 4909 1806 4976 dolosae
1832 4907 1962 4990 politiae
1991 4906 2182 4989 ambagibus

187 5025 353 5090 irretitum
374 5025 538 5108 foedisque
560 5024 704 5089 deditum
725 5024 914 5091 libidinibus
935 5026 1058 5090 1111111
1079 5024 1263 5090 adulatores
1285 5023 1433 5088 mendaci
1454 5021 1552 5086 laude
1570 5022 1766 5099 extulerunt,
1788 5019 1918 5084 serioris
1937 5019 2008 5083 aevi
2025 5015 2181 5081 iudicium

186 5136 373 5220 praestigiis
394 5138 461 5202 suis
482 5137 616 5201 minime
638 5136 812 5219 decepturi.
857 5137 946 5201 Vero
968 5135 1171 5202 simillimum
1192 5151 1255 5214 est,
1284 5157 1359 5200 eum
1380 5155 1422 5198 ne
1444 5132 1563 5198 vidisse
1585 5131 1715 5215 quidem
1737 5149 1880 5212 unquam
1901 5150 1962 5194 nec
1983 5127 2100 5214 legisse
2122 5148 2180 5192 au·

188 5269 283 5314 ream
305 5249 482 5330 epistolam,
505 5249 599 5332 regni
620 5248 799 5313 multorum
819 5249 970 5332 opinione
993 5247 1215 5334 gloriosissimi
1237 5247 1324 5330 apud
1345 5253 1491 5330 posteros
1511 5251 1702 5328 perpetuam
1723 5242 1967 5320 accuaamicem;
1989 5261 2071 5323 quae
2091 5246 2183 5304 tante
