4770 6030
234 376 276 437 (6
400 307 422 454 ’,
884 368 1478 437 6666666666666166.
1507 375 1596 435 uae.
2200 373 2244 434 44

232 563 347 646 pedes,
376 582 492 626 manus
514 567 547 624 ct
573 581 685 624 omnes
706 561 849 642 corporis
876 569 985 642 partes
1012 563 1047 624 in
1069 561 1211 643 aliquam
1261 559 1308 622 Et
1329 557 1406 640 quid
1433 559 1514 623 haec
1537 559 1612 637 sibi,
1635 581 1769 640 quaeso,
1792 560 1919 624 volunt:
1972 562 2002 574 ““
2030 562 2071 624 'te
2093 561 2242 633 inimicos

232 649 314 732 legis
342 647 600 712 observationem
633 655 843 728 componunt,
880 668 935 711 cor
957 648 997 712 ab
1025 647 1210 711 66661666-
1262 651 1397 722 vestros,
1420 645 1598 708 benefacite
1620 645 1659 708 iis
1681 646 1738 726 qui
1759 645 1898 710 oderunt
1916 561 2051 745 6161116.
2073 645 2126 731 76]
2152 653 2242 710 orate

233 735 355 799 dientia
382 732 617 797 alienissimum
643 732 775 796 interim
803 733 945 796 retinent
951 756 959 813 ;
993 742 1064 797 tum
1092 754 1127 796 sc
1155 732 1210 796 de-
1262 751 1321 810 666
1342 731 1609 811 persequentibus
1630 752 1698 807 666,
1721 738 1759 795 66
1780 733 1850 796 61616
1866 731 1925 795 11111
1945 739 2046 814 patris
2068 733 2170 796 vestri
2186 733 2243 814 qui

231 822 359 885 functos
385 824 518 900 putant,
552 818 581 882 si
607 817 706 900 probe
732 817 818 899 apud
851 818 999 883 homines
1027 817 1210 883 dissimula-
1262 816 1297 878 16
1319 814 1415 879 666116
1438 822 1488 880 666
1509 814 1643 900 (Matth.
1664 817 1721 901 b)‘?

232 906 348 982 verint,
370 904 457 987 quod
482 925 592 974 coram
613 905 685 968 Deo
703 905 738 967 16
757 903 853 968 corde
875 913 1001 987 gerunt.
1046 903 1208 968 Audiunt:
1349 899 1416 981 Qui
1438 909 1534 965 erunt
1555 903 1656 985 igitur
1677 902 1735 966 filii
1758 903 1903 968 eoelestis
1924 902 2049 985 patris?
2095 903 2150 966 An
2172 925 2241 966 rno-

232 1014 298 1057 666
326 990 467 1068 occides,
494 1012 560 1053 non
589 989 828 1068 moechaberis,
851 1012 917 1052 666
938 990 1110 1054 furaberis:
1141 990 1210 1072 gla-
1262 986 1383 1051 nachi?
1417 987 1509 1051 Bene
1530 1009 1608 1053 vero
1630 988 1798 1053 nobiseum
1816 997 1939 1071 agetur,
1963 989 1989 1052 si
2013 988 2072 1053 soli
2089 989 2242 1053 monachi

232 1078 324 1143 dium
341 1076 384 1142 ad
405 1075 537 1141 caedem
558 1098 625 1140 non
647 1085 797 1154 cxcrrmt,
827 1096 961 1157 corpora
983 1098 1042 1140 sua
1063 1077 1211 1139 meretri·
1262 1074 1373 1137 Deum
1394 1081 1521 1155 patrem
1543 1094 1658 1138 vocare
1681 1073 1831 1138 audeant.
1865 1074 1953 1138 Vere
1975 1075 2083 1156 itaque
2101 1096 2136 1138 se
2158 1075 2243 1140 filios

232 1165 323 1229 cibus
343 1160 383 1248 [p.
398 1160 537 1311 uhnon
550 1163 768 1238 commiscent,
780 1183 897 1225 manus
910 1161 1024 1226 6116616
1035 1163 1128 1226 66616
1145 1183 1211 1224 666
1263 1167 1397 1222 6666666
1421 1181 1492 1223 6666
1515 1160 1671 1242 produnt,
1700 1161 1754 1242 qui
1772 1181 1942 1225 commune
1965 1162 2079 1243 iugum
2100 1160 2243 1224 filiorum

231 1250 389 1314 iniiciunt.
475 1269 532 1312 aec
558 1249 668 1311 omnia
692 1247 775 1312 bene
807 1246 979 1325 haetenus;
1012 1247 1069 1312 sed
1096 1246 1211 1312 caedes
1262 1245 1328 1308 Dei
1348 1245 1396 1307 ita
1416 1244 1552 1310 licenter
1572 1245 1749 1310 excutirmt
1789 1244 1857 1310 Sed
1880 1267 1978 1328 quam
1999 1246 2122 1311 insulse
2144 1247 2243 1311 ratio-

232 1337 309 1400 totis
337 1336 454 1399 animis
476 1335 616 1415 spirant,
644 1334 773 1398 fervent
793 1333 828 1396 in
853 1332 1036 1409 libidinem,
1064 1334 1211 1397 omnium
1263 1331 1422 1394 cinantur.
1479 1328 1574 1396 Onus
1611 1340 1697 1396 esset
1733 1332 1871 1396 nimium
1904 1353 2004 1415 66666
2035 1330 2242 1397 Christianis.

233 1422 318 1487 bona
340 1420 440 1486 oculis
462 1420 592 1484 retortis
613 1419 775 1500 aspiciunt
795 1425 828 1482 et
849 1417 1025 1500 eupiditate
1043 1419 1209 1483 devorant.
1264 1413 1367 1495 Quasi
1385 1436 1462 1479 vero
1480 1418 1612 1499 gravius
1629 1416 1807 1500 quidquam
1823 1418 2000 1501 excogitari
2016 1418 2127 1500 possit,
2144 1438 2244 1500 quam

233 1507 305 1572 Iam
326 1528 411 1571 6666
440 1506 530 1570 deest
557 1505 643 1587 quod
670 1506 881 1587 praecipuum
910 1511 981 1568 erat
1005 1505 1095 1587 legis.
1147 1504 1210 1568 His
1263 1501 1398 1584 diligere
1420 1503 1529 1566 Deum
1550 1524 1591 1567 ex
1612 1509 1679 1566 toto
1701 1503 1805 1580 corde,
1829 1525 1871 1567 66
1892 1513 1961 1567 tota
1981 1504 2104 1583 anima,
2127 1525 2171 1569 ex
2191 1513 2242 1568 to·
2343 1503 2344 1506 ’

232 1594 359 1657 16661666
389 1592 546 1656 reclamat
562 1591 687 1655 Paulus
711 1590 820 1676 (Rom
841 1588 891 1673 7),
915 1590 1081 1655 affirmans
1105 1589 1211 1673 legem
1264 1588 1306 1651 tis
1327 1587 1450 1652 viribus
1457 1612 1465 1666 ;
1493 1610 1571 1670 prae
1597 1590 1661 1653 ista
1688 1589 1775 1672 lege,
1803 1589 1886 1654 nihil
1913 1611 1979 1653 non
2005 1588 2100 1654 facile
2128 1589 2243 1655 haberi

233 1677 435 1761 spiritualem
456 1698 535 1754 esse,
558 1677 620 1741 hoc
638 1682 695 1753 666,
718 1698 800 1758 quae
818 1683 920 1740 totam
939 1685 1090 1754 mentem,
1109 1683 1212 1740 totam
1264 1674 1373 1755 possit,
1393 1674 1461 1739 6166
1483 1673 1666 1757 diligendus
1687 1676 1847 1754 inimicus,
1870 1677 1938 1740 6166
1956 1677 2061 1739 omnis
2078 1675 2243 1741 vindictae

234 1766 387 1842 animam,
398 1770 501 1828 tetam
510 1762 712 1827 voluntatem
723 1763 951 1844 obsequentem
966 1763 1083 1845 exigat.
1112 1762 1212 1826 Hune
1264 1758 1424 1841 cupiditas
1441 1781 1483 1823 ex
1500 1761 1617 1825 animis
1635 1761 1833 1843 deponenda,
1868 1760 1990 1827 Omnia
2007 1769 2094 1826 certe
2110 1769 2243 1826 nostrae
2364 1758 2372 1772 “

234 1848 309 1916 eum
331 1871 401 1914 esse
423 1848 506 1932 legis
533 1870 665 1912 sensum
687 1847 832 1924 dicimus,
862 1869 928 1911 non
949 1869 1069 1913 novam
1091 1870 1132 1911 cx
1153 1870 1212 1911 no-
1263 1845 1476 1909 imbecillitati
1498 1846 1601 1912 ardua
1622 1854 1749 1911 suntet
1766 1847 1918 1926 difficilia,
1941 1847 1995 1912 vel
2012 1846 2054 1911 ad
2070 1848 2243 1911 minimum

233 1937 284 2002 616
305 1936 606 2016 interpretationem
632 1934 825 2017 ingerimus,
855 1932 911 2021 sed
933 1933 1103 1998 Christum
1130 1935 1212 2015 opti-
1264 1952 1366 2012 usque
1393 1929 1475 2014 legis
1497 1933 1629 2014 apicem.
1674 1934 1836 1998 Dominus
1858 1940 1922 2011 est,
1946 1934 1981 1998 in
2001 1954 2064 2015 quc
2086 1934 2243 1998 virtutem

233 2043 326 2086 mum
347 2021 429 2104 legis
448 2021 660 2102 interpretem
688 2021 861 2102 sequimur·
906 2018 991 2084 Cum
1014 2021 1100 2083 enim
1122 2019 1212 2084 Pha·
1264 2017 1409 2081 facimus.
1453 2019 1521 2082 Ι)66
1544 2018 1599 2082 1116
1621 2019 1706 2100 quod
1728 2019 1829 2098 iubet,
1860 2027 1893 2083 et
1913 2019 2026 2084 iubeat
2046 2019 2131 2101 quod
2151 2018 2241 2083 velit

234 2108 332 2173 risaei
347 2128 503 2188 perversa
525 2106 674 2188 opinione
697 2105 853 2188 populum
877 2105 1077 2183 imbuissent,
1104 2105 1212 2188 legem
1236 2110 1239 2187 1
1265 2100 1335 2167 Sub
1357 2102 1429 2185 lege
1450 2105 1575 2186 gratiae
1597 2126 1668 2170 6666
1691 2104 1902 2183 Christianos,
1926 2112 2064 2169 nonest
2085 2105 2243 2170 effienate

234 2195 405 2276 perficere,
439 2193 494 2274 qui
523 2200 657 2256 externo
685 2212 781 2272 opere
815 2190 897 2254 nihil
920 2191 1077 2255 adversus
1104 2191 1212 2274 legem
1265 2188 1334 2250 6166
1356 2186 1427 2270 1666
1450 2191 1574 2271 666661,
1598 2191 1655 2254 sed
1672 2189 1804 2255 Christo
1821 2192 1935 2255 insitos
1956 2212 2035 2268 esse,
2057 2191 2148 2256 cuius
2166 2212 2244 2274 gra-

232 2286 452 2362 perpetrasset
471 2276 604 2362 (Matth.
626 2275 669 2361 6),
693 2277 780 2342 hune
797 2276 1105 2358 periculosissimum
1123 2298 1212 2341 6666-
1236 2308 1239 2325 ·
1265 2274 1311 2336 616
1332 2295 1351 2337 6
1373 2273 1455 2355 legis
1476 2275 1700 2341 maledictione
1724 2277 1817 2341 liberi
1838 2283 1929 2353 sunt,
1958 2278 2104 2341 6666166
2126 2278 2243 2360 spiritu

234 2386 305 2429 rom
327 2365 448 2448 arguit,
477 2369 511 2428 66
529 2362 730 2444 impudicum
757 2362 904 2427 mulieris
931 2370 1098 2444 aspectum
1125 2384 1212 2426 scor·
1236 2330 1239 2413 l
1263 2359 1370 2441 legem
1392 2358 1535 2424 habeant
1561 2363 1752 2443 inscriptam
1776 2363 1811 2426 16
1839 2362 1997 2428 cordibus.
2047 2363 2145 2428 Hanc
2167 2384 2243 2447 gra·

233 2452 390 2515 tationem
410 2471 480 2515 esse
500 2449 702 2532 pronunciat,
725 2447 904 2513 homicidas
926 2449 1120 2530 pronunciat
1141 2450 1211 2530 qui-
1236 2424 1239 2501 l
1264 2446 1344 2508 tiam
1371 2444 1477 2528 legem
1504 2449 1679 2530 improprie
1706 2449 1835 2512 6666616
1858 2449 1997 2526 Paulus,
2025 2448 2174 2513 alludens
2200 2449 2243 2513 ad

234 2557 361 2618 cunque
380 2537 516 2599 fratrem
536 2534 677 2611 oderint;
700 2535 778 2599 facit
797 2535 886 2598 enim
907 2555 979 2597 reos
1000 2533 1133 2612 iudicio,
1156 2512 1239 2616 quil
1263 2530 1370 2612 legem
1397 2532 1463 2595 Dei
1499 2534 1551 2598 cui
1589 2555 1648 2615 por
1679 2535 1918 2598 contentionem
1950 2554 2023 2599 eam
2051 2535 2241 2617 opponebat

233 2622 286 2687 661
308 2623 390 2686 iram
413 2623 521 2685 animo
542 2621 764 2701 conceperint,
786 2642 858 2684 6666
880 2619 1021 2697 66661116,
1045 2622 1099 2701 qui
1122 2642 1211 2683 mur·
1235 2606 1238 2671 l
1262 2616 1324 2680 Isti
1345 2617 1380 2680 in
1398 2619 1528 2682 nomine
1546 2618 1627 2701 legis
1645 2619 1685 2683 de
1702 2620 1804 2684 nihilo
1825 2620 2104 2702 philosophantur.
2137 2622 2244 2684 Porro

233 2708 393 2771 murando
415 2715 472 2771 aut
499 2706 666 2770 fremendo
688 2706 830 2787 aliquam
852 2705 966 2770 offensi
989 2706 1088 2768 animi
1111 2707 1211 2788 61661-
1236 2700 1238 2757 l
1264 2703 1330 2765 iam
1352 2709 1427 2766 ante
1450 2704 1600 2781 66616616,
1624 2727 1759 2787 gravem
1781 2718 1878 2788 atque
1900 2707 2090 2771 horribilem
2111 2713 2242 2771 sentcn-

232 2794 416 2859 ficationem
434 2792 590 2868 dederint,
613 2813 684 2856 6666
707 2813 851 2875 6666666
873 2792 967 2875 16616,
990 2792 1046 2872 qui
1063 2792 1212 2856 convitiis
1265 2788 1381 2851 tiama
1402 2790 1544 2854 Domino
1566 2792 1775 2872 pronunciari
1795 2793 1830 2855 in
1852 2813 1907 2856 eos
1924 2814 2045 2869 omnes,
2065 2792 2119 2874 qui
2135 2792 2244 2875 legem

231 2887 265 2945 et
286 2879 467 2944 maledictis
489 2880 524 2941 in
546 2884 694 2959 apertam
716 2879 800 2941 iram
821 2877 1028 2959 prosilierint.
1237 2926 1238 2938 ,
1265 2895 1359 2937 suam
1382 2872 1422 2958 [p.
1440 2873 1494 2961 77]
1519 2876 1586 2940 6116
1603 2878 1638 2940 16
1657 2884 1750 2959 parte
1768 2880 1963 2961 transgressi
1986 2879 2108 2942 fuerint
2122 2899 2160 2942 ae
2177 2899 2245 2943 non

316 2966 410 3030 Haec
432 2964 487 3046 qui
509 2984 576 3028 non
597 2963 759 3039 viderunt,
783 2965 951 3027 finxerrmt
973 2963 1143 3028 Christum
1165 2962 1212 3027 al-
1236 2942 1243 3025 l
1264 2980 1323 3040 per
1345 2961 1455 3024 omnia
1470 2962 1678 3044 impleverint
1684 2986 1692 3042 ;
1714 2984 1812 3046 quam
1828 2971 1866 3027 ut
1883 2964 2085 3046 impleamus,
2108 2985 2175 3028 666
2193 2971 2245 3029 666

231 3060 339 3116 terum
365 3051 483 3115 Mosen
509 3049 591 3131 legis
620 3049 826 3132 evangehcae
858 3048 1010 3127 latorem,
1046 3070 1128 3131 quae
1156 3036 1239 3113 (16-1
1265 3046 1300 3108 in
1321 3047 1441 3111 nostris
1463 3049 1587 3112 viribus
1608 3049 1716 3113 situm.
2236 3074 2253 3110 ·.

231 3138 353 3202 fectum
374 3136 534 3199 mosaicae
555 3133 643 3198 illius
664 3135 875 3216 suppleverit:
899 3135 985 3217 quod
1002 3134 1213 3199 falsissimum
1351 3129 1476 3197 Omnes
1493 3134 1593 3217 igitur
1610 3134 1692 3218 legis
1708 3142 1965 3219 transgressores
1983 3135 2164 3215 statuimur,
2183 3154 2245 3202 nec

232 3229 291 3287 est.
327 3221 420 3286 Nihil
442 3221 530 3284 enim
551 3219 617 3283 illic
640 3219 681 3283 ad
707 3219 814 3303 legem
836 3228 982 3285 veterem
1004 3220 1131 3299 adiecit,
1155 3219 1212 3284 sed
1266 3217 1426 3299 aliquibus
1452 3227 1616 3296 nostrum,
1649 3219 1706 3284 sed
1733 3220 1825 3285 nobis
1847 3221 1997 3286 omnibus
2019 3220 2178 3286 debentur
2206 3243 2246 3288 ao

230 3308 485 3374 Pharisaeorum
499 3302 604 3391 [675]
617 3304 793 3370 mendaciis
804 3307 1017 3383 obscuratam,
1029 3316 1062 3370 66
1071 3307 1212 3370 fermen-
1265 3304 1444 3369 cervicibus
1465 3306 1585 3369 nostris
1607 3306 1787 3384 imminent,
1809 3327 1892 3389 quae
1914 3308 1949 3371 in
1967 3329 2005 3372 66
2020 3308 2246 3390 peccatoribus

230 3401 264 3459 to
282 3394 493 3476 inquinatam,
510 3398 639 3456 tantum
658 3393 796 3456 66666616
813 3400 846 3456 66
860 3394 1057 3475 repurgavit
1085 3392 1213 3456 Eadem
1265 3388 1389 3453 edictae
1411 3398 1488 3454 sunt
1508 3390 1771 3456 maledictionesx
1793 3392 1908 3475 Itaque
1930 3393 2010 3457 siin
2031 3393 2138 3475 legem
2161 3393 2245 3458 dun-

231 3479 481 3562 6611666666616
502 3478 556 3542 vel
577 3476 702 3541 malitia
717 3499 758 3541 ex
771 3478 951 3559 praeceptis
971 3477 1011 3541 de
1027 3499 1093 3541 non
1115 3499 1213 3560 appe·
1264 3480 1358 3538 tanat
1383 3475 1564 3556 intuemur,
1598 3499 1664 3540 non
1691 3477 1780 3542 aliud
1806 3500 1905 3561 quam
1933 3480 2079 3544 animum
2106 3478 2247 3561 despon-

219 3564 329 3630 «66616
350 3563 503 3641 vindicta,
527 3563 567 3627 de
590 3562 762 3646 diligendis
779 3564 928 3642 inimicia,
952 3585 1034 3645 quae
1055 3566 1213 3627 6666161-
1237 3532 1240 3635 1
1266 3559 1358 3636 (1666,
1382 3561 1549 3640 confimdi,
1578 3584 1615 3626 ac
1637 3563 1808 3645 desperare
1830 3587 2016 3647 possumus,
2046 3586 2121 3629 eum
2142 3587 2185 3629 ex
2206 3585 2247 3629 ea

231 3651 292 3715 bus
312 3650 389 3713 olim
411 3649 541 3714 Iudaeis
567 3648 688 3713 tradita
708 3649 841 3713 fuenmt
861 3658 895 3713 et
916 3658 986 3713 turn
1008 3649 1157 3713 omnibus
1178 3651 1213 3712 in
1266 3645 1459 3711 damnemur
1480 3670 1592 3712 onrnes
1614 3670 1652 3714 66
1678 3649 1911 3716 maledicamur
1939 3648 2091 3734 ((1613).
2133 3650 2174 3715 Id
2195 3657 2246 3715 est

232 3757 402 3801 commune
425 3734 621 3799 Christianis
647 3735 876 3815 tradebantur,
904 3735 1038 3801 consilia
1058 3735 1212 3813 fecerunt,
1265 3731 1351 3813 qued
1379 3733 1425 3795 ait
1451 3733 1588 3798 Paulus:
1618 3736 1800 3817 quicunque
1829 3736 1888 3801 sub
1915 3737 1988 3819 lege
2010 3743 2101 3813 sunt,
2130 3726 2245 3801 cinnes

230 3822 346 3904 quibus
362 3842 487 3903 parere,
506 3819 560 3885 vel
577 3842 643 3884 non
661 3822 942 3903 parere‚liberum
960 3821 1065 3885 esset'
1087 3821 1213 3885 Eorum
1238 3862 1240 3887 2
1265 3817 1325 3881 sub
1351 3818 1523 3884 maledieto
1550 3842 1629 3885 6666.
1680 3821 1793 3903 Neque
1814 3824 1901 3886 enim
1924 3823 2019 3886 ahter
2045 3830 2152 3905 potest
2178 3822 2244 3901 lex,

231 3915 340 3972 autern
362 3907 582 3973 necessariam
599 3906 816 3972 obedientiam
833 3907 874 3972 ad
892 3906 1069 3972 monachos
1087 3906 1212 3990 relega·
1238 3890 1241 3983 l
1265 3924 1363 3985 quam
1385 3907 1499 3968 omnes
1519 3906 1568 3969 ad'
1581 3928 1684 3970 unum
1706 3907 1853 3972 homines
1874 3929 2025 3972 accusare
2045 3915 2079 3972 et
2096 3930 2245 3992 arguere,

230 4003 324 4071 runt,
352 3993 462 4057 66661
489 3992 550 4057 666
575 4014 640 4055 666
663 3993 861 4074 simplicibus
884 3991 1080 4057 Christianis
1105 4001 1214 4057 666666
1238 3992 1240 4091 J
1265 3989 1456 4053 convincere
1491 3998 1524 4054 et
1555 3992 1647 4056 velut
1680 3993 1896 4077 deprehensos
1928 4000 2054 4072 tenere,
2088 3993 2247 4060 damnare

231 4080 396 4155 iustiores,
420 4078 505 4160 quod
530 4078 617 4142 ultro
641 4100 680 4159 yse
709 4078 879 4143 servandis
907 4078 1049 4142 consiliis
1072 4079 1213 4143 6666616-
1266 4073 1404 4156 denique
1432 4077 1467 4139 in
1494 4074 1611 4142 iu'dicio
1639 4080 1717 4142 Dei:
1747 4087 1784 4143 ut
1810 4081 1903 4144 Deus
1931 4079 2019 4144 solus
2041 4080 2245 4159 iustificetur,

231 4173 354 4249 gerent
400 4164 446 4227 Et
472 4165 632 4228 rationem
654 4165 836 4246 assignant,
860 4185 919 4228 cur
940 4186 979 4228 oa
1000 4185 1059 4244 pro
1087 4163 1213 4246 legibus
1266 4159 1360 4224 sileat
1381 4170 1491 4225 autem
1507 4165 2145 4250 61661661666666166666(116663).
2177 4166 2248 4230 Ν6-

231 4272 298 4315 666
318 4250 491 4331 recipiant,
519 4248 604 4330 quod
633 4250 694 4314 sibi
720 4270 856 4315 onerosa
883 4250 1025 4313 nimium‘
1045 4256 1078 4313 et
1099 4250 1214 4332 666616
1266 4267 1328 4326 que
1350 4269 1427 4311 vero
1449 4250 1639 4331 garriamus,
1663 4251 1748 4332 quod
1771 4273 1790 4314 a
1809 4252 1921 4316 multis
1943 4250 2040 4316 hodie
2061 4253 2175 4317 iactari
2193 4274 2247 4316 so-

231 4335 416 4412 videantur,
441 4333 636 4400 Christianis
656 4336 862 4416 praesertim,
885 4336 940 4416 qui
962 4341 1040 4398 sunt
1060 4335 1120 4398 sub
1142 4334 1214 4417 lege
1237 4338 1240 4414 l
1266 4330 1326 4411 let,
1355 4334 1411 4414 qui
1438 4343 1609 4416 postquam
1636 4337 1732 4401 fateri
1754 4339 1856 4403 coacti
1878 4346 1969 4402 sunt:
1998 4359 2067 4411 rem
2090 4339 2152 4402 sibi
2173 4359 2247 4404 esse

232 4423 367 4506 gratiae.
418 4421 512 4484 Itane
546 4420 653 4503 legem
680 4422 745 4485 Dei
772 4428 952 4497 aeternam,
982 4419 1022 4483 de
1050 4419 1213 4502 diligendo
1265 4418 1511 4499 impossibilem,
1541 4422 1717 4502 perfectam
1744 4423 1955 4505 ultimamque
1977 4425 2135 4488 iustitiam
2156 4444 2247 4489 asse-

231 4508 395 4592 prordmo,
426 4508 562 4588 refigere
591 4506 733 4571 audent?
784 4509 839 4572 An
867 4528 932 4570 non
966 4513 1075 4570 autem
1103 4509 1212 4588 proxi-
1263 4505 1320 4585 qui
1342 4525 1476 4586 operum
1497 4508 1631 4586 moritis,
1656 4530 1731 4574 cum
1751 4509 1857 4592 legem
1874 4530 2042 4591 nunquam
2058 4510 2245 4591 perficiant;

232 4614 324 4656 mum
356 4600 504 4657 nostrum
539 4594 703 4674 proposita
739 4592 894 4674 parabola
927 4589 1022 4672 (Luc.
1053 4589 1121 4673 10),
1159 4593 1212 4657 661
1264 4591 1298 4656 id
1326 4590 1457 4672 quidem
1485 4592 1642 4672 fatenbu,
1672 4595 1730 4660 sed
1757 4616 1799 4658 nc
1826 4594 2000 4659 rideantur
2024 4596 2113 4659 omni
2141 4595 2248 4679 gloria

233 4678 467 4741 alienissimum
496 4700 656 4760 quemque
684 4701 770 4757 esse,
800 4680 853 4743 cui
880 4699 979 4760 opera
1005 4682 1117 4741 nostra
1139 4681 1213 4742 usui
1264 4676 1402 4761 spoliati,
1426 4676 1487 4742 hoc
1508 4687 1567 4757 est,
1590 4701 1725 4762 prorsus
1744 4682 1816 4745 Deo
1839 4682 1981 4759 cessisse,
2003 4681 2111 4763 legem
2132 4702 2167 4746 se
2186 4703 2248 4764 pro

233 4771 334 4840 esset,
364 4762 542 4828 declaravit
563 4763 736 4829 Christus?
781 4766 836 4829 An
863 4785 929 4828 non
956 4762 1078 4844 passim
1101 4784 1212 4828 occur·-
1263 4770 1357 4846 partc
1379 4783 1510 4828 servare
1529 4765 1681 4849 allegant,
1705 4766 1767 4831 hac
1788 4787 1847 4848 pro
1869 4774 1961 4848 parte
1984 4789 2018 4832 se
2040 4768 2142 4832 iustos
2163 4788 2245 4849 esse,

232 4857 311 4914 runt
331 4847 500 4926 mandata,
522 4870 603 4931 quae
625 4851 830 4915 inimicorum
852 4848 1057 4913 dilectionem
1079 4868 1099 4911 a
1120 4851 1212 4916 nobis
1263 4848 1350 4931 quod
1370 4869 1449 4913 6666
1471 4848 1570 4928 (16666,
1593 4852 1626 4915 id
1648 4853 1752 4917 suffici
1775 4873 1812 4916 ac
1833 4851 1949 4916 redimi
1966 4852 2166 4918 contendunt
2186 4875 2249 4936 per

232 4936 367 5017 exigant
389 4933 501 5019 (Prov.
528 4940 577 4999 25.
619 4936 713 5000 Rom.
742 4935 817 5019 12)?
862 4935 909 5001 Ut
931 4955 1007 4999 curn
1034 4934 1212 5001 esurientes
1265 4934 1498 5000 satisfactiones
1526 4958 1564 5001 ac
1591 4939 1884 5021 supererogationis
1916 4960 2027 5021 opera:
2064 4939 2149 5004 hanc
2183 4941 2247 5006 sibi

232 5021 382 5085 iubemur
402 5041 544 5102 pascere,
571 5043 685 5085 eorum
706 5031 852 5086 errantes
874 5021 973 5086 boves
995 5024 1029 5084 et
1049 5021 1156 5086 asinos
1177 5024 1213 5087 16
1265 5038 1335 5086 csse
1363 5041 1472 5084 coram
1495 5022 1567 5086 Deo
1595 5025 1646 5087 sni
1678 5022 1822 5088 defectus
1848 5027 2152 5106 compensationem
2203 5026 2247 5090 In

233 5108 321 5170 riam
357 5105 511 5190 dirigere,
546 5114 604 5170 aut
638 5108 729 5170 oneri
756 5107 1002 5172 succumbentes
1043 5105 1213 5174 sublevare
1267 5107 1353 5174 hunc
1375 5103 1416 5191 [p.
1431 5104 1484 5192 78]
1503 5128 1648 5173 errorem
1665 5130 1719 5174 eos
1737 5109 1892 5174 demersit
1908 5112 1958 5175 aui
1968 5112 2114 5192 ipsorum
2124 5110 2248 5178 oblivio

231 5190 428 5276 (1166623).
453 5194 584 5257 Annon
594 5192 970 5258 estaeternumverbmn
980 5191 1128 5256 Domini:
1151 5196 1214 5258 rni-
1264 5193 1407 5256 iustitiae
1433 5191 1498 5255 Dei
1526 5202 1729 5277 contemptus
1757 5217 1795 5261 ac
1822 5198 1945 5278 peccati
1972 5199 2023 5261 sui
2048 5197 2245 5280 ignorantia

99 5354 104 5369 ι
220 5276 270 5341 ‘hi
287 5277 473 5354 vindictam,
494 5287 527 5341 et
542 5299 602 5361 ego
614 5277 792 5342 retribuam
811 5277 923 5362 (Dent.
942 5281 992 5359 32.
1016 5276 1118 5342 Hebr.
1136 5280 1212 5363 10)?
1265 5277 1433 5343 Excidunt
1455 5285 1541 5342 certe
1576 5301 1596 5344 a
1623 5281 1675 5345 sui
1702 5282 1901 5364 cognitione,
1923 5284 1978 5366 qui
2007 5282 2087 5347 alios
2116 5303 2151 5347 se
2173 5304 2246 5348 esse
2359 5359 2361 5362 Α
