4732 6030
820 1599 1466 1722 PROLEGOMENA.

1009 1965 1211 2051 CAPUT
1242 1969 1276 2050 I.

476 2169 715 2267 OPERIS
741 2169 1002 2266 EDENDI
1028 2170 1346 2268 DIGNITAS
1372 2172 1457 2267 ET
1485 2172 1805 2270 SUBSIDIA.

136 2323 304 2443 Nouum
323 2396 438 2458 corpus
460 2395 594 2456 operum
611 2373 765 2437 IOANNIS
783 2372 949 2451 GALVINI,
971 2374 1035 2438 viri
1056 2373 1248 2439 immortalis
1269 2375 1452 2452 memoriae,
1476 2374 1572 2457 idque
1595 2382 1685 2440 tauto
1707 2379 1838 2442 nomine
1858 2379 1995 2463 dignum
2014 2383 2141 2462 edituri,

138 2491 276 2554 initium
297 2489 402 2553 facere
425 2486 651 2552 constituimus
674 2485 714 2550 ab
736 2484 1000 2549 INSTITUTIONE
1022 2493 1233 2549 RELIGIONIS
1254 2493 1507 2551 CHRISTIANAE.
1540 2485 1634 2567 Quae
1652 2488 1712 2552 etsi
1734 2509 1793 2570 pro
1812 2498 1994 2573 temporum
2017 2496 2141 2561 ratione

141 2603 233 2666 inter
261 2600 382 2664 autorls
410 2598 530 2680 scripta
558 2597 701 2678 primum
728 2596 834 2661 locum
856 2618 921 2661 non
943 2597 1077 2674 obtinet,
1107 2603 1217 2661 tamen
1236 2597 1432 2678 paucissima
1454 2605 1532 2662 sunt
1554 2599 1607 2662 vel
1629 2598 1690 2664 hcc
1712 2601 1842 2664 nomine
1865 2598 1894 2665 ci
1916 2605 2139 2685 praeferenda,

141 2711 232 2795 qnod
253 2732 330 2776 vero
351 2731 410 2792 pro
431 2710 605 2791 famaque
626 2706 747 2791 gaudet
767 2708 796 2771 ei
819 2713 1043 2790 anteponatur,
1064 2707 1201 2772 nrdlum.
1236 2706 1343 2791 Saepe
1364 2707 1494 2791 quidem
1516 2709 1597 2774 alias
1619 2709 1736 2776 accidit
1756 2720 1793 2774 ut
1814 2712 1896 2777 liber
1914 2715 2030 2797 aliquis
2048 2717 2139 2781 initio

141 2844 265 2905 magno
287 2822 456 2885 hominum
477 2819 636 2902 applausu
659 2825 813 2900 exceptus
834 2827 946 2901 postea
967 2818 1120 2903 oblivioni
1142 2820 1326 2885 traderetur
1347 2842 1367 2884 a
1390 2823 1577 2887 recentioris
1599 2823 1669 2887 aevi
1694 2823 1762 2886 sive
1785 2825 1907 2888 acriore
1930 2825 2047 2890 iudicio
2070 2827 2139 2892 sive

143 2936 307 2999 incuriosa
327 2931 540 3017 negligentia3
563 2952 658 3013 saepe
679 2952 819 3012 quoque,
843 2932 955 3013 utqui
977 2931 1068 2995 initio
1090 2952 1207 3013 parum
1229 2933 1353 2997 animos
1375 2939 1522 2998 moverat
1544 2942 1576 2996 et
1597 2934 1663 2997 fere
1686 2933 1794 2998 oculos
1816 2936 1953 3018 fugerat,
1978 2938 2043 3001 iam
2064 2959 2138 3020 pro-

145 3045 280 3110 cedente
307 3054 450 3127 tempore
479 3065 520 3107 ex
548 3043 691 3107 tenebris
720 3047 900 3126 emergeret
925 3042 1164 3126 maioribusque
1191 3042 1295 3109 indies
1321 3043 1471 3110 laudibus
1500 3043 1727 3110 celebraretur.
1778 3045 1888 3111 Huius
1917 3069 1995 3111 vero
2023 3049 2138 3131 operis,
2199 3068 2207 3078 ’

142 3157 223 3221 inde
250 3178 270 3221 a
301 3157 368 3221 suis
400 3155 493 3220 cunis
521 3155 645 3238 ingenti
672 3154 887 3237 plurimorum
916 3154 1092 3237 cupiditate
1120 3155 1254 3237 arrepti,
1283 3163 1317 3219 et
1344 3157 1422 3238 ipsis
1445 3155 1640 3221 adversariis
1666 3164 1734 3222 tam
1762 3156 1868 3222 studio
1890 3179 1989 3241 quam
2016 3159 2140 3225 invidia

141 3269 276 3352 cogniti,
299 3266 412 3332 eadem
433 3266 555 3330 mansit
576 3265 688 3349 gloria,
713 3287 771 3348 per
793 3266 857 3328 tria
878 3266 943 3329 iam
966 3265 1096 3332 saccula
1117 3266 1239 3331 intacta
1260 3267 1457 3350 minimeque
1478 3269 1652 3365 imminuta
1673 3280 1730 3333 aut
1751 3269 1939 3351 pallescens,
1962 3277 2139 3351 quantum-

141 3381 194 3444 vis
217 3378 353 3444 subinde
375 3378 504 3443 scholae
527 3376 726 3460 theologicae
748 3377 783 3440 in
804 3377 976 3443 tractanda
998 3376 1144 3443 doctrina
1165 3378 1345 3443 christiana
1365 3380 1561 3461 profecerint
1581 3387 1615 3443 et
1635 3401 1737 3462 usquc
1759 3381 1937 3462 proficiant.
1973 3377 2012 3442 Si
2033 3382 2138 3446 nostri

143 3493 266 3558 saeculi
297 3513 367 3556 mos
394 3497 493 3568 esset,
523 3489 578 3572 qui
606 3488 682 3553 olim
711 3489 786 3568 fuit,
815 3490 852 3553 in
878 3489 984 3554 fronte
1006 3489 1208 3556 voluminum
1230 3490 1335 3573 elogia
1362 3491 1556 3573 scriptorum
1578 3512 1620 3555 ex
1641 3491 1741 3555 variis
1765 3492 1929 3555 autoribus
1952 3511 2136 3574 congerere,

144 3603 289 3686 amplam
311 3624 388 3668 sane
409 3601 555 3666 laudium
577 3622 716 3665 messem
737 3600 796 3665 tibi
818 3600 871 3666 hic
894 3601 1009 3666 offerre
1031 3623 1212 3683 possemus,
1241 3609 1274 3665 et
1294 3602 1420 3668 facilius
1442 3603 1544 3666 otium
1571 3610 1628 3666 aut
1649 3601 1763 3666 charta
1784 3623 1843 3666 nos
1865 3600 2018 3667 deficeret
2039 3624 2138 3684 quam

143 3715 290 3780 materia.
306 3714 329 3797 ¹)
374 3713 442 3779 Sed
463 3714 525 3795 ipsi
546 3713 653 3795 potius
675 3712 756 3777 libro
778 3711 812 3776 id
833 3712 1015 3777 tribuamus
1035 3720 1072 3777 nt
1093 3734 1162 3778 sese
1184 3713 1243 3778 tibi
1266 3712 1484 3791 commendet,
1507 3713 1599 3778 errius
1621 3713 1692 3795 ipsa
1713 3713 1794 3776 haec
1816 3733 1902 3778 nova
1924 3711 2036 3790 editio,
2064 3714 2138 3796 plu-

144 3829 303 3892 rimorum
325 3834 358 3890 et
378 3825 631 3890 clarissimorum
651 3825 797 3889 virorum
819 3824 976 3888 desiderio
998 3832 1179 3906 provocata,
1203 3831 1313 3906 aperte
1336 3825 1535 3888 demonstrat
1556 3830 1676 3904 quanto
1698 3822 1804 3888 studio
1824 3823 1877 3887 vel
1899 3824 2001 3888 multo
2022 3823 2137 3891 ditiore

146 3938 312 4004 doctrinae
334 3938 425 4019 copia
446 3938 606 4002 instructa
627 3942 716 4000 aetas
737 3935 811 4001 illas
831 3925 1012 4018 theologiae
1038 3936 1286 4018 protestantium
1313 3935 1508 3999 theoreticae
1534 3934 1694 4016 primitias
1717 3935 1939 4020 amplectatur.

300 4048 454 4132 Origines
478 4048 554 4112 libri
581 4047 667 4129 qaod
694 4048 823 4125 attinet,
850 4047 959 4111 minus
980 4048 1062 4112 bene
1084 4068 1181 4129 quam
1203 4046 1370 4129 expediret
1391 4044 1494 4110 edocti
1515 4067 1635 4110 sumus.
1680 4047 1747 4112 Ubi
1768 4048 1855 4111 enim
1876 4047 2021 4111 locorum
2044 4057 2137 4113 autor

146 4162 218 4226 eius
239 4159 460 4226 conscribendi
482 4159 651 4224 consilium
669 4160 798 4241 ceperit,
820 4158 1016 4241 consilioque
1034 4158 1237 4239 exsequendo
1255 4179 1389 4222 manum
1407 4157 1596 4236 admoverit,
1618 4158 1828 4240 probabiliter
1848 4180 2016 4241 nunquam
2035 4159 2075 4223 ad
2096 4159 2135 4222 li·

145 4272 280 4356 quidum
301 4271 503 4354 perducetur.
553 4270 709 4334 Basileae·
725 4291 802 4335 vero
825 4291 911 4334 anno
937 4274 1016 4334 1535
1041 4270 1222 4335 absolutum
1243 4270 1342 4334 fuisse
1364 4269 1581 4335 certissimum
1602 4278 1659 4334 est.
1704 4267 1772 4334 Sed
1798 4270 1884 4335 hanc
1906 4272 2134 4353 quaestionem,

145 4406 221 4450 cum
253 4384 324 4449 aliis
357 4382 550 4465 quibusdam
583 4403 683 4464 aeque
712 4381 817 4447 dubiis
846 4382 984 4460 arctiore
1016 4401 1104 4444 nexu
1136 4382 1378 4460 cohaerentem,
1408 4382 1492 4445 infra
1520 4360 1677 4465 singulari
1708 4380 1924 4463 disputatione
1953 4380 2134 4447 accuratius

144 4496 363 4560 tractabimus.

298 4604 510 4688 Scripserunt
532 4613 565 4669 et
586 4606 641 4670 alii
663 4604 773 4687 plures
795 4605 858 4670 viri
879 4605 973 4683 docti,
995 4611 1064 4669 tam
1081 4610 1210 4670 nostrae
1227 4626 1325 4688 quam
1348 4605 1522 4687 superioris
1540 4605 1655 4668 aetatis
1673 4605 1712 4668 de
1730 4603 1908 4669 clarissimo
1926 4601 1987 4666 hoe
2004 4599 2151 4666 Caluini·

143 4740 255 4803 opere,
284 4738 350 4781 non
372 4717 477 4781 solum
499 4717 641 4801 theologi
667 4718 789 4781 famam
811 4717 965 4782 asserturi
987 4738 1069 4798 quae
1089 4718 1155 4781 iam
1176 4716 1266 4780 nullo
1285 4715 1412 4781 vindice
1434 4723 1521 4799 eget,
1550 4715 1605 4780 sed
1629 4715 1727 4779 etiam
1747 4713 1917 4778 matonam
1937 4713 2038 4794 ipsius
2059 4712 2135 4778 libri

141 4830 323 4895 literariam
343 4829 506 4894 illustrare
528 4830 649 4907 conati,
671 4849 753 4911 quae
776 4836 809 4892 et
829 4835 942 4892 nostra
964 4836 1014 4893 est
1034 4829 1209 4910 provincia.
1253 4829 1308 4893 Ex
1330 4828 1446 4910 quibus
1465 4826 1638 4892 nonnullos
1659 4846 1777 4907 eosque
1798 4824 1936 4907 potiores
1957 4824 2078 4906 passim
2099 4825 2135 4888 in

299 5118 329 5188 1)
351 5120 428 5185 Quod
450 5120 479 5172 in
497 5120 587 5172 fronte
604 5120 792 5172 nonnullarum
810 5124 933 5171 veterum
956 5117 1103 5170 editionum
1127 5118 1225 5186 legitur
1249 5118 1365 5187 elogium
1383 5135 1399 5169 a
1416 5119 1455 5171 Io.
1474 5117 1593 5172 Stururio
1611 5115 1836 5185 Argentoratensi
1860 5116 2041 5185 conscriptum
2063 5115 2134 5168 infra

139 5223 192 5261 suo
214 5208 275 5260 loco
294 5206 487 5259 exhibebimus.
524 5206 601 5258 Pauli
620 5206 713 5258 Thurii
731 5205 865 5258 distichon
887 5205 979 5257 multis
996 5203 1096 5273 passim
1114 5203 1312 5271 exemplaribus
1330 5220 1514 5272 possessorum
1532 5210 1560 5256 et
1578 5204 1707 5255 lectorum
1725 5218 1805 5254 manu
1823 5202 1972 5271 praefixum
1988 5203 2133 5257 invenitur.
