4770 6030
216 327 279 388 627
787 319 1052 389 ΙΝΒΤΙΤΠἝΙΟ
1074 323 1179 395 ΒΕΙ2.
1203 321 1383 389 ΟΗΒΙΒΤ.
1410 265 1643 390 1539-1551.
2155 329 2218 390 628

1984 437 2097 507 Β209;
2115 437 2219 492 0210.

214 513 337 592 vicarii,
370 533 464 594 quum
498 512 629 590 idolum,
656 510 749 574 uhi
735 530 771 574 22
794 509 903 608 templo
930 509 995 574 Dei
1020 510 1189 590 2222222222,
1240 511 1346 592 (uidit.
1398 511 1514 576 Verum
1534 511 1758 594 qualcsmmque
1777 513 1946 595 fuerintt
1916 424 2004 590 olicis,
2027 514 2150 611 9222222
2171 514 2219 578 ni-

208 619 271 681 pro
297 597 365 663 Deo
385 597 558 663 habendum
580 603 631 661 est.
676 595 750 660 Iam
775 596 806 659 si
827 596 865 659 de
891 596 1029 660 moritus
1049 596 1105 668 dal
1125 616 1191 660 cen-
1241 596 1287 660 hil
1307 594 1417 662 haberit
1436 598 1503 663 ueri
1530 617 1567 661 22
1587 597 1752 681 thitimi
1738 619 1775 662 22
1793 599 1918 663 ecclesia
1936 599 2090 678 muneris,
2112 599 2220 680 fucum

214 703 299 761 sura,
321 685 450 766 ipsipr
450 688 620 766 osopont
542 682 702 766 pontifices
726 681 943 763 respondeant,
970 682 1047 763 quid
1068 683 1190 747 omnino
1241 682 1394 747 2222222222
1431 688 1459 748 et
1497 684 1624 747 inanem
1659 684 1782 748 222222
1818 685 1964 763 retinent,
2001 686 2065 748 imo
2096 687 2220 765 quondo

213 771 256 834 sit
281 770 316 833 in
342 790 401 868 quo
428 771 563 853 episcopi
597 768 722 868 2922322
747 759 866 848 922222.
919 767 1081 847 Primum,
1109 768 1190 849 quod
1241 769 1346 833 munia
1367 767 1477 833 habeut
1498 770 1628 850 penitus
1649 771 1819 850 22222222,
1848 790 1967 835 neeesse
1985 770 2050 851 fuit
2068 771 2135 836 iltis
2156 791 2219 836 eoe-

215 853 333 920 Romae
360 857 406 920 322
432 857 562 934 2222222,
591 855 673 937 ipsis
697 873 759 918 non
785 853 873 917 modo
899 853 1125 918 conniomtilus
1154 873 1191 917 22
1241 854 1323 932 nire,
1350 854 1431 935 quod
1458 858 1522 918 tam
1547 875 1639 937 saepe
1664 855 1771 920 scribit
1801 856 1884 939 Greq
1884 858 1980 921 orius
2025 855 2142 937 Ficus,
2172 858 2220 921 22

213 940 393 1020 2222222223,
423 943 478 1007 sed
499 906 589 1006 tacito
610 941 704 1005 22222
725 940 827 1037 quasi
839 944 918 1003 nutu
940 939 1188 1020 approbantibus,
1241 940 1317 1021 quit,
1332 939 1356 1037 ¹)
1378 940 1455 1018 dico,
1475 961 1598 1023 9222223
1618 941 1781 1006 denuntio:
1802 942 1879 1023 quia
1898 936 1996 1023 quum
2017 907 2218 1007 sacerditalis

212 1026 248 1090 id
269 1047 406 1109 prorsus
433 1029 598 1110 indiqnum
625 1031 669 1090 est
696 1024 862 1106 episcopis:
892 1045 1023 1105 quorum
1052 1025 1189 1106 ospicium
1241 1026 1383 1090 ordo't
1336 1047 1369 1089 22
1371 1031 1423 1090 223
1443 1027 1562 1104 eccidit,
1589 1027 1670 1108 soris
1688 1047 1805 1108 qnoque
1830 1028 1888 1092 diu
1908 1033 1993 1092 stare
2013 1048 2074 1091 nen
2089 1030 2219 1110 poterit,-

213 1117 257 1178 est
272 1112 374 1194 pletis
395 1114 549 1179 licentiam
571 1112 755 1197 disciptinae
775 1111 934 1175 severitate
955 1131 1094 1176 22222222
1128 1110 1190 1176 Sed
1241 1112 1318 1192 quin
1343 1112 1449 1193 potius
1473 1112 1635 1194 impleri
1622 1133 1657 1176 22
1683 1113 1750 1177 illis
1770 1114 1915 1194 oportuit,
1944 1113 2026 1212 quod
2046 1113 2084 1178 de
2104 1114 2218 1179 talibus

212 1219 264 1297 eqo
296 1204 361 1263 tom
391 1200 514 1293 2292223
546 1200 582 1262 22
614 1217 663 1262 eos
689 1216 752 1262 nou
778 1216 844 1276 ero,
871 1201 907 1259 ut
933 1196 1046 1261 alienis
1071 1196 1190 1262 delictis
1241 1198 1289 1261 ait
1310 1196 1491 1262 Malachias
1513 1198 1557 1282 (2,
1577 1196 1629 1280 8).·
1655 1218 1709 1263 oos
1734 1200 1904 1264 recessistis
1925 1200 1963 1264 de
1983 1200 2051 1278 222,
2080 1201 2218 1282 clotten»

211 1284 298 1367 ipsos
328 1306 461 1367 922222.
519 1284 606 1366 Quod
638 1287 740 1347 autem
770 1283 835 1363 ipsi
865 1302 934 1346 eum
962 1302 1023 1346 sua
1052 1282 1189 1380 22222222,
1242 1283 1313 1347 dere
1337 1283 1496 1364 2222323ο
1482 1303 1518 1347 22
1538 1284 1600 1366 2292
1620 1283 1792 1365 9222222223,·
1817 1286 1921 1367 itaque
1948 1286 2077 1349 irritum
2101 1286 2218 1367 fecistis
2332 1355 2336 1378 Ι

214 1390 284 1435 mm
306 1375 365 1435 toto
390 1372 455 1453 fere
475 1370 687 1434 cardinalium
708 1368 841 1450 22222922,
869 1388 939 1432 eum
964 1373 1022 1432 toto
1043 1369 1116 1433 cleri
1136 1368 1189 1432 sui
1235 1373 1365 1450 pactum
1392 1368 1483 1447 Leni,
1505 1369 1581 1433 dicit
1601 1369 1777 1436 Dominus:
1802 1376 1970 1453 propterea
1990 1391 2053 1435 eece
2074 1392 2126 1454 eqo
2147 1371 2218 1436 dedi

212 1477 309 1540 92292,
332 1457 374 1521 ad
395 1477 512 1521 munem
532 1456 624 1536 nequi
624 1456 717 1533 2222,
739 1453 973 1530 obscoenitatem,
994 1455 1113 1535 spureit
1114 1455 1188 1531 ium,
1241 1474 1294 1519 nos
1315 1418 1551 1536 contemptibiles
1572 1474 1609 1519 22
1627 1455 1704 1520 22223
1726 1457 1950 1538 omnipopmto.
1984 1456 2059 1520 122
2080 1457 2218 1537 relinquo

213 1542 257 1607 ad
279 1561 365 1606 omne
383 1543 531 1607 scelerum
552 1546 579 1606 et
601 1504 794 1623 staqitilrum
813 1559 911 1638 92223
932 1502 1007 1604 adeo
1028 1544 1099 1604 sunt
1114 1560 1189 1622 pro
1236 1540 1306 1623 piis
1326 1539 1468 1605 22222223
1488 1541 1682 1622 2292222222
1703 1541 1794 1640 quale
1813 1563 1995 1625 supremum
2014 1544 2056 1608 sit
2072 1563 2220 1608 2222222

213 1628 327 1708 3222222,
355 1635 390 1693 ut
409 1633 549 1693 monstra
574 1628 710 1708 referant
735 1627 837 1708 22923
858 1646 953 1706 quam
973 1625 1124 1705 22222223,
1154 1627 1189 1689 22
1240 1626 1434 1691 hierarchiae
1453 1626 1636 1709 22329222
1664 1628 1715 1691 eui
1736 1629 1840 1710 ipsmu
1860 1648 1978 1711 queque
1999 1626 2064 1693 Dei
2084 1629 2218 1706 uerbum,

213 1733 246 1779 22
267 1733 343 1780 saue
363 1715 510 1796 pr,odunt
530 1733 563 1777 32
585 1711 667 1776 nihil
691 1712 798 1776 miuus
816 1731 881 1776 2332
907 1731 1002 1792 quam
1026 1712 1189 1793 2922322923.
1241 1712 1322 1793 quod
1343 1712 1420 1776 cocto
1442 1717 1469 1776 rt
1488 1716 1588 1776 terrae
1609 1711 1784 1777 hominihus
1803 1719 1831 1779 et
1852 1736 1872 1778 2
1872 1714 1972 1798 292223
1991 1714 2219 1780 2222222222

215 1799 322 1881 Neque
342 1806 444 1865 tamen
469 1820 569 1864 222222
562 1797 705 1877 ’,2222222
727 1818 766 1861 ne
786 1816 878 1862 suam
898 1798 1122 1879 turpitudinem
1142 1797 1190 1860 22-
1240 1801 1469 1862 sacrosanctum
1497 1818 1561 1862 esse
1588 1804 1776 1880 oportuerat,
1803 1800 1952 1865 2225222222
1971 1801 2129 1882 nefoma
2117 1821 2218 1883 impu
2243 1861 2245 1870 ,

213 1887 309 1951 terius
331 1887 414 1969 deteq
415 1907 475 1951 am.
522 1884 608 1948 Nam
637 1885 697 1949 ct
686 1904 720 1947 22
741 1888 805 1946 torn
827 1883 939 1964 putido
961 1903 1048 1949 22222
1068 1884 1190 1948 2223222
1237 1883 1347 1948 2222222
1362 1885 1512 1966 92923222
1532 1904 1593 1949 nou
1614 1883 1764 1949 dubitent.
2298 1910 2308 1925 ·

208 1972 302 2053 92922,
324 1971 561 2054 etparcendum
578 1974 621 2034 esi
634 1969 760 2050 pudicis
777 1968 926 2048 auridum
947 1974 975 2032 et
991 1968 1070 2033 mihi
1085 1969 1191 2033 uideor
1331 1973 1401 2032 131.
1448 1968 1597 2049 Sequitur
1627 1990 1709 2035 nunc
1739 1962 1857 2036 tertius
1876 1971 1973 2050 heus,
2012 1971 2049 2036 de
2079 1970 2220 2036 uclesioe

214 2060 293 2121 satis
318 2077 356 2121 ac
383 2078 477 2138 super
509 2057 731 2121 demonstrasse
756 2053 838 2136 quod
864 2019 1012 2119 votitam:
1040 2055 1133 2119 etiam
1159 2055 1190 2118 32
1236 2046 1400 2137 9222232222
1421 2075 1501 2153 quoe
1514 2055 1692 2136 partimin
1713 2058 1863 2140 episeopis
1883 2056 2025 2140 sinqulis,
2042 2058 2198 2139 partiru'
2185 2077 2221 2120 22

214 2148 305 2224 caput
326 2143 526 2208 ecclesiarum
543 2139 879 2239 2222222322122222,
902 2161 962 2205 non
979 2145 1081 2205 tomen
1101 2140 1190 2204 hodie
1242 2139 1386 2218 conciliis,
1410 2141 1471 2203 et
1458 2140 1501 2204 223
1522 2141 1570 2205 oct
1585 2142 1840 2222 prouincialibus,
1863 2143 1910 2207 oet
1925 2142 2120 2226 9222222223
2138 2163 2222 2227 spee-

214 2248 279 2295 csse
299 2229 436 2312 229222,
458 2247 538 2309 quae
557 2228 592 2290 22
608 2227 750 2290 minimis
763 2190 881 2306 peduul
899 2225 1008 2310 22292223
1023 2189 1433 2291 concanonicum
1464 2225 1627 2307 spirduali
1659 2232 1779 2292 tantum
1806 2233 1953 2311 potestate
1984 2228 2105 2310 loquor,
2138 2248 2218 2310 quoe

303 2319 373 2379 135.
422 2315 578 2413 (2222222
605 2312 647 2377 ad
668 2312 859 2391 cardinales,
881 2332 957 2394 quos
977 2317 1097 2392 vocant,
1120 2313 1190 2376 atti-
1235 2313 1370 2394 propria
1398 2315 1443 2375 est
1470 2311 1716 2377 2223222122
1737 2319 1840 2379 autem
1865 2314 2002 2379 2222323222
2022 2314 2109 2379 222
2094 2335 2131 2378 22
2151 2316 2218 2380 doc·

212 2406 277 2480 net,
314 2402 415 2466 nescio
440 2401 496 2480 qui
522 2400 641 2481 factum
666 2398 723 2477 sit,
750 2403 785 2462 ut
811 2363 859 2462 ui
885 2397 1023 2463 322222
1010 2363 1190 2463 cutientem
1240 2398 1334 2476 trino,
1356 2397 1436 2461 oct
1423 2417 1459 2461 22
1480 2398 1701 2478 iurisdictione,
1722 2399 1804 2464 ocl
1790 2421 1825 2464 22
1845 2399 1962 2484 2292223
1978 2400 2125 2481 fumidis.
2165 2399 2218 2465 Dc

213 2452 448 2588 qmptitudinem
475 2485 660 2550 2222322222.
704 2483 769 2548 Η22
792 2483 903 2548 titulus
926 2483 1009 2568 Greq
1009 2485 1072 2549 orii
1093 2488 1189 2548 aetate
1241 2482 1295 2548 hoc
1321 2487 1474 2564 postremo
1501 2483 1634 2547 2222522
1667 2505 1793 2567 292223
1823 2486 1859 2549 22
1887 2487 1984 2567 capite
2004 2486 2042 2550 de
2068 2485 2218 2551 timpanis

212 2576 248 2638 in
279 2574 359 2638 solos
390 2573 544 2654 episcopos
573 2569 769 2651 2229222222
799 2590 875 2633 nam
903 2570 1019 2650 quotics
1050 2570 1190 2635 meminit
1241 2568 1468 2634 traditionibus.
1519 2569 1598 2634 Inde
1625 2569 1775 2652 2922229
1775 2576 1857 2635 etant
1883 2572 2017 2651 lectores,
2051 2573 2132 2653 quod
2157 2571 2218 2637 hue

212 2657 434 2737 cardinalium,
461 2678 523 2721 neu
543 2675 692 2720 22222222
713 2654 866 2735 22223222,
894 2656 948 2720 scd
969 2655 1046 2720 aliis
1065 2655 1189 2736 quihus-
1235 2654 1408 2737 pertinebit.
1453 2654 1554 2718 Locus
1581 2655 1618 2720 de
1648 2656 1787 2720 deumne
1807 2658 1889 2722 duos
1913 2657 2001 2722 halet
2015 2661 2138 2739 aprt:cs
2160 2677 2217 2721 au·

70 2810 74 2817 ,
211 2745 280 2811 litet
301 2765 352 2810 eos
370 2709 517 2809 aulneto.
530 2741 554 2828 ¹)
606 2740 677 2808 Ut
664 2761 701 2804 222
720 2761 845 2806 summo
865 2740 946 2805 nihil
966 2741 1056 2805 atiud
1076 2741 1119 2805 sit
1138 2761 1190 2805 sa·
1241 2742 1392 2806 22222222
1416 2740 1592 2839 2229222222
1619 2743 1837 2807 tradendorum
1858 2747 1886 2807 et
1912 2763 2017 2808 eorum
2015 2679 2219 2825 pcnplicatio-

211 2832 315 2897 cordos
341 2830 530 2907 cardinatis,
561 2848 655 2908 quom
683 2827 851 2908 episcopus.
894 2825 993 2925 Apud
1018 2827 1190 2909 superioris
1241 2847 1319 2891 22222.
1363 2826 1575 2907 Antequam
1562 2828 1730 2908 incipimus
1759 2828 1796 2893 de
1821 2829 1993 2912 32292223
1979 2850 2015 2892 22
2036 2829 2134 2910 speeie
2153 2829 2218 2893 dis-

211 2917 329 2983 saeculi
357 2917 522 2997 scriptores
547 2933 656 2977 22222
683 2912 739 2979 hoc
759 2933 821 2977 nou
848 2913 976 2995 reperio.
1028 2914 1123 2978 Video
1144 2918 1190 2977 ta-
1241 2932 1354 2990 serere,
1381 2912 1455 2992 pios
1481 2912 1603 2976 lectores
1629 2914 1771 2978 uolumus
1796 2914 1981 3005 admonitos,
2009 2919 2045 2978 ut
2064 2915 2219 2995 quidquid

211 3024 280 3068 men
305 3002 406 3084 fuisse
434 3006 506 3064 tunc
538 2998 688 3081 episcopis
715 2999 863 3078 minores,
896 3019 972 3096 qnos
998 3019 1078 3063 nuno
1103 2999 1190 3082 22292
1241 2999 1278 3064 de
1298 2961 1439 3063 eeclesiae
1453 3002 1602 3078 potestate
1621 3000 1751 3077 docetm,
1773 2989 1968 3064 meminerint
1983 3001 2026 3065 ad
2046 3021 2117 3065 eum
2125 3002 2219 3081 tinem

213 3089 401 3153 antecellunt.
447 3086 564 3150 Notum
586 3090 630 3148 est
617 3084 731 3148 tillud
752 3085 890 3167 Auqus
877 3105 940 3148 222
954 3087 983 3167 ²)
1009 3104 1189 3165 quanquam
1240 3084 1388 3166 referre
1375 3104 1410 3147 22
1432 3103 1530 3164 quern,
1552 3089 1623 3148 teste
1647 3085 1748 3150 Paulo
1767 3086 1801 3170 (2
1821 3085 1895 3151 Oor.
1918 3092 1966 3165 10,
1985 3091 2057 3150 Set
2077 3091 2126 3164 13,
2148 3086 2214 3170 10),

212 3173 380 3239 seeundum
406 3171 555 3236 honorum
581 3169 740 3248 uocabula,
762 3190 842 3251 quoe
863 3171 929 3234 iam
949 3170 1090 3235 ecclesiae
1110 3190 1190 3234 usus
1241 3170 1317 3235 data
1338 3174 1397 3234 est:
1424 3190 1531 3252 nempe
1551 3169 1595 3234 ad
1616 3171 1869 3252 2222222222,
1898 3177 2005 3236 elnon
2025 3174 2061 3236 iu
2082 3173 2217 3237 2232222

213 3259 357 3336 attinuit,
391 3258 584 3340 episcopatus
604 3220 793 3337 prestutlrio
820 3257 922 3321 22222
946 3257 1000 3335 sit,
1028 3257 1167 3321 222222
1153 3277 1190 3320 2
1241 3256 1368 3320 tionem:
1371 3253 1496 3339 ²)qua
1515 3256 1571 3336 qui
1593 3256 1726 3354 22922222
1746 3261 1884 3337 eduntur,
1906 3257 1987 3322 22222
2003 3257 2082 3339 plus
2098 3279 2132 3323 se
2152 3279 2219 3323 esse

212 3345 320 3411 multis
345 3343 436 3409 retus
463 3342 663 3426 Anqustinns
684 3341 873 3423 Hieronymo
899 3342 1001 3406 minor
1029 3347 1081 3407 est.
1125 3341 1189 3406 Η22
1241 3323 1427 3420 occidimini,
1450 3362 1545 3423 quam
1561 3343 1720 3408 ministros
1738 3342 1865 3422 Christi,
1887 3343 2042 3424 sumulque
2058 3344 2220 3409 ministros

213 3437 288 3498 certe
315 3449 461 3496 22222222
487 3429 627 3494 ecclesiae
656 3426 869 3509 presbyterum
895 3425 935 3492 al>
960 3428 1036 3492 aliis
1060 3428 1189 3492 minime
1235 3426 1392 3509 popul·
1378 3447 1414 3490 22
1445 3424 1575 3491 Christo.
1621 3427 1720 3493 Porro
1747 3429 1957 3511 aedificandae
1985 3430 2126 3495 ecclesiae
2152 3450 2220 3494 una

212 3518 376 3594 2223222222,-
349 3516 453 3580 ised
472 3535 574 3580 omnes
594 3534 633 3579 22
651 3533 747 3595 aequo
765 3514 922 3611 postponit
943 3515 1102 3596 episcopis.
1134 3513 1189 3578 Id-
1240 3512 1313 3578 haee
1334 3513 1416 3577 ratio
1437 3516 1498 3576 esc:
1522 3514 1553 3576 32
1581 3514 1759 3578 ministri
1746 3535 1812 3597 2932
1838 3513 2076 3580 3222022232
2101 3516 2220 3581 autom

212 3623 270 3686 que
297 3624 426 3683 eousque
450 3602 514 3683 fuit
539 3601 745 3677 observatum,
772 3604 807 3662 ut
832 3598 869 3662 in
892 3600 1017 3664 22222222
1038 3599 1189 3683 22222292
1240 3602 1332 3662 tatem
1358 3618 1536 3664 conseruare
1562 3599 1697 3679 student,
1726 3620 1806 3682 quae
1836 3601 1927 3666 salua
1954 3601 2045 3666 aliter
2071 3621 2219 3666 essenon

197 3690 315 3785 22232,
341 3709 437 3769 quum
457 3688 518 3752 duo
540 3687 678 3751 adessem
699 3685 791 3767 229222
818 3704 965 3749 2222222
985 3686 1082 3765 sedis,
1104 3705 1189 3750 unus
1234 3689 1334 3766 potest
1354 3704 1449 3764 quam
1469 3703 1500 3747 32
1493 3684 1551 3749 id
1567 3687 1596 3749 ei
1616 3650 1821 3770 2222292222,
1842 3686 1924 3769 quod
1941 3708 1962 3751 a
1975 3691 2069 3768 patre
2085 3686 2218 3767 aceepit:

214 3775 389 3856 epismpus‚
418 3774 569 3837 secundus
590 3771 765 3870 92232922,
792 3769 884 3835 hie'
870 3791 905 3834 m
925 3772 1069 3836 22222222
1090 3771 1189 3836 22222
1239 3791 1347 3853 nempe
1373 3774 1407 3834 ut
1434 3770 1477 3835 sit
1503 3770 1617 3836 22222223
1638 3771 1780 3838 ecelesiae
1799 3773 1947 3856 22292322
1974 3771 2150 3858 (10214
2173 3771 2216 3853 l).

214 3859 343 3924 reiectus
361 3859 465 3939 suerit.
517 3859 631 3922 Verum
651 3879 690 3922 ne
709 3858 808 3921 nimis
827 3861 928 3922 veteru
946 3876 1187 3956 persequemur:
1242 3791 1347 3922 Nmpe
1336 3857 1419 3921 euim
1440 3856 1478 3920 de
1498 3854 1562 3920 2222
1583 3858 1739 3938 quopiam
1761 3859 1815 3923 sed
1835 3859 1906 3925 de
1893 3877 1961 3940 ipso
1982 3856 2045 3922 solo
2065 3859 2218 3940 scriptum

205 3949 313 4011 2223222
333 3935 507 4007 concilium
515 3944 571 4008 snt
595 3942 744 4026 Greqorio
765 3941 904 4008 habitum
926 3942 1109 4023 1222222
1129 3964 1189 4024 quo
1240 3947 1300 4008 est:
1329 3944 1435 4023 ipsum
1460 3942 1566 4007 2222222
1592 3942 1726 4028 (Mauh
1749 3947 1837 4023 11,5
1819 3943 1863 4027 5).
1911 3942 1971 4008 Ε32
2001 3944 2101 4027 292222
2131 3944 2219 4009 22222-

209 4028 382 4113 presbyteri
412 4029 519 4092 ultimo
540 4030 602 4094 loeo
628 4029 743 4107 sedent,
772 4033 959 4093 etseorsum
979 4029 1189 4108 miseritum,-
1241 4028 1370 4094 32232222
1385 4031 1522 4108 92223223
1542 4048 1604 4093 non
1624 4029 1759 4112 2222922
1780 4029 1904 4111 quidem
1925 4030 2075 4109 22222222,
2098 4031 2153 4095 sed
2173 4035 2220 4095 ta·

215 4115 339 4181 diaconi
366 4114 465 4178 locum
489 4115 648 4178 nultum
635 4136 669 4178 in
699 4114 919 4213 subscriptione
945 4114 1062 4180 2225222.
1072 4115 1101 4199 ⁸)
1145 4079 1190 4178 El
1240 4134 1309 4178 men
1335 4112 1520 4178 includenda
1547 4115 1638 4179 certis
1662 4115 1795 4197 finitus·
1822 4136 1860 4180 nc
1881 4135 1942 4198 pro
1969 4114 2129 4180 hominum
2150 4115 2219 4181 tili·

215 4222 291 4267 sane
316 4198 398 4264 nihil
424 4201 519 4281 oflicii
545 4205 616 4264 tunc
642 4200 801 4278 habehant,
830 4201 896 4264 2232
922 4201 991 4264 ut
977 4222 1013 4264 m
1034 4200 1189 4265 2222222222
1241 4200 1313 4264 duee
1336 4199 1396 4263 huc
1423 4202 1512 4280 atque
1534 4199 1610 4264 illuc
1630 4201 1780 4265 tratiatur.
1820 4201 1876 4266 Ad
1897 4201 1931 4267 id
1951 4201 2130 4282 9222222222
2144 4221 2219 4284 pro-

215 4292 243 4354 22
264 4290 524 4352 sacramentorum
543 4286 812 4350 administratione
833 4288 971 4368 episcopo
992 4285 1132 4350 adessent
1153 4305 1190 4350 22
1241 4285 1321 4351 derit
1341 4285 1508 4364 obseruare,
1530 4287 1664 4366 qualiter
1684 4309 1705 4352 a
1721 4285 1883 4368 prophetis
1899 4292 1927 4352 et
1943 4287 2090 4370 apostolis
2106 4287 2219 4352 222222-

215 4373 394 4438 subessent.
432 4371 525 4436 Nune
550 4371 625 4436 adeo
651 4376 770 4436 mutata
791 4391 859 4436 sors
885 4377 943 4458 est,
971 4378 1006 4435 ut
1030 4371 1107 4453 facti
1126 4371 1190 4434 sint
1241 4370 1340 4435 22222
1371 4370 1502 4434 Nam
1471 4391 1502 4436 32
1520 4372 1701 4471 sinpliciter
1716 4372 2105 4452 hominihusoonccdimm,
2123 4392 2219 4471 quam

214 4480 322 4544 229222
347 4463 376 4523 u
404 4454 574 4524 02232222
600 4457 842 4555 2922221222
869 4459 997 4523 dutimu
1022 4461 1080 4536 est,
1113 4457 1190 4537 quin
1240 4477 1359 4522 sunum
1389 4457 1472 4539 ipsis
1507 4459 1611 4524 22322
1640 4458 1738 4540 fuerit
1771 4464 1963 4540 9222322222,
2005 4423 2147 4524 oumilus
2183 4459 2219 4522 in

81 4599 83 4602 ⁴
214 4566 281 4611 uno
313 4565 383 4610 2222
414 4564 471 4608 322
498 4543 596 4642 capite
624 4543 740 4607 sensim
767 4543 926 4622 creverint,
954 4543 1046 4607 donec
1067 4541 1109 4606 ad
1135 4541 1190 4607 hoc
1235 4547 1384 4625 prouiptu
1406 4548 1457 4621 232,
1479 4564 1575 4626 quam
1595 4545 1637 4610 sit
1657 4545 1842 4627 procliois'
1829 4566 1864 4609 m
1884 4543 2079 4628 tyrannidem
2099 4544 2218 4626 lapsus,

119 4622 121 4626 ⁴
215 4632 379 4715 diqnitatis
397 4630 563 4714 (23229222
582 4630 671 4694 coedi
690 4628 825 4709 fuerunt.
1242 4648 1321 4710 quae
1336 4629 1448 4712 prount
1469 4651 1490 4694 2
1513 4628 1631 4695 Christi
1652 4631 1777 4728 22222322
1797 4630 1900 4696 abesse
1921 4630 2011 4696 dehet

304 4721 374 4781 1.36
428 4715 555 4794 Verum,
594 4714 648 4779 hoc
674 4733 792 4796 quoque
824 4714 939 4794 paucis
966 4712 1066 4777 222223
1097 4714 1190 4795 quasi
1332 4718 1402 4780 138.
1449 4714 1585 4784 Proinde
1605 4716 1656 4781 hie
1681 4715 1857 4782 neminisse
1878 4721 1999 4817 oportet,
2008 4716 2038 4800 ⁸)
2065 4713 2219 4797 quidquid

215 4789 309 4867 otini
325 4804 471 4886 2222229222
481 4801 610 4885 92222222,
632 4821 692 4882 quo
711 4798 822 4864 melius
838 4799 1040 4882 2222229222
1058 4799 1478 4879 1222223,22222’222·322
1498 4803 1660 4886 diqnitatis
1680 4802 1846 4885 392223
1832 4823 1869 4867 22
1889 4803 2061 4900 scripturo,
2083 4799 2219 4866 siresa

214 4890 315 4954 3221222
342 4909 518 4967 22222222,
545 4887 650 4986 quatis
675 4885 765 4952 hodie
788 4889 847 4965 cst,
869 4884 1047 4967 plurimun
1066 4886 1192 4968 differre
1242 4887 1424 4967 cerdotihus,
1452 4889 1518 4954 3222
1538 4887 1714 4971 prophetis,
1744 4889 1810 4953 sioe
1830 4889 1992 4972 apostolis,
2015 4888 2082 4952 3222
2101 4890 2220 4969 aposto

216 4974 255 5039 22
282 4974 475 5053 2222222222,
503 4935 1192 5055 euiuspraetcutuholccsetueturacde-
1244 5028 1447 5036 „w—

286 5177 316 5244 1)
339 5176 622 5246 119121522ἵῖ2
647 5175 687 5230 79
728 5177 787 5230 Lib
806 5176 830 5230 2.
854 5195 897 5247 epi
888 5179 933 5230 i.st
952 5176 1030 5231 2125
1054 5177 1191 5231 simultis
1244 5109 1515 5246 Semslilslliullrclmep
1500 5109 1613 5234 2228922222.
1629 5109 1718 5232 123ἓό
1726 5109 1912 5247 GellibX5115p
1908 5108 2039 5260 5t3gln
2056 5109 2129 5246 nug)
2142 5107 2220 5234 Hali

216 5195 472 5314 2111222111922
492 5245 525 5298 19
539 5244 600 5314 (82)
617 5246 654 5299 sd
670 5195 958 5316 Η1212219112222ΡΒ)
976 5248 1035 5301 Lib
1053 5243 1079 5300 l
1098 5247 1190 5316 regim
1243 5263 1347 5317 quoque
1364 5250 1395 5302 iu
1412 5250 1452 5302 ed.
1471 5265 1497 5301 a.
1517 5246 1586 5301 1539
1604 5248 1620 5301 l
1638 5248 1655 5301 l.
1672 5245 1720 5302 sed
1735 5247 1830 5316 paullo
1847 5247 1928 5302 aliter
1945 5248 2049 5316 2222922
2065 5247 2193 5317 smmis.
