4732 6030
159 320 221 384 193
748 313 848 379 OAP.
871 313 913 377 V.
956 312 1021 377 DE
1043 309 1212 380 FALSIS
1234 311 1573 381 Sacssncfflnris.
2106 319 2165 379 194

157 528 217 590 pro
247 513 454 572 sacramento
485 503 613 582 datum,
644 525 740 568 nemo
772 502 814 567 ad
848 502 1002 586 Gregorii
1034 521 1136 583 usque
1189 510 1286 585 atquc
1318 503 1544 585 semetipsum,
1577 503 1643 567 imo
1670 503 1829 587 quomodo
1855 525 1891 569 se
1922 524 2027 570 unum
2054 504 2169 571 fecerit

157 604 306 675 tempora
327 590 463 657 viderat.
502 591 550 656 Et
570 591 622 655 oui
645 610 789 672 unquam
811 588 918 653 sobrio
938 589 973 652 in
992 594 1138 653 mentem
1189 610 1265 654 cum
1285 608 1405 671 sponsa
1427 610 1495 665 sua,
1519 588 1664 667 ecclesia,
1691 590 1792 655 refert
1813 590 1856 655 ad
1876 611 1967 669 eum,
1988 612 2072 673 quae
2093 591 2168 656 Mo·

157 677 322 744 venisset?
367 675 540 742 Ordinatio
568 677 633 741 Dei
665 675 751 739 bona
777 682 828 739 est
860 682 893 738 et
920 681 1042 739 sancta
1092 672 1139 736 Et
1189 696 1241 740 ses
1261 682 1377 739 narrat
1397 673 1507 739 Adam
1528 673 1569 739 de
1590 696 1625 739 se
1647 674 1777 741 dixisse
1811 675 1898 742 (lum
1918 677 2008 741 enim
2027 676 2169 742 adducta

157 763 375 849 agricultura,
398 763 633 838 architectura,
657 761 792 838 sutrina,
815 760 985 837 tonstrina,
1008 758 1138 824 ordina-
1190 767 1276 826 esset
1291 761 1328 823 in
1344 760 1414 825 eius
1435 767 1645 843 conspectum
1660 761 1744 839 Eva,
1765 783 1864 845 quam
1882 784 1900 827 θ
1918 782 1978 827 sua
1994 771 2084 828 coste
2101 763 2168 827 for·

156 852 263 916 dones
290 857 369 914 sunt
393 849 459 914 Dei
484 849 662 932 legitimam
695 868 755 911 nec
789 855 900 911 tamen
933 851 1139 911 sacramenta
1188 854 1312 911 matam
1336 842 1379 932 [p.
1394 844 1470 932 397]
1493 847 1627 911 sciebat:
1651 846 1742 926 haec,
1764 849 1879 931 inquit,
1902 856 1953 913 est
1968 869 2005 914 os
2023 870 2066 914 ex
2086 848 2168 914 ossi·

157 944 243 1002 sunt
285 935 327 1000 Id
347 935 436 1000 enim
452 956 518 1000 non
540 942 670 998 tantum
690 933 725 996 iii
746 938 950 997 sacramento
971 931 1139 1013 quaeritur
1188 932 1251 997 bus
1272 932 1354 996 meis
1371 940 1406 995 et
1426 953 1502 996 caro
1524 931 1564 997 de
1586 954 1684 998 earne
1706 955 1779 998 mea
1801 933 1902 1019 (Gen.
1916 933 1960 1019 2).
1997 935 2117 999 Totum
2133 933 2170 999 id

158 1030 196 1088 nt
213 1022 281 1087 Dei
305 1022 349 1086 sit
375 1041 470 1104 opus,
499 1019 558 1085 sed
583 1028 621 1084 ut
648 1019 692 1084 sit
718 1018 921 1083 caeremonia
949 1017 1092 1081 exterior
1118 1036 1139 1079 a
1190 1017 1402 1100 spiritualiter
1421 1017 1593 1101 impletum
1615 1018 1651 1082 in
1672 1018 1804 1085 Christo
1826 1027 1860 1084 et
1879 1021 1916 1085 in
1937 1021 2044 1098 nobis,
2068 1027 2169 1086 testa·

159 1109 231 1174 Deo
248 1107 364 1191 posita,
388 1106 430 1171 ad
451 1103 710 1172 confirmandam
727 1103 981 1186 promissionem.
1006 1099 1047 1188 [p.
1059 1098 1136 1186 993]
1190 1111 1246 1168 tur
1266 1103 1400 1180 Paulus,
1423 1124 1500 1167 cum
1520 1105 1669 1169 membra
1685 1126 1744 1170 nos
1764 1127 1836 1170 esse
1858 1107 1905 1171 ait
1923 1108 2067 1189 corporis
2088 1107 2167 1185 eius,

158 1193 251 1259 Nihil
277 1191 343 1258 tale
365 1213 436 1257 esse
464 1193 499 1256 in
520 1191 728 1256 matrimonio
753 1189 846 1272 pueri
868 1208 994 1272 quoque
1016 1187 1138 1252 iudica-
1191 1188 1231 1253 de
1248 1210 1348 1254 earne
1369 1189 1438 1254 eius
1460 1198 1494 1252 et
1511 1188 1551 1253 do
1568 1190 1694 1256 ossibus
1712 1192 1790 1268 cius,
1814 1192 1958 1276 adeoque
1975 1214 2078 1258 unam
2095 1213 2170 1258 cum

158 1282 249 1346 bunt,
1190 1276 1261 1357 ipso
1271 1295 1414 1340 carnem
1432 1273 1581 1339 Tandem
1592 1276 1808 1359 epiphonema
1819 1278 1996 1344 subnectit:
2009 1299 2170 1362 magnum

246 1363 313 1431 Sed
340 1364 472 1448 signum
499 1371 562 1442 est,
590 1362 757 1445 inquiunt,
780 1381 891 1426 sacrae
909 1360 972 1437 rei,
995 1359 1057 1425 hoc
1079 1365 1138 1435 est,
1191 1361 1252 1426 hoc
1273 1362 1475 1445 mysterium.
1510 1361 1557 1425 Et
1578 1363 1711 1444 nequis
1731 1363 1972 1449 amphibologia
1991 1365 2170 1443 falleretur,

163 1451 337 1535 spiritualis
370 1450 605 1515 coniunctionis
637 1447 761 1512 Christi
793 1467 868 1512 eum
900 1444 1044 1511 ecclesia
1100 1441 1139 1509 si
1191 1447 1346 1528 exprimit
1372 1467 1407 1510 se
1440 1467 1507 1510 non
1540 1447 1580 1512 de
1609 1449 1732 1513 carnali
1759 1450 1823 1513 viri
1857 1458 1890 1514 et
1916 1450 2063 1516 mulieris
2093 1470 2170 1515 con·

165 1537 265 1603 verbo
284 1537 385 1620 signi,
413 1535 599 1620 symbolum
625 1532 827 1616 intelligunt,
856 1553 876 1595 a
896 1532 969 1596 Deo
990 1531 1083 1595 nobis
1104 1531 1139 1594 iii
1191 1533 1356 1597 iunctione
1377 1532 1474 1614 loqui,
1497 1532 1556 1597 sed
1577 1532 1617 1598 de
1639 1534 1801 1616 spiritua-li
1813 1535 1938 1601 Christi
1959 1545 1993 1601 et
2015 1537 2170 1604 ecclesiae

166 1623 227 1689 hoc
245 1623 455 1706 propositum,
477 1629 515 1685 ut
530 1619 608 1685 fidei
627 1625 757 1685 nostrae
775 1616 1004 1683 certitudinem
1025 1616 1138 1700 erigat,
1192 1618 1351 1701 coniugio.
2054 1670 2059 1677 .

163 1708 259 1794 longe
280 1729 301 1773 a
321 1729 418 1790 scopo
441 1707 610 1784 aberrant;
639 1705 666 1770 si
691 1705 823 1788 signum
845 1703 1036 1785 simpliciter
1056 1702 1140 1767 acci·
1277 1704 1324 1766 Et
1355 1725 1433 1769 sane
1459 1726 1536 1769 vere
1568 1727 1728 1790 magnum
1760 1709 1956 1791 mysterium
1987 1717 2051 1785 est,
2084 1707 2172 1790 quod

162 1795 265 1878 piant,
288 1793 375 1877 quod
392 1795 426 1857 in
444 1790 690 1858 similitudinem
707 1789 884 1855 adductum
902 1788 953 1866 sit,
971 1787 1142 1853 ostendam
1192 1790 1254 1855 sibi
1276 1788 1429 1855 Ohristus
1458 1799 1581 1856 costam
1602 1791 1737 1858 ,detrahi
1759 1814 1875 1874 passus
1896 1804 1961 1871 est,
1989 1794 2078 1859 unde
2105 1794 2171 1859 for·

162 1879 661 2032 ttttftttttffittt
687 1875 907 2026 ιῖἶιῗέῗῖῖῗ
933 1871 1140 2026 bittit
1193 1876 1459 2026 ttfflttitd
1476 1878 1997 2030 etthitttthllflt
2016 1902 2090 2030 lt
2105 1901 2173 2030 lt

163 2053 322 2119 surrectio
338 2058 549 2116 mortuorum
576 2049 631 2114 En
646 2069 749 2112 unum
767 2052 1015 2113 sacramentum
1044 2043 1142 2111 Obri-
1194 2046 1289 2110 modo
1312 2048 1461 2112 vivamus
1483 2048 1560 2130 ipsi,
1586 2048 1643 2114 sed
1666 2049 1721 2114 ille
1743 2051 1835 2116 vivat
1856 2053 1892 2116 iii
1914 2052 2016 2117 nobis.
2061 2051 2172 2134 Ιιιιρο-

164 2146 234 2205 stm
255 2139 318 2203 ait:
341 2137 447 2203 simile
468 2143 519 2200 est
539 2156 678 2218 regnum
699 2133 863 2199 coelorum
885 2153 988 2215 grano
1009 2131 1141 2213 sinapis.
1195 2134 1261 2197 suit
1283 2132 1348 2197 illis
1370 2135 1565 2198 sacramenti
1588 2155 1717 2199 nomen.
1747 2135 1875 2201 Verum
1896 2160 2080 2220 aequumne
2102 2145 2175 2202 erat

163 2225 217 2290 lla
236 2223 387 2290 alterum
431 2223 593 2286 Rursum:
622 2219 727 2286 simile
748 2226 799 2284 est
818 2239 959 2302 regnum
979 2216 1142 2283 coelorum
1194 2227 1232 2282 ut
1259 2240 1372 2284 eorum
1403 2218 1551 2284 inscitiae
1644 2243 1705 2286 nas
1731 2229 1801 2286 tota
1827 2223 1963 2290 ccclesia
1994 2222 2173 2306 penderet?

164 2311 333 2376 lermontc.
369 2309 456 2374 Doce
477 2308 618 2372 tertium.
660 2305 782 2370 Iesaias
803 2304 861 2368 ait:
885 2324 959 2368 ecce
980 2303 1142 2368 Dominus
1195 2305 1233 2369 Μ
1256 2305 1392 2369 sterium
1423 2304 1552 2370 dixerat
1615 2305 1710 2371 aulus
1717 2331 1725 2385 ;
1758 2330 1856 2390 quam
1888 2310 2063 2374 dationem
2098 2330 2175 2375 oiim

166 2416 299 2480 gregem
320 2416 417 2459 suum
437 2402 562 2476 pascet,
593 2392 685 2474 quasi
706 2399 826 2473 pastor.
870 2389 958 2454 Ecce
980 2396 1141 2471 quartum.
1195 2326 1380 2473 redequere
1406 2399 1517 2474 posset
1542 2391 1717 2474 interpres,
1744 2393 1854 2458 latinis
1882 2396 2015 2460 auribus
2036 2416 2102 2459 non
2122 2396 2176 2459 in-

166 2481 269 2548 Alibi:
291 2482 455 2546 Dominus
476 2479 568 2562 quasi
591 2479 684 2562 gigas
702 2475 895 2559 egredictur.
940 2475 1027 2540 Eece
1048 2475 1143 2556 quin·
1195 2477 1413 2558 frequentem,
1436 2477 1488 2541 vcl
1510 2499 1667 2542 arcanum
1688 2488 1831 2557 venere,
1854 2491 2097 2547 sacramentum
2118 2501 2176 2564 po-

165 2578 244 2633 tum.
288 2567 336 2632 Et
356 2567 428 2649 quis
457 2564 591 2629 tandem
611 2564 686 2628 finis
708 2570 766 2627 aut
784 2559 922 2625 modus?
966 2559 1059 2624 Nihil
1081 2559 1143 2623 hac
1196 2581 1275 2626 nere
1292 2560 1417 2640 maluit,
1439 2585 1508 2627 nori
1524 2571 1635 2627 tamen
1653 2564 1716 2628 alio
1734 2585 1842 2641 sensu,
1860 2588 2040 2650 quamquo
2059 2588 2175 2652 graece

165 2654 291 2719 ratione
318 2659 560 2718 sacramentum
587 2671 653 2715 non
680 2649 751 2713 erit.
804 2645 893 2728 Quot
920 2646 955 2710 in
960 2646 1144 2751 'scriptura
1197 2646 1344 2713 aPaulo
1367 2649 1560 2733 mysterium
1582 2648 1705 2715 dictum
1726 2657 1805 2714 erat
1834 2651 1926 2715 Eant
1946 2674 2033 2718 nunc
2055 2661 2090 2717 et
2109 2654 2175 2717 lin-

164 2739 338 2823 parobolae
354 2746 434 2804 sunt
448 2745 482 2801 et
496 2735 734 2813 similitudines,
753 2744 802 2799 tot
818 2741 915 2798 erunt
929 2738 1142 2798 sacramenta
1197 2753 1338 2816 gnarum
1358 2735 1510 2817 peritiam
1531 2733 1671 2801 clamose
1689 2736 1901 2817 insectentur,
1923 2759 2064 2819 quarum
2082 2740 2175 2823 ignc-

165 2823 258 2906 Quin
274 2826 374 2890 etiam
390 2825 514 2888 furtum
531 2825 773 2888 sacramentum
790 2819 861 2896 crit,
883 2815 1144 2901 quandoquidem
1197 2820 1304 2884 rantia
1325 2821 1360 2885 in
1381 2841 1419 2884 re
1439 2820 1526 2886 facili
1549 2830 1582 2885 et
1603 2822 1706 2886 cuivis
1728 2822 1824 2888 obvia
1844 2822 1970 2888 tamdiu
1991 2823 2176 2890 foedissime

167 2912 324 2994 scriptum
351 2918 414 2975 est:
453 2909 522 2974 dies
556 2907 693 2973 Domini
721 2907 804 2971 siout
836 2906 897 2970 fur.
949 2902 1033 2984 Quis
1061 2903 1145 2967 ferat
1197 2904 1391 2971 hallucinati
1417 2912 1503 2971 sunt
1547 2904 1616 2971 Sed
1642 2928 1702 2973 cur
1726 2909 1762 2971 in
1790 2930 1857 2974 uno
1885 2910 1946 2976 hoc
1973 2909 2044 2976 loeo
2065 2932 2174 2977 saera·

167 2998 249 3063 istos
269 2995 529 3080 sophismatum
551 2994 665 3059 inscite
688 2989 889 3076 garrientes?
931 2990 1052 3064 Fateor
1073 2988 1145 3070 qui-
1196 2992 1299 3056 menti
1329 2991 1480 3057 voculam
1506 2999 1675 3075 tantopere
1695 3016 1737 3057 ur
1760 3003 1829 3073 ent,
1859 2995 2028 3079 aliquoties
2045 3019 2086 3061 ne
2109 2997 2176 3064 leo·
2292 3013 2296 3020 ’

167 3081 253 3162 dem,
274 3083 399 3166 quoties
419 3081 574 3164 aspicitur
593 3080 679 3157 vitis,
702 3079 861 3160 optimum
878 3097 949 3141 esso
970 3076 1005 3140 in
1022 3095 1144 3139 memo-
1196 3083 1266 3142 tam
1290 3077 1520 3159 praetereunt?
1564 3078 1652 3143 Nam
1679 3088 1712 3144 et
1737 3015 1781 3167 dp.
1794 3079 1870 3168 399]
1895 3082 2077 3165 epistolae
2121 3083 2177 3153 'lli-

165 3170 251 3234 riam
271 3168 427 3246 revocari,
449 3166 536 3250 quod
557 3167 604 3230 ait
622 3164 788 3230 Christus:
811 3184 872 3246 ego
889 3183 963 3227 sum
979 3161 1065 3250 vitis,
1086 3181 1145 3226 vos
1197 3162 1365 3228 matheum
1387 3164 1494 3247 priore
1516 3161 1549 3248 (l
1564 3165 1647 3228 'Pina
1661 3163 1705 3251 3),
1729 3187 1750 3230 a
1769 3166 1900 3250 vulgari
1920 3169 2097 3251 interprete
2119 3190 2177 3252 po·

164 3253 327 3338 palmites,
349 3261 442 3336 pater
457 3274 551 3317 meus
569 3251 681 3318 cultor.
721 3248 856 3330 Quoties
874 3248 1015 3313 occurrit
1035 3252 1146 3329 pastor
1198 3250 1261 3314 sita
1293 3257 1357 3327 est;
1390 3270 1427 3314 ae
1461 3251 1495 3315 iii
1528 3248 1642 3315 eadem
1674 3251 1746 3334 ipsa
1779 3252 1821 3317 ad
1848 3253 2009 3336 Ephesios
2041 3254 2177 3337 epistola

165 3362 243 3406 cum
269 3361 379 3424 grege,
408 3348 441 3408 et
473 3337 556 3403 illud
583 3338 682 3403 etiam
711 3355 881 3401 occurrere
905 3334 1027 3399 bonum
1059 3352 1144 3397 esse:
1245 3335 1299 3417 ph.
1313 3334 1363 3419 5),
1393 3335 1512 3418 ubique
1539 3356 1598 3419 pro
1619 3338 1784 3422 mysterio.
1829 3337 2042 3405 (londonetur
2063 3347 2174 3405 tamen

166 3447 228 3510 ego
250 3423 294 3513 [p
315 3423 392 3574 3qu
421 3446 496 3490 sum
522 3433 634 3507 pastor
660 3423 780 3499 bonus,
810 3442 887 3486 oves
913 3441 1006 3484 meac
1033 3439 1146 3497 vocem
1200 3422 1207 3434 ‘
1237 3421 1263 3484 ‘s
1289 3420 1343 3486 hie
1371 3421 1496 3504 lapsus,
1534 3422 1650 3488 saltem
1682 3423 1855 3489 mendaces
1889 3433 2076 3507 oportuerat
2104 3447 2175 3491 esse

167 3512 313 3578 andiunt
392 3533 486 3576 erum
514 3511 542 3574 si
571 3509 644 3591 quis
670 3507 753 3573 tales
780 3504 1010 3572 simihtudines
1037 3525 1146 3570 sacra·
1199 3527 1367 3572 memores.
1397 3507 1648 3573 Matrimonium
1664 3529 1742 3574 vero
1759 3511 1955 3575 sacramenti
1976 3511 2072 3575 titulo
2089 3532 2178 3577 coni-

168 3600 289 3664 mentis
312 3596 519 3673 adnumeret,
543 3595 585 3660 ad
607 3595 802 3678 Anticyram
823 3589 1002 3657 mittendus
1023 3591 1074 3655 sit
1199 3591 1406 3671 mandatum,
1433 3593 1674 3660 immunditiem
1700 3602 1813 3678 postea
1839 3603 1873 3660 et
1898 3595 2111 3678 pollutionem
2140 3605 2175 3663 ct

255 3684 368 3749 Verba
398 3690 508 3747 tamen
534 3681 632 3747 Pauli
664 3677 858 3755 obtrudunt,
889 3677 1006 3759 quibus
1038 3696 1147 3742 sacra·
1199 3677 1347 3743 carnales
1365 3677 1476 3744 sordes
1492 3699 1619 3760 vocare,
1638 3701 1737 3763 quam
1754 3681 1953 3764 vertiginosa
1970 3688 2021 3746 cst
2036 3681 2176 3748 levitas?

168 3770 274 3836 manti
295 3790 414 3834 nomen
434 3767 641 3832 matrimonio
659 3765 793 3831 attribui
814 3763 934 3830 dicunt
979 3760 1047 3842 Qui
1066 3782 1147 3827 uxo-
1200 3762 1310 3844 Quam
1337 3764 1516 3830 absurdum
1536 3773 1587 3830 est
1613 3785 1725 3831 arcere
1752 3787 1772 3829 a
1798 3774 2002 3832 sacramento
2024 3767 2174 3834 sacerdo·

169 3876 244 3921 rem
267 3855 389 3939 diligit,
418 3854 561 3936 seipsum
589 3852 703 3935 diligit
754 3850 860 3915 Nemo
887 3849 974 3914 enim
1002 3868 1148 3930 unquam
1199 3848 1271 3913 tes?
1316 3847 1355 3915 Si
1377 3872 1397 3914 a
1418 3857 1622 3916 sacramento
1644 3872 1679 3915 se
1701 3873 1811 3917 arcere
1832 3860 1970 3936 negent,
1994 3853 2052 3918 sed
2074 3856 2178 3921 acci·

169 3960 305 4007 carnem
331 3961 424 4006 suam
444 3939 517 4004 odio
539 3939 668 4016 habuit,
697 3937 755 4002 sed
775 3936 880 4001 nutrit
900 3942 934 3999 θῖ
955 3934 1043 3998 fovet
1064 3953 1146 4009 eam,
1199 3942 1254 3999 tiis
1274 3934 1423 4014 libidine,
1453 3957 1520 4000 non
1546 3937 1594 4001 ita
1615 3936 1697 4000 mihi
1723 3937 1906 4003 elabuntur.
1951 3938 2038 4004 Nam
2060 3949 2094 4005 et
2115 3942 2180 4007 coi·
2214 3950 2217 3957 ‘

169 4027 258 4094 sicut
286 4035 318 4092 et
346 4025 499 4093 Christus
532 4024 715 4103 ecclesiam3
748 4023 825 4105 quia
855 4021 1004 4085 membra
1035 4040 1148 4084 sumus
1200 4028 1278 4090 tum,
1298 4022 1406 4104 ipsum
1434 4029 1562 4104 partem
1585 4043 1655 4087 esso
1676 4025 1874 4088 sacramenti
1895 4023 2045 4104 madunt,
2075 4047 2176 4109 eoque

168 4114 315 4197 corporis
347 4113 431 4190 eius,
471 4111 511 4176 de
543 4132 641 4176 earne
673 4110 743 4174 eius
774 4118 808 4172 θῖ
839 4107 879 4171 dc
909 4106 1035 4171 ossibus
1068 4105 1147 4170 eius
1201 4105 1333 4170 demum
1353 4108 1490 4191 figurari
1511 4108 1676 4187 unionem,
1699 4130 1782 4191 quae
1799 4110 1892 4175 nobis
1913 4118 1963 4176 est
1984 4133 2060 4178 cum
2078 4111 2176 4176 Ohri·

168 4199 313 4283 Pmpter
338 4198 400 4263 hoo
426 4197 587 4279 relinquet
613 4196 710 4260 honio
737 4207 865 4276 patrem
892 4199 926 4256 et
950 4198 1090 4256 matrem
1115 4199 1149 4255 et
1201 4200 1260 4269 sto,
1283 4192 1318 4256 in
1338 4201 1476 4259 naturae
1498 4194 1730 4272 conformitate,
1754 4196 1830 4278 quia
1849 4197 1901 4262 vir
1922 4205 1956 4261 et
1971 4198 2090 4262 muher
2109 4217 2178 4262 non

169 4283 363 4351 adhaerebit
383 4284 478 4348 uxori
495 4304 573 4349 suae
595 4290 628 4346 et
642 4288 740 4346 amnt
761 4279 825 4345 duo
841 4280 1021 4344 incarnem
1037 4297 1146 4341 unam.
1200 4278 1264 4343 nisi
1285 4279 1411 4344 carnali
1431 4280 1548 4363 copula
1564 4300 1640 4346 caro
1662 4301 1729 4347 una
1750 4282 1840 4347 fiant
1853 4281 1878 4367 ¹)

169 4368 424 4436 Sacramentum
452 4369 514 4434 hoc
540 4388 698 4451 magnum
725 4374 784 4430 est.
827 4366 901 4449 Ego
929 4369 1039 4428 antem
1067 4360 1147 4437 dico,
1287 4362 1485 4448 Quanquam
1510 4365 1573 4430 duo
1602 4376 1807 4433 sacramenta
1828 4367 1961 4452 quidam
1988 4387 2100 4433 eorum
2123 4366 2177 4433 hic

171 4457 211 4521 in
240 4455 371 4523 Christo
402 4463 435 4519 θῖ
467 4454 602 4520 ecclesia
635 4452 736 4538 (Ilph.
756 4451 799 4535 5).
850 4451 898 4515 Αῖ
928 4450 975 4514 sic
1007 4456 1149 4513 tractare
1200 4459 1405 4532 repererunt:
1439 4451 1581 4517 alterum
1605 4453 1671 4518 Dei
1699 4461 1732 4517 θῖ
1764 4455 1894 4519 animae
1926 4456 1960 4518 in
1992 4474 2109 4535 sponso
2144 4460 2179 4519 et

170 4542 366 4625 scripturas,
399 4549 523 4606 terram
549 4540 637 4606 coelo
664 4538 800 4602 miscere
833 4543 891 4601 θεῖ.
941 4534 1081 4613 Paulus,
1112 4541 1149 4598 ut
1200 4556 1333 4618 sponsa,
1361 4536 1503 4602 alterum
1530 4536 1655 4603 Christi
1681 4546 1716 4604 et
1740 4539 1908 4619 ecclesiae,
1937 4541 1972 4603 in
1999 4539 2117 4603 marito
2143 4547 2178 4605 et

168 4626 358 4694 ostenderet
373 4627 499 4692 ιιιθιιῖιε
518 4646 617 4708 quam
634 4623 792 4707 singulari
810 4643 920 4687 amore
937 4641 1055 4685 uxores
1073 4640 1149 4684 suas
1200 4642 1312 4687 uxore.
1355 4624 1532 4706 Utcunque
1552 4625 1657 4690 coitus
1678 4634 1789 4692 tamen
1810 4630 2051 4691 sacramentum
2073 4631 2132 4705 est,
2155 4647 2177 4691 a

170 4714 342 4797 complecti
362 4712 516 4790 debeant,
545 4711 715 4777 Christum
741 4708 807 4774 illis
827 4709 863 4772 iii
884 4705 1053 4806 exemplar
1074 4725 1148 4788 pro·
1199 4727 1264 4856 quo
1285 4707 1391 4774 ullum
1414 4708 1640 4775 Christianum
1664 4712 1768 4776 arceri
1793 4711 1885 4776 net'as
1906 4710 1980 4788 fuit5
2008 4709 2074 4774 nisi
2094 4712 2177 4777 forte

169 4801 271 4883 ponit
307 4799 355 4866 Ut
375 4800 464 4865 enim
484 4798 540 4862 ille
560 4798 686 4863 viscera
707 4795 837 4878 pietatis
858 4791 974 4858 effudit
989 4814 1026 4856 in
1047 4791 1148 4856 ccele-
1230 4792 1464 4859 hristianorum
1495 4805 1700 4862 sacramenta
1737 4796 1818 4861 adeo
1849 4795 1934 4859 male
1967 4797 2177 4874 conveniunt,

170 4887 254 4951 siam
276 4906 375 4968 qnam
401 4885 463 4950 sibi
485 4882 716 4966 desponderat,
743 4881 789 4946 sio
815 4898 1078 4961 unumquemque
1100 4877 1148 4942 ai·
1199 4885 1287 4943 stare
1308 4887 1347 4943 ut
1367 4881 1466 4946 simul
1487 4904 1554 4947 non
1571 4882 1704 4964 possint
1748 4881 1811 4947 Est
1831 4890 1864 4945 et
1885 4880 1988 4946 altera
2009 4882 2045 4946 in
2065 4903 2179 4949 eorum

171 4972 292 5038 eoem
319 4991 390 5037 esse
416 4970 528 5036 vnlte
610 4968 775 5052 propriam
802 4985 947 5031 uxorem.
992 4960 1149 5045 Sequitur

171 5056 305 5123 deinde:
328 5058 384 5140 qui
398 5076 536 5122 uxorem
568 5054 661 5138 digit,
680 5053 891 5135 semetipsum
902 5048 1016 5133 diligit,
1034 5069 1147 5132 quem·

170 5142 348 5209 ”dmOdllm
369 5141 522 5209 Ohl'lfllllss
540 5138 862 5241 ,dflffllfflfflffl
906 5136 1011 5235 ᾙΟῙΤΟ
1032 5142 1079 5233 ¹¹¹³,
1089 5132 1147 5198 (1⁰⁶
1268 5168 1297 5235 l)
1322 5170 1424 5226 niba
1447 5179 1563 5227 εθιιῖθιιῖ.
1595 5170 1657 5224 dist.
1675 5168 1717 5223 tt.
1742 5169 1800 5223 cl
1823 5177 1873 5223 eto.
1898 5188 1960 5224 eain
1988 5174 2110 5228 societas.
2133 5173 2179 5231 27.

169 5241 269 5306 caret,
290 5227 450 5312 quomodo
466 5227 620 5294 Christus
642 5225 793 5290 dilexerit
811 5223 989 5299 ecelesiam,
1011 5217 1147 5303 perinde
1198 5245 1301 5305 quaest
1319 5236 1344 5292 3.
1362 5243 1455 5315 gioaq
1469 5259 1491 5295 c.
1510 5244 1553 5296 lex
1571 5240 1686 5303 aare,
1704 5239 1769 5293 ibid

243 5330 353 5387 Calbim
367 5346 461 5399 opera.
500 5329 558 5385 Vol.
577 5328 602 5385 1.
1439 5350 1444 5359 ·
1819 5342 1858 5378 ¹.
1939 5325 1973 5381 13

1200 5053 1226 5060 ψ
1234 5053 1401 5063 ὴ...-
