4770 6030
215 327 276 386 547
787 316 1054 385 INSTI'PUTIO
1075 319 1179 383 REL.
1203 317 1383 385 CHRIST.
1411 322 1641 382 1539-1554.
2152 325 2213 385 548

1850 421 2214 502 A1443B162'30162.

215 510 276 590 lus,
300 512 361 576 hoo
383 517 440 587 est,
465 508 612 573 eoelestis
635 508 768 590 spiritus
790 528 959 591 organum,
982 508 1075 572 euius
1097 507 1189 569 testi-
1241 506 1343 583 minet,
1366 510 1421 568 aut
1441 507 1654 587 unusquisque
1674 510 1767 570 marn
1787 420 1952 586 ecebnan,
1971 510 2025 572 sed
2046 514 2081 573 ut
2097 510 2216 593 siuquii

215 598 325 662 monio
358 602 423 660 stat
455 603 489 658 et
517 593 603 659 eadit
636 592 793 658 ecelesia?
843 595 899 658 An
927 593 1120 658 divisionem
1148 592 1188 656 ab
1241 611 1274 654 se
1296 590 1423 672 probent
1445 592 1477 675 (l
1500 589 1573 656 Gon·
1596 597 1644 670 ll,
1665 590 1730 675 28).
1781 591 1819 655 Si
1840 614 1909 658 eum
1936 595 2063 677 tuumne
2083 616 2216 659 mmmm

214 683 280 748 illis
303 679 451 764 quaerit?
484 701 528 744 an
556 700 610 744 eos
638 677 805 744 aOhristi
832 700 935 762 regno
963 675 1110 743 abdicat?
1145 698 1189 740 an
1241 677 1346 740 nieare
1372 677 1462 758 ndns
1487 682 1575 754 esset,
1609 677 1724 742 iuberet
1749 683 1825 742 certe
1855 678 1979 743 Paulus
2005 701 2061 744 nos
2088 682 2215 745 eircum-

215 768 330 832 ultimo
352 766 571 830 anathematis
592 765 729 846 fuimine
750 764 847 829 ferit?
890 764 968 829 Non
988 765 1084 830 modo
1105 763 1189 828 nihil
1242 763 1358 843 spicere
1377 783 1480 826 annon
1505 762 1622 843 aliquis
1649 765 1683 827 in
1712 764 1908 828 multitudiue
1929 771 2018 844 esset,
2046 768 2137 831 arius
2157 767 2215 830 im-

215 854 334 918 horum
374 852 460 935 agit:
493 850 549 915 sed
588 850 758 915 ecelesiam
787 850 913 915 Christi
939 859 1189 931 sanatorumque
1241 848 1396 911 munditia
1417 848 1634 928 poilueremur.
1686 848 1779 913 Nune
1806 870 1902 930 quum
1923 851 2135 932 probationnu
2162 854 2215 916 sui

215 940 401 1004 societatem
424 943 457 1001 et
476 937 624 1020 agnoseit
645 943 678 999 et
698 935 873 1019 praeditat.
907 934 945 1002 si
968 938 1055 1001 inter
1072 935 1189 1001 Garin-
1241 935 1382 1015 ipsorum
1408 933 1508 997 solum
1540 956 1561 998 a
1593 934 1727 1018 sinquiis
1753 937 1897 1016 requirit,
1925 937 2054 1001 asendit
2087 939 2216 1003 urinime

216 1024 302 1088 thios
323 1032 436 1087 manet
458 1022 607 1100 eeclesia,
628 1022 683 1086 ubi
706 1022 835 1087 fervent
856 1024 1097 1102 eontentionea,
1120 1042 1189 1086 seo·
1241 1019 1328 1084 nobis
1348 1018 1456 1098 obesse,
1479 1021 1509 1084 si
1531 1021 1587 1101 qui
1606 1021 1729 1104 indiqui
1746 1041 1779 1085 se
1795 1021 1951 1086 rubianum
1968 1023 2119 1105 inperaret.
2150 1024 2216 1090 Nee

216 1117 283 1188 tae,
313 1109 562 1183 aemulationes,
595 1108 651 1172 ubi
684 1108 757 1172 lites
784 1109 898 1191 vigent
923 1118 957 1171 et
983 1110 1090 1192 iurgia
1117 1128 1191 1172 oum
1242 1105 1304 1168 atio
1325 1109 1437 1186 sperat
1463 1106 1544 1187 quod
1560 1112 1667 1188 postea
1694 1105 1832 1171 subiicit:
1859 1109 1914 1188 qui
1939 1108 2065 1191 indique
2085 1111 2215 1174 mandu-

216 1194 357 1261 habendi
392 1193 584 1279 eupiditate,
625 1194 681 1258 ubi
714 1194 822 1276 palam
856 1196 1054 1276 approbatur
1086 1193 1191 1259 seelus
1242 1195 1297 1267 eat,
1320 1191 1473 1255 iuditium
1493 1191 1555 1256 sibi
1575 1193 1743 1257 mandueat
1766 1197 1794 1256 et
1814 1192 1896 1257 bibit.
1942 1194 2015 1258 Non
2036 1195 2111 1260 dieii
2132 1196 2214 1274 otiis,

216 1281 301 1365 quod
323 1281 474 1364 gentibus
495 1280 574 1361 ipsis
596 1279 680 1343 foret
697 1279 905 1359 exseerabilo‚
928 1281 983 1345 ubi
1005 1279 1192 1362 petulanter
1242 1276 1386 1349 sedsrbi.
1437 1276 1481 1341 Jn
1506 1279 1633 1343 nurito:
1660 1299 1756 1359 neque
1781 1279 1863 1343 enim
1889 1281 1923 1342 in
1949 1281 2144 1362 sinqulmum
2166 1304 2217 1346 ar·

217 1366 437 1452 proseinditur
461 1365 557 1429 Pauli
585 1385 705 1429 nomen
728 1387 825 1447 quem
847 1387 906 1431 een
932 1372 1059 1448 patrem
1086 1364 1191 1430 oolere
1245 1361 1335 1426 utne
1356 1363 1452 1426 situm
1473 1383 1538 1428 esse
1558 1364 1648 1442 debet,
1671 1366 1726 1446 qui
1746 1365 1915 1446 reeipiendi
1933 1371 1961 1430 et
1980 1367 2036 1446 qui
2052 1368 2217 1448 repeltmdi

219 1452 411 1529 debuerant,
440 1452 497 1516 ubi
523 1451 654 1535 quidam
689 1457 891 1515 mortuorum
922 1451 1192 1516 resurreetionem
1244 1448 1315 1511 snit.
1361 1448 1471 1512 Totius
1496 1449 1637 1514 ecolesma
1656 1449 1730 1514 bueo
1750 1451 1879 1532 coquum
1900 1457 1958 1529 est,
1985 1472 2064 1533 quae
2084 1454 2217 1517 enermri

219 1537 359 1603 ludibrio
400 1537 523 1602 habent
562 1558 638 1602 oum
674 1538 767 1601 ouius
805 1539 900 1600 ruina
930 1544 1038 1602 totum
1071 1535 1192 1601 eorruit
1244 1534 1312 1598 siue
1332 1533 1464 1616 beqitimo
1484 1535 1591 1599 ordine
1610 1557 1671 1600 non
1692 1541 1808 1617 potest,
1830 1541 1865 1600 ut
1884 1536 1992 1617 fusius
2010 1543 2119 1619 postea
2140 1540 2218 1603 diae

218 1623 438 1707 evangelium,
467 1622 523 1687 ubi
544 1623 608 1688 Dei
636 1623 761 1705 gratiae
784 1623 952 1687 ambitioni
977 1644 1043 1687 non
1064 1620 1192 1687 caritati
1244 1625 1303 1683 tur.
1353 1619 1504 1701 Iniquum
1532 1642 1601 1703 erqo
1627 1623 1686 1685 erit
1711 1628 1746 1685 ut
1771 1622 1921 1703 prtinus
1947 1622 2066 1704 aliquis
2089 1625 2219 1689 nterim

220 1712 383 1787 serviunt,
406 1709 462 1772 ubi
484 1708 647 1790 permulta
668 1708 858 1773 indeoeuter
879 1715 913 1771 et
932 1707 1115 1773 inordinate
1136 1727 1192 1791 ge·
1244 1705 1427 1787 maminoto
1447 1706 1617 1786 polluatur,
1632 1707 1656 1790 ¹)
1689 1728 1778 1788 quem
1815 1728 1918 1772 arcere
1950 1708 1989 1772 ab
2016 1729 2138 1774 amessa
2164 1730 2218 1775 neo

218 1802 352 1872 rantur,
385 1801 419 1859 et
444 1793 517 1858 ideo
544 1801 670 1873 manet,
698 1794 784 1875 qnod
808 1795 1026 1859 ministerium
1047 1793 1139 1858 verbi
1162 1797 1194 1856 et
1242 1795 1340 1874 potest
1360 1811 1413 1855 nea
1434 1791 1523 1856 debet.

219 1888 497 1947 saoramentorum
528 1879 595 1944 illie
632 1900 699 1943 non
732 1879 934 1962 repudiatur:
972 1880 1043 1962 quis
1076 1877 1195 1943 audeat
1334 1880 1382 1940 17.
1430 1878 1616 1958 Quanquam
1643 1883 1745 1942 autem
1771 1900 1809 1943 ea
1836 1879 2059 1945 irumuideuato
2080 1881 2219 1945 iustitiae

222 1966 376 2031 eeclesiae
406 1965 538 2029 titulum
570 1966 693 2047 eripere
720 1966 777 2043 iis,
811 1965 928 2047 quibus
960 1965 1086 2030 deeima
1118 1985 1194 2045 pars
1246 1962 1308 2028 reto
1330 1961 1404 2026 baec
1429 1964 1552 2028 nunu
1578 1963 1665 2028 bonis
1691 1965 1784 2028 etiam
1810 1965 1966 2030 interdum
1986 1965 2136 2044 oboritur,
2166 1967 2221 2032 boo

211 2053 361 2129 ,istorum
398 2052 572 2115 eriminum
611 2051 751 2134 impingi
787 2050 947 2133 nequeat?
1004 2048 1071 2131 Qui
1103 2055 1196 2113 tanta
1247 2053 1349 2113 tamen
1374 2050 1577 2130 reperiemus:
1609 2050 1742 2113 iniuriam
1767 2052 1973 2134 morositatem
2005 2073 2043 2116 en
2074 2052 2220 2133 superbia

222 2138 411 2202 morositate
444 2137 594 2213 saeviunt
630 2137 666 2199 in
697 2143 884 2218 praesentes
911 2137 1075 2214 ecelesias,
1116 2134 1195 2218 quid
1246 2135 1348 2216 maqis
1369 2139 1396 2196 et
1415 2135 1510 2215 fastu,
1530 2135 1674 2215 falsaque
1695 2137 1869 2201 suauitatis
1889 2137 2044 2218 opininio,
2067 2158 2162 2218 quam
2183 2160 2221 2202 eu

223 2244 342 2305 quaeso
366 2222 495 2287 Galatis
525 2222 676 2287 fecissent
699 2228 830 2286 tantum
855 2243 923 2286 non
950 2221 1112 2306 evangelii
1140 2219 1195 2284 de·
1248 2241 1321 2285 vera
1341 2221 1500 2285 somniate
1520 2241 1647 2300 auoque
1667 2221 1736 2284 eius
1756 2223 1858 2285 studio
1879 2223 1974 2287 nasei.
2019 2222 2139 2305 Itaque,
2164 2225 2220 2304 qui

224 2308 415 2385 sartoribus,
446 2307 532 2389 apud
554 2328 634 2390 quos
656 2314 767 2372 tamen
793 2307 881 2372 idem
910 2308 1073 2390 apostolus
1096 2306 1197 2372 eoele—
1247 2305 1484 2387 adsumendum
1505 2307 1544 2369 ab
1564 2306 1689 2370 molesia
1716 2307 1909 2388 dqeuimnun
1930 2314 2004 2372 sunt
2024 2309 2101 2375 otiis
2122 2311 2220 2375 auda

224 2395 289 2459 sias
311 2392 515 2475 reperiebat?
1227 2441 1235 2457 ,.
1248 2393 1352 2468 eiures,
1370 2397 1397 2456 et
1414 2393 1506 2471 quasi
1523 2393 1727 2474 autenqnaui,
1750 2394 1776 2456 ii
1795 2399 1829 2457 ut
1842 2394 2017 2474 plurimum
2034 2395 2115 2459 niint
2131 2396 2221 2460 atiud

312 2484 359 2541 lt.
409 2478 564 2543 Obiiriunt
585 2479 679 2543 etiarn
701 2479 781 2559 quod
800 2478 923 2543 Paulus
942 2480 1079 2562 qramter
1093 2477 1199 2542 Coriu-
1249 2498 1361 2543 causae
1381 2477 1502 2555 baberet,
1525 2478 1590 2542 nisi
1615 2483 1651 2541 ut
1670 2480 1808 2542 omnium
1829 2484 1997 2561 omtemptu
2017 2486 2160 2546 osterum
2186 2501 2219 2546 se

223 2563 303 2630 tbios
323 2563 463 2647 obiurqut
484 2563 516 2647 (l
539 2563 612 2628 Oor.
634 2569 662 2643 5,
684 2566 727 2647 2),
750 2565 826 2644 quia
840 2565 1029 2647 ftaqitiosum
1046 2564 1197 2628 bominem
1248 2564 1324 2627 otiis
1351 2582 1415 2627 esse
1440 2563 1588 2628 meliores.
1631 2562 1718 2627 Beue
1737 2584 1806 2648 erqo
1827 2570 1855 2630 et
1877 2565 2047 2646 prnmnter
2067 2567 2220 2649 Auqusti·

171 2680 174 2687 ·
223 2651 258 2715 in
278 2669 335 2715 stro
355 2649 545 2714 onitubernio
564 2651 682 2730 seram·
703 2651 812 2714 dnnde
830 2651 1002 2733 qeneratem
1018 2650 1197 2714 seruientium
1248 2649 1351 2713 nus:²
1389 2669 1486 2729 quum
1501 2651 1570 2730 pia,
1592 2650 1702 2731 iuquit,
1724 2651 1805 2715 ratio
1827 2655 1854 2714 et
1874 2652 1984 2717 nudus
2002 2652 2219 2716 narmoniae

217 2736 322 2819 ponit,
350 2755 412 2816 qua
433 2736 522 2815 nefas
543 2756 608 2800 esse
623 2737 820 2816 pronuntiat,
843 2756 914 2800 urm
934 2736 1055 2801 bomine
1070 2734 1198 2817 probro-
1248 2735 1432 2815 discipinae
1452 2735 1601 2800 ueritatem
1622 2736 1755 2816 spiritus
1776 2737 1810 2799 in
1830 2737 1949 2802 oimuto
1971 2739 2064 2818 panis
2084 2739 2219 2802 aramme

223 2841 277 2886 sae
298 2822 379 2886 onae
400 2821 445 2885 oei
462 2842 576 2902 purtem
597 2821 753 2885 mundam.
787 2821 852 2886 Hic
874 2822 1060 2886 summunt:
1082 2823 1112 2886 si
1133 2820 1198 2884 out-
1250 2820 1353 2885 debeat
1373 2821 1504 2899 intueri;
1521 2821 1602 2901 quod
1622 2821 1778 2902 apostotus
1794 2822 1966 2903 sufferendo
1983 2824 2112 2888 inuicem
2126 2845 2220 2905 prae·

220 2927 327 2990 qarem
347 2927 463 2988 panau
484 2907 634 2970 mundae
654 2928 716 2971 non
736 2907 818 2987 lieet,
833 2928 951 2990 panau
971 2907 1102 2971 Domini
1122 2926 1198 2970 coru
1249 2907 1324 2988 oipit
1344 2907 1499 2985 custodiri,
1525 2911 1552 2971 et
1572 2928 1631 2988 quo
1649 2927 1710 2972 iton
1730 2908 1876 2972 eustadio
1891 2908 2065 2974 medicinae
2085 2909 2220 2973 aindieta

223 2993 309 3058 edere
340 2992 395 3073 qui
431 2991 547 3056 luent?
596 2991 710 3056 Fateor
753 2999 830 3057 certe
866 3014 1015 3077 nuquam
1045 2992 1197 3073 probrum
1249 3013 1311 3056 nan
1331 2997 1450 3056 tantum
1470 2993 1642 3074 superflua,
1663 2994 1831 3057 sedetiam
1845 2994 2036 3074 pernitiosa,
2057 2999 2222 3076 etpropte·

225 3098 298 3156 esse,
321 3078 351 3141 si
371 3078 451 3141 inter
470 3077 553 3157 titios
574 3077 638 3141 Dei
666 3078 764 3142 tonum
784 3078 915 3143 babeant
929 3080 1020 3161 porci
1042 3083 1069 3142 et
1090 3098 1213 3167 canusa
1249 3099 1303 3143 reo
1325 3080 1391 3142 iam
1411 3098 1464 3143 nee
1485 3079 1636 3143 medinm
1663 3097 1728 3142 esse
1748 3080 1951 3144 nommetur:
1978 3079 2028 3144 itii
2051 3080 2114 3161 sitii
2135 3080 2220 3158 mati,

225 3163 320 3226 mutto
346 3162 438 3227 niam
463 3162 580 3241 rnaius,
603 3164 633 3227 si
660 3164 726 3227 illis
741 3166 951 3245 prostituatur
971 3168 1198 3229 sacrosanctum
1250 3164 1305 3257 qui
1330 3183 1391 3227 mm
1416 3165 1485 3228 odio
1512 3165 1714 3244 iniquitatum
1741 3164 1929 3243 uinearum,
1958 3166 2012 3230 sed
2033 3165 2135 3230 studio
2155 3186 2223 3230 oon

228 3247 346 3315 Obristi
378 3267 496 3330 corpus.
552 3249 659 3329 Neque
685 3270 768 3328 aero,
796 3253 826 3314 si
854 3251 926 3316 bene
952 3255 1088 3315 moretm
1109 3255 1199 3314 erum
1249 3249 1414 3315 tentionum
1435 3270 1567 3314 uiarum
1588 3250 1731 3330 trebonius
1746 3250 1858 3332 piebis,
1882 3251 2030 3314 meantia
2050 3253 2103 3315 sui
2124 3253 2222 3316 uomi-

222 3334 365 3400 anonae
384 3333 543 3399 sutuatm
563 3334 598 3398 in
615 3336 689 3398 sinu
707 3355 764 3399 suo
782 3337 888 3417 suun,
900 3336 925 3421 ¹)
946 3357 999 3401 neo
1015 3336 1058 3400 nd
1074 3355 1198 3400 eaerum
1249 3337 1302 3399 nis
1322 3337 1474 3414 irretitas,
1495 3336 1542 3400 oei
1562 3341 1641 3400 totas
1659 3336 1787 3414 trabere,
1808 3336 1856 3400 oei
1876 3341 1953 3401 certe
1973 3337 2109 3402 diuidere
2132 3338 2221 3418 affeo

223 3419 304 3485 iuna
325 3419 451 3502 epulum
472 3420 581 3502 diquos
607 3420 702 3484 sirum
723 3440 760 3484 ae
778 3422 923 3504 indiqrios
944 3423 1122 3504 promiscue
1143 3422 1198 3486 ud·
1248 3425 1322 3499 taut,
1344 3421 1490 3502 superbia
1510 3422 1632 3500 tumidi,
1648 3423 1827 3503 punientia
1847 3422 1963 3501 vesum,
1984 3422 2152 3487 ouumniis
2172 3424 2220 3487 in·

223 3508 347 3570 mittent.
404 3506 518 3570 Verum
546 3507 624 3587 quia
650 3527 712 3570 rum
737 3508 785 3571 ita
810 3508 914 3572 sedulo
941 3528 1059 3589 suuper
1078 3508 1197 3590 adripi
1248 3507 1368 3585 sidusi,
1391 3507 1592 3572 seditionibus
1613 3507 1788 3586 turbulenti,
1810 3529 1848 3572 ne
1868 3508 1935 3572 tuae
1954 3509 2094 3573 ueritatis
2115 3529 2219 3574 carere

224 3591 290 3656 iant
304 3596 456 3672 pastores,
476 3593 631 3656 ireterdum
653 3593 746 3656 etiam
762 3593 999 3676 iudulqentiores
1014 3599 1087 3657 sunt
1103 3614 1196 3674 quam
1246 3592 1459 3673 ostendantur,
1487 3593 1629 3657 ammam
1655 3594 1776 3676 ripadue
1796 3594 1966 3658 seueritatis
1986 3593 2162 3673 nanuum
2189 3599 2217 3660 et

223 3682 372 3758 oporteat,
400 3678 446 3742 uei
474 3678 685 3757 impediuntur
706 3680 870 3758 quominus
889 3700 958 3743 eam
978 3700 1072 3761 quam
1091 3678 1197 3743 odient
1247 3699 1326 3759 quae
1349 3680 1381 3744 iu
1401 3680 1568 3762 seripturis
1588 3681 1711 3758 sannis,
1733 3679 1822 3744 saion
1843 3679 2012 3744 immunis
2032 3681 2215 3762 unauna,

223 3763 412 3826 suauitatem
433 3783 568 3827 eneraere
583 3766 718 3845 possint,
745 3765 782 3845 fu
801 3769 837 3828 ut
856 3786 917 3829 non
937 3785 1057 3847 semper
1077 3764 1196 3829 subrue
1247 3770 1275 3829 et
1295 3766 1446 3829 mundun
1461 3767 1554 3847 paris
1573 3767 1697 3842 unitate,
1720 3766 1762 3830 ad
1778 3765 1956 3848 mmiqeuda
1971 3767 2111 3846 fraterna
2128 3768 2214 3845 uitia,

225 3851 353 3910 veantur
383 3849 475 3912 etiam
500 3849 612 3929 palam
640 3850 717 3914 mati
744 3872 765 3914 a
792 3856 967 3915 sanatorum
998 3850 1195 3916 contubernio.
1247 3851 1446 3915 nuderatiori
1466 3853 1620 3918 ouratroue
1643 3851 1714 3932 beri
1733 3857 1899 3934 praesepta
1919 3857 2004 3930 sunt,
2028 3853 2072 3917 ad
2091 3851 2216 3917 sunite-

225 3931 292 3996 Hoo
319 3933 429 3996 uitium
455 3954 519 3998 esso
542 3936 656 4015 fateor:
683 3956 777 4016 neque
804 3942 966 4002 munnere
992 3937 1071 4016 voto,
1100 3957 1197 4017 quum
1245 3936 1333 4019 qium
1359 3937 1537 4001 sebismatis
1562 3942 1590 4001 et
1613 3938 1799 4002 sunnonem
1818 3937 2027 4019 praensionis
2051 3943 2214 4020 usurpem.

226 4016 350 4082 Paulus
387 4019 498 4082 aeriter
534 4020 568 4082 iu
609 4019 778 4086 mrtiunus
813 4023 1020 4104 reprehendat.
1083 4022 1197 4087 Verum
1251 4021 1324 4086 Piis
1344 4028 1448 4086 auum
1467 4028 1495 4087 et
1514 4022 1654 4102 pleuritis
1673 4022 1851 4088 bominibus
1871 4022 1925 4087 boo
1941 4023 2103 4087 munitium
2119 4024 2220 4106 dat,³)

224 4103 347 4168 etiamst
379 4104 503 4167 eeclesia
532 4106 567 4167 in
600 4106 698 4186 officio
729 4113 833 4186 cesset,
866 4129 927 4172 mn
955 4110 1023 4173 ideo
1049 4109 1197 4190 protinus
1247 4112 1283 4170 ut
1306 4108 1545 4173 niiserimrditer
1576 4109 1747 4190 euriporum
1777 4109 1858 4189 quod
1878 4114 2026 4190 possunt·
2052 4109 2132 4190 quod
2159 4130 2220 4173 uon

223 4190 468 4269 uniuscuiusque
489 4191 612 4270 priuati
634 4193 703 4270 erit,
732 4193 886 4258 iudicium
907 4195 1114 4276 separationis
1134 4193 1197 4257 sibi
1244 4199 1389 4274 possunt,
1405 4194 1558 4276 patienter
1578 4195 1697 4275 funin,
1719 4199 1747 4258 et
1767 4215 1836 4258 eum
1857 4194 2013 4259 dilutione
2032 4199 2155 4278 qemant
2175 4200 2221 4258 at

222 4295 349 4340 uiuere.
396 4275 467 4337 Non
488 4276 626 4354 equidem
648 4298 736 4361 nequ,
765 4280 841 4359 quin
856 4280 909 4360 pii
931 4280 1066 4344 luminis
1085 4280 1134 4357 sit,
1157 4279 1196 4341 ab
1247 4299 1304 4358 que
1325 4280 1462 4363 iuqeant,
1484 4281 1576 4345 donee
1597 4285 1653 4343 aut
1673 4281 1806 4345 eruendet
1827 4280 1917 4344 Deus
1938 4301 1975 4344 aa
1995 4281 2141 4363 corripui,
2164 4285 2220 4343 aut

223 4362 306 4425 omni
332 4361 462 4441 privata
486 4360 692 4440 inproborum
721 4366 936 4429 minuetudiue
961 4386 995 4430 se
1022 4365 1195 4442 subducere,
1247 4366 1281 4428 in
1301 4386 1399 4430 messe
1419 4366 1698 4430 erudimentum
1719 4366 1874 4447 etpaieas
1895 4365 2021 4430 nauitet

223 4446 311 4510 uuita
339 4466 371 4509 se
392 4446 567 4510 noluntaria
589 4467 658 4510 oum
677 4450 757 4528 ipsis
785 4452 1005 4515 rrecessitudiue
1025 4449 1196 4531 implicare.
1336 4455 1383 4515 18.
1428 4451 1492 4516 His
1518 4452 1617 4516 armis
1644 4453 1851 4534 praemunire
1878 4473 1912 4516 se
1940 4452 1987 4534 pii
2007 4466 2122 4516 omnes
2149 4457 2218 4516 stu·

226 4530 288 4596 Sea
316 4532 406 4595 aliud
433 4537 490 4609 est,
518 4531 670 4596 ornatorum
695 4534 802 4615 supere
827 4536 1070 4614 contubernium
1097 4535 1194 4613 atiud,
1248 4534 1359 4616 deant,
1389 4559 1431 4602 ne
1453 4536 1532 4602 dum
1552 4538 1675 4602 strenui
1698 4547 1731 4603 et
1753 4538 1890 4602 animosi
1910 4538 2052 4602 iustitiae
2072 4535 2219 4603 vindices

223 4618 364 4698 ipsoram
381 4618 458 4695 odie,
477 4617 618 4682 aeduine
635 4622 872 4685 communionem
887 4623 1073 4685 renumiare.
1110 4621 1196 4703 Quod
1247 4622 1308 4687 sibi
1336 4622 1501 4701 videntur,
1532 4645 1675 4708 aregno
1702 4623 1877 4701 coelorum,
1907 4622 1992 4705 quod
2014 4629 2064 4688 est
2084 4623 2218 4688 unicum

224 4707 325 4765 autem
356 4703 552 4786 saoriieqium
576 4724 640 4768 esse
665 4709 780 4785 putant
803 4707 998 4788 participare
1029 4727 1098 4771 nrm
1129 4708 1196 4772 iliis
1246 4708 1388 4773 institiae
1410 4731 1558 4792 regnum,
1582 4709 1769 4775 dasoisoant.
1814 4708 1902 4773 Nam
1922 4710 1999 4790 quia
2021 4709 2055 4771 in
2077 4708 2139 4772 hao
2160 4728 2219 4771 ex·

219 4808 334 4869 panem
367 4788 514 4868 Domini,
551 4790 586 4852 in
617 4810 650 4855 eo
677 4791 841 4874 riqidiores
872 4792 967 4856 multo
998 4798 1070 4857 suut
1101 4815 1196 4874 quam
1247 4801 1341 4858 terna
1362 4795 1514 4860 sooietate
1536 4794 1689 4861 eoelesiae
1717 4816 1795 4860 suae
1822 4795 2084 4860 communionem
2105 4792 2220 4858 Domi-

227 4872 357 4938 Pauius.
404 4875 489 4939 Nam
510 4896 606 4958 quum
627 4876 669 4940 ad
689 4882 828 4942 sarratam
848 4883 1010 4960 etpuram
1022 4881 1195 4962 participa
1246 4901 1309 4944 nus
1331 4879 1392 4945 eali
1409 4880 1525 4960 voluit,
1553 4881 1610 4963 qui
1630 4880 1702 4945 odio
1721 4881 1943 4963 improborum
1964 4888 2122 4945 tesseram
2150 4880 2220 4942 eins

224 4959 334 5023 tionem
362 4980 416 5023 uos
444 4960 597 5041 bortatur,
626 4982 685 5026 uon
714 4965 809 5048 eripit
835 4969 870 5029 ut
895 4985 979 5029 rinus
1005 4965 1103 5030 atium
1125 4987 1196 5030 era-
1248 4966 1409 5031 soeietatis
1431 4967 1562 5050 bangit,
1586 4967 1675 5031 viam
1693 4966 1889 5050 ingreditur,
1911 4987 1976 5049 qua
1992 4964 2146 5048 proelivis
2170 4971 2221 5029 est

227 5116 428 5123 .—-.—.·--

1318 5173 1347 5238 1)
1365 5175 1503 5241 privat-nm
1522 5173 1638 5240 aliquem
1658 5211 1663 5222 .
1683 5210 1690 5222 .
1710 5210 1715 5222 .
1735 5210 1741 5221 .
1754 5171 1843 5291 pollui
1861 5168 1929 5221 1550
1946 5177 1972 5223 et
1988 5185 2057 5237 seqq.
2111 5168 2141 5236 2)
2160 5169 2219 5222 Lib.
2272 5254 2274 5258 Α

296 5225 883 5303 1)Of.intrapostttoptmmenu.
1099 5311 1106 5332 x
1221 5238 1272 5292 Ι3.
1291 5247 1385 5294 eontra
1402 5241 1525 5294 Parmen.
1544 5256 1566 5292 o.
1586 5239 1609 5291 1.
1627 5240 1678 5291 init
1772 5237 1929 5306 >Eiusdem
1947 5239 1993 5291 lib.
2011 5253 2032 5290 a.
2052 5237 2084 5288 2:
