4770 6030
155 304 162 318 ”
187 338 269 400 1111

184 524 324 588 tionem:
359 520 540 586 cedendum
566 519 643 601 quia
675 537 807 582 necesse
834 526 898 596 111;
933 516 989 580 sed
1018 517 1164 584 vividam

187 631 226 674 ac
242 608 372 690 plenam
388 605 549 671 efficaciae
559 605 838 688 praeceptionem:
862 603 1164 688 obtemperandum,

188 695 264 777 quia
285 692 435 756 resistcre
463 692 553 754 nefas
582 699 648 768 est;
680 689 841 772 patienter
869 687 1055 769 ferendum,
1086 710 1165 772 quo-

187 779 278 843 niam
299 777 504 860 impatientia
533 778 575 839 sit
598 774 754 840 adversus
780 775 844 837 Dei
868 774 1028 838 iustitiam
1050 783 1165 840 contu·

187 864 300 928 macie.
345 864 419 927 Iam
440 884 518 927 vero
540 860 718 944 quiaillud
747 859 878 923 demum
909 861 1046 925 amabile
1074 863 1167 926 nobis

189 947 347 1029 estquod
369 947 467 1012 saluti
490 969 527 1011 ac
550 949 634 1013 bono
656 968 726 1011 esse
747 946 840 1009 nobis
865 948 1080 1028 agnoscimus,
1106 948 1167 1011 hac

189 1035 288 1099 etiam
306 1043 398 1114 parte
419 1034 605 1099 consolatur
622 1055 681 1096 nos
699 1031 843 1112 optimus
861 1040 964 1113 pater,
984 1032 1063 1096 dum
1081 1054 1168 1097 asse·

189 1121 242 1196 rit,
267 1139 361 1182 seeo
383 1119 454 1200 ipso
478 1121 563 1201 quod
584 1140 643 1182 nos
664 1139 759 1182 cruce
778 1117 896 1199 affligit
917 1119 1017 1182 saluti
1038 1127 1168 1182 nostrae

189 1205 366 1269 consulere.
423 1203 522 1284 Quod
554 1205 582 1268 si
616 1204 776 1268 salutares
815 1201 908 1266 nobis
940 1205 1168 1269 tribulationes

189 1312 260 1356 esse
282 1297 425 1368 constat,
459 1310 518 1354 cur
546 1310 613 1354 non
643 1296 736 1372 grato
761 1287 951 1370 placidoque
978 1292 1087 1354 animo
1115 1312 1170 1354 eas

189 1375 449 1456 susciperemus?
499 1375 611 1456 Quare
646 1395 701 1438 eas
735 1374 899 1455 patienter
932 1375 1065 1444 ferendo
1104 1397 1171 1439 non

192 1461 435 1526 succumbimus
458 1462 654 1537 necessitati,
680 1459 736 1522 sed
759 1460 843 1522 bono
866 1468 977 1525 nostro
995 1462 1170 1543 acquiesci-

191 1567 274 1610 mus.
320 1547 422 1624 Istae‚
447 1548 594 1629 inquam,
614 1545 827 1627 cogitationes
849 1546 987 1624 faciunt,
1010 1556 1170 1629 111111-

192 1638 263 1696 tum
296 1633 397 1695 animi
430 1632 534 1696 nostri
567 1631 808 1696 contrahuntur
836 1631 872 1694 in
900 1652 994 1696 cruce
1027 1634 1171 1697 naturali

192 1717 379 1783 acerbitatis
408 1739 522 1796 sensu,
553 1726 682 1780 tantum
711 1716 873 1797 spirituali
898 1716 1022 1781 laetitia
1050 1718 1171 1783 diffun-

193 1803 321 1868 dantur.
368 1803 466 1868 Unde
502 1812 535 1868 et
549 1856 554 1868 .
568 1802 749 1885 gratiarum
779 1802 862 1865 11111
895 1805 1056 1885 sequitur,
1089 1826 1172 1886 quae

193 1888 285 1952 nulla
308 1889 378 1951 sine
401 1889 520 1972 gaudio
539 1908 609 1952 esse
631 1893 748 1970 potest.
785 1884 882 1965 Quod
901 1889 1017 1953 silaus
1038 1889 1172 1953 Domini

193 1981 226 2039 et
248 1976 428 2057 gratiarum
451 1975 535 2038 actio
558 1994 625 2036 non
643 1972 708 2035 nisi
730 1970 771 2034 ab
800 1972 898 2037 hilari
926 1973 1076 2056 laetoque
1098 1994 1172 2057 pec-

193 2064 264 2122 tore
297 2080 450 2123 emanare
484 2066 604 2141 potest,
637 2057 722 2121 nihil
752 2065 862 2120 111111
898 2071 948 2123 111
980 2061 1067 2141 quod
1101 2081 1173 2125 eam

192 2144 402 2226 interpellare
424 2145 459 2208 in
480 2143 573 2208 nobis
596 2141 718 2219 debeat,
743 2142 820 2207 hinc
840 2154 976 2226 apparet
993 2167 1093 2227 quam
1115 2168 1173 2210 ne-

195 2230 374 2294 cessarium
397 2229 447 2308 sit,
469 2231 572 2294 crucis
594 2227 847 2292 amaritudinem
872 2231 1035 2312 spirituali
1056 2231 1173 2315 gaudio

195 2315 385 2396 temperari.

281 2404 330 2462 26.
355 2397 557 2482 Quocunque
579 2406 691 2463 autem
712 2399 935 2464 tribulationis
958 2423 1077 2485 genere
1100 2424 1174 2484 pre·

193 2505 331 2563 mamur,
355 2484 578 2567 respiciendus
600 2506 729 2566 semper
747 2492 798 2549 est
814 2486 868 2550 hio
880 2488 963 2565 finis,
987 2496 1025 2551 ut
1046 2509 1173 2552 assues-

194 2590 305 2634 camus
333 2571 373 2633 ad
399 2572 581 2652 praesentis
608 2571 697 2635 vitae
725 2578 947 2653 contemptum
969 2573 1109 2655 indeque
1132 2571 1173 2638 ad

194 2656 325 2719 1111111
356 2656 604 2720 meditationem
637 2655 827 2720 excitemur.
884 2656 1047 2736 Quoniam
1084 2660 1173 2723 enirn

194 2741 315 2824 optime
348 2743 440 2806 novit
472 2742 638 2805 Dominus
670 2750 870 2824 quantopere
903 2744 939 2806 in
972 2764 1104 2808 caecum
1137 2765 1175 2810 ac

193 2826 377 2891 belluinum
405 2825 521 2890 mundi
549 2827 649 2890 huius
678 2848 823 2891 amorem
852 2829 954 2894 simus
983 2836 1103 2894 natura
1124 2832 1174 2894 in-

140 2976 142 2981 ,
193 2912 306 2976 clinati
336 2912 539 2994 aptissimam
568 2913 729 2976 rationem
757 2913 891 2977 adhibet
919 2916 960 2979 ad
987 2936 1048 2979 nos
1070 2925 1174 2980 retra

192 2997 320 3062 hendos
343 3005 377 3060 et
398 3006 563 3082 torporem
586 2998 835 3078 excutiendum,
867 3022 909 3063 ne
931 3002 1029 3065 nimis
1051 3003 1173 3067 tenaci·

193 3088 244 3146 ter
264 3083 301 3145 in
323 3104 360 3146 eo
384 3104 495 3147 amore
523 3084 795 3149 inhaerescamus.
841 3086 947 3150 Nemo
970 3086 1102 3169 quidem
1124 3095 1174 3153 est

192 3175 354 3246 nostrum,
377 3170 432 3251 qui
450 3191 517 3232 non
539 3168 645 3234 videri
662 3171 773 3253 cupiat
791 3169 832 3234 ad
850 3173 1022 3237 coelestem
1039 3174 1173 3237 immor·

192 3253 356 3317 talitatem
379 3255 738 3320 111111111111111111
770 3259 914 3340 aspirare
937 3260 1080 3323 1111111.
1104 3260 1174 3323 Pu·

193 3336 249 3402 det
270 3339 359 3402 enim
377 3360 437 3403 nos
466 3340 558 3403 nulla
586 3363 622 3405 re
651 3342 848 3407 antecellere
878 3344 993 3408 brutas
1021 3344 1172 3426 pecudes,

194 3444 333 3506 quarum
356 3425 497 3489 conditio
520 3425 623 3490 nihilo
645 3435 759 3491 nostra
787 3428 923 3493 inferior
945 3431 1056 3495 futura
1078 3431 1173 3508 11111,

192 3509 258 3575 uisi
286 3532 361 3592 spes
388 3512 591 3575 aeternitatis
618 3521 692 3594 post
720 3520 862 3578 mortem
891 3514 985 3579 nobis
1020 3517 1172 3598 supersit.

192 3596 320 3659 Verum
342 3596 370 3659 si
392 3597 535 3674 consilia,
559 3598 735 3679 proposita,
760 3598 883 3678 studia,
908 3602 993 3666 facta
1014 3602 1173 3683 cuiusque

194 3682 376 3758 examines,
410 3682 494 3745 nihil
527 3682 594 3748 illic
627 3683 715 3747 aliud
749 3684 874 3750 videbis
909 3709 1007 3769 quarn
1041 3695 1170 3751 terram.

192 3764 276 3829 Inde
300 3774 411 3829 autem
437 3766 493 3830 illa
520 3767 708 3850 stupiditas,
741 3771 828 3852 quod
855 3792 948 3835 mons
974 3781 1087 3837 nostra
1108 3773 1172 3836 111-

193 3871 273 3934 gore
308 3852 400 3914 inani
433 3873 547 3936 opum,
581 3856 762 3936 potentiae,
801 3857 966 3921 honorum
1000 3858 1173 3941 perstricta

193 3935 382 4016 hebetatur,
411 3960 452 4001 ne
481 3939 611 4022 longius
637 3949 760 4005 cernat.
807 3941 873 4006 Cor
902 3944 1000 4006 etiam
1023 3944 1171 4022 avaritia,

192 4022 379 4100 ambitione,
403 4021 539 4088 libidine
560 4035 754 4108 occupatum
777 4027 986 4110 degravatur,
1009 4051 1051 4093 ne
1073 4031 1172 4093 altius

193 4115 352 4192 assurgat.
399 4108 551 4192 Denique
572 4119 644 4175 tota
666 4113 775 4176 anima
807 4114 915 4177 carnis
944 4115 1104 4180 illecebris
1126 4115 1171 4179 ir-

192 4193 290 4257 retita
310 4192 500 4258 felicitatem
519 4196 555 4259 in
577 4204 665 4260 terra
687 4219 782 4262 suam
805 4200 940 4280 quaerit.
985 4202 1074 4265 Huic
1084 4201 1171 4265 malo

192 4286 230 4342 ut
263 4286 414 4344 occurrat
447 4280 628 4361 Dominus,
658 4283 798 4348 assiduis
830 4285 1039 4351 miseriarum
1073 4286 1172 4351 docu-

191 4365 312 4428 mentis
345 4387 421 4430 suos
456 4366 495 4430 de
527 4370 710 4448 praesentis
742 4370 831 4435 vitae
867 4373 1014 4436 vanitate
1048 4372 1168 4437 edocet.

190 4449 282 4532 Ergo
309 4471 350 4513 ne
379 4452 480 4515 altam
508 4452 569 4515 sibi
597 4463 631 4517 et
659 4475 808 4518 securam
836 4479 951 4538 pacem
978 4459 1015 4521 in
1036 4479 1074 4521 ea
1096 4478 1170 4538 pro·

191 4535 340 4612 mittant,
370 4537 423 4601 vel
445 4536 553 4616 bellis,
582 4539 635 4602 vel
657 4541 871 4619 tumultibusv,
897 4543 950 4608 111
978 4543 1168 4621 latrociniis,

191 4621 246 4685 vel
273 4620 345 4685 aliis
372 4621 504 4687 iniuriis
532 4624 709 4705 inquietari
736 4647 833 4707 saepe
862 4629 1072 4711 infestarique
1094 4650 1168 4710 per-

190 4706 301 4770 mittit.
345 4707 396 4770 Ne
426 4707 581 4773 aviditate
606 4710 708 4775 nimia
734 4711 834 4775 fluxis
863 4722 896 4775 et
923 4713 1052 4779 caducis
1085 4714 1168 4779 divi-

191 4790 247 4854 tiis
274 4792 418 4870 inhient,
447 4801 505 4857 aut
532 4795 579 4886 in⁸
589 4796 629 4860 iis
655 4818 735 4878 quas
763 4797 931 4878 possident
952 4799 1166 4880 acquiescant,

193 4897 282 4942 nunc
305 4878 435 4956 exsilio,
459 4900 547 4943 nunc
569 4882 739 4947 sterilitate
758 4891 874 4961 111111,
897 4905 986 4949 nunc
1008 4884 1167 4965 incendio,

191 4982 280 5059 nunc
303 4963 374 5028 aliis
395 4964 502 5029 modis
524 4965 566 5029 ad
593 4967 737 5050 inopiam
759 4990 814 5033 eos
837 4967 971 5052 redigit,
1001 4977 1058 5034 aut
1079 4980 1167 5037 certe

191 5067 227 5109 in
244 5047 467 5114 mediocritate
487 5051 641 5117 continet.
685 5056 736 5118 Ne
758 5055 897 5118 nimium
915 5055 1040 5137 placide
1057 5058 1092 5119 in
1110 5056 1167 5121 bo-

191 5132 243 5196 nis
275 5134 420 5217 coniugii
452 5135 660 5219 delicientur,
695 5151 752 5204 aut
785 5162 927 5204 uxorum
959 5141 1166 5224 improbitate

192 5220 304 5282 vexari
326 5220 412 5298 facit,
436 5229 494 5284 aut
515 5222 604 5287 mala
625 5227 783 5308 progenie
805 5226 892 5308 ipsos
914 5226 1080 5307 humiliat,
1110 5235 1167 5292 aut

1041 5532 1045 5545 1

750 327 1144 396 mariscalcum.
1168 329 1348 396 cuulad.
1375 334 1607 394 1539-1554.

2103 330 2188 389 1144

1807 429 1939 516 [1111
1957 441 2068 507 asom
2087 440 2194 495 ccco.

1218 519 1357 584 orbitate
1380 518 1505 601 aflligit.
1551 515 1648 596 Quod
1671 517 1699 579 si
1721 517 1756 580 in
1775 517 1828 581 his
1849 515 1999 598 omnibus
2016 517 2195 599 indulgen·

1218 607 1281 669 tior
1303 604 1367 669 illis
1390 613 1456 680 ost,
1486 625 1528 666 nc
1556 609 1667 666 tamen
1694 601 1747 667 vel
1776 601 1878 666 stulta
1905 602 2009 685 gloria
2033 602 2195 666 intumes-

1219 698 1310 768 cant,
1341 690 1394 756 vel
1417 687 1614 752 confidentia
1635 687 1817 766 exsultent,
1840 687 1964 752 morbis
1986 696 2019 750 et
2039 687 2197 770 periculis

1219 776 1259 841 ob
1280 777 1389 840 oculos
1417 775 1482 841 illis
1510 773 1617 856 ponit,
1650 795 1748 855 quam
1776 773 1942 838 instabilia
1968 774 2036 836 sint
2063 794 2100 837 ac
2118 794 2197 839 eva-

1219 861 1297 925 nida
1336 881 1547 944 quaecunque
1581 859 1773 923 mortalitati
1811 861 1950 924 obnoxia
1988 868 2067 922 sunt
2100 860 2196 923 bona.

1221 950 1307 1012 Tum
1330 967 1408 1029 ergo
1432 945 1562 1010 demum
1585 945 1648 1008 rite
1672 945 1861 1026 proficimus
1889 946 1993 1010 crucis
2016 944 2196 1026 disciplina,

1221 1033 1276 1097 ubi
1299 1032 1454 1098 discimus
1482 1031 1568 1094 hanc
1595 1029 1713 1107 vitam,
1744 1052 1846 1112 quum
1873 1031 1910 1093 in
1932 1052 1966 1094 se
1994 1031 2197 1107 aestimatur,

1220 1119 1410 1200 inquietam,
1434 1116 1671 1192 turbulentam,
1700 1117 1883 1181 innumeris
1904 1116 2010 1181 modis
2031 1118 2197 1192 miseram,

1222 1205 1315 1268 nulla
1337 1224 1377 1266 ex
1400 1211 1493 1284 parte
1515 1202 1611 1283 plane
1633 1201 1763 1265 beatam
1785 1223 1868 1280 esse;
1898 1201 2009 1265 omnia
2031 1222 2112 1283 quae
2143 1223 2199 1265 ae·

1223 1291 1401 1355 stimantur
1424 1289 1493 1352 eius
1513 1288 1609 1363 bona,
1633 1288 1771 1363 incerta,
1800 1288 1916 1364 fluida,
1946 1309 2047 1366 vana,
2068 1288 2200 1350 multis·

1223 1373 1463 1457 que'admixtis
1483 1373 1580 1436 malis
1602 1373 1718 1436 vitiata
1740 1394 1824 1450 esse;
1854 1381 1950 1455 atque
1973 1394 2015 1436 11
2037 1394 2075 1437 11
2097 1372 2201 1436 simul

1223 1461 1467 1536 constituimus,
1496 1458 1579 1522 nihil
1601 1458 1655 1523 hic
1678 1459 1898 1540 quaerendum
1921 1467 1979 1522 aut
2001 1458 2201 1540 sperandum

1245 1568 1321 1610 uam
1344 1553 1521 1634 certamem
1555 1543 1750 1608 attollendos
1779 1544 1814 1608 in
1836 1545 1964 1608 coelum
1985 1545 2108 1622 oculos,
2142 1544 2203 1608 ubi

1224 1570 1263 1696 de
1297 1652 1416 1696 corona
1449 1630 1639 1711 cogitamus.
1696 1627 1752 1694 Sic
1785 1631 1874 1694 enim
1916 1629 2101 1694 habendum
2135 1640 2201 1694 est:

1223 1739 1392 1799 nunquam
1415 1717 1497 1780 serio
1517 1714 1559 1779 ad
1576 1715 1705 1779 futurae
1723 1716 1810 1780 vitae
1828 1714 2024 1779 desiderium
2043 1713 2202 1779 11111111-

1223 1804 1382 1866 tationem
1409 1801 1491 1883 erigi
1520 1800 1681 1877 animum,
1711 1801 1773 1864 nisi
1803 1802 1983 1883 praesentis
2012 1810 2203 1883 contemptu

1226 1897 1301 1953 ante
1322 1889 1466 1952 imbutus
1488 1886 1595 1950 fuerit.

1311 1978 1360 2036 27.
1385 1972 1557 2055 Siquidem
1578 1971 1666 2035 inter
1688 1971 1752 2054 ista
1774 1972 1839 2036 duo
1861 1973 1943 2036 nihil
1965 1971 2112 2035 medium
2135 1981 2200 2038 est:

1226 2068 1283 2123 aut
1312 2060 1447 2123 vilescat
1479 2058 1572 2122 nobis
1602 2063 1690 2120 terra
1718 2065 1857 2139 oportet,
1892 2068 1950 2122 aut
1984 2059 2201 2140 intemperato

1226 2166 1336 2210 amore
1364 2145 1415 2208 sui
1442 2144 1570 2208 vinctos
1597 2163 1657 2207 nos
1685 2142 1836 2207 detineat.
1886 2143 2047 2221 Proinde,
2081 2145 2108 2208 si
2136 2166 2203 2225 qua

1225 2230 1427 2294 aeternitatis
1450 2249 1529 2295 cura
1552 2237 1617 2304 est,
1646 2229 1711 2292 huc
1733 2229 1908 2311 diligenter
1933 2229 2201 2307 incumbendum,

1226 2323 1264 2379 ut
1290 2316 1386 2380 maha
1412 2316 1485 2380 istis
1514 2312 1725 2395 compedibus
1753 2335 1813 2378 nos
1842 2315 2050 2397 explicemus
2095 2315 2202 2378 Porro

1227 2403 1381 2482 quoniam
1415 2400 1574 2484 plurimas
1607 2398 1784 2464 blanditias
1814 2400 1914 2464 habet
1945 2421 2099 2483 praesens
2122 2401 2201 2479 vita,

1227 2488 1345 2569 quibus
1367 2508 1426 2552 nos
1455 2485 1611 2568 pelliciat,
1642 2486 1781 2550 multam
1809 2486 2031 2563 amoenitatis,
2065 2488 2201 2569 gratiae,

1227 2573 1398 2637 suavitatis
1420 2574 1576 2655 speciem,
1606 2591 1672 2652 qua
1693 2592 1752 2636 nos
1773 2570 1970 2649 demulceat,
2003 2593 2202 2654 magnopere

1226 2664 1338 2722 nostra
1359 2660 1467 2736 refert,
1491 2656 1752 2721 identidem‘nos
1775 2659 1918 2736 avocari,
1947 2656 2128 2721 natalibus
2150 2658 2200 2720 le-

1226 2745 1363 2809 nociniis
1390 2745 1598 2815 fascinamur.
1645 2740 1733 2821 Quid
1761 2743 1849 2806 enim
1877 2744 2006 2808 obsecro
2028 2744 2134 2818 fieret,
2168 2743 2198 2806 si

1226 2838 1383 2912 perpetuo
1412 2830 1573 2894 bonorum
1603 2849 1640 2892 ac
1668 2828 1831 2892 felicitatis
1854 2850 2014 2894 concursu
2034 2828 2198 2891 11111111-

1226 2937 1347 2994 remur,
1371 2937 1474 2997 quum
1495 2913 1636 2978 assiduis
1657 2913 1820 2976 malorum
1850 2915 1991 2979 stimulis
2010 2935 2075 2978 non
2095 2915 2200 2995 possi-

1225 3023 1300 3065 mus
1333 3001 1413 3065 satis
1446 3000 1659 3083 expergefieri
1692 2998 1734 3062 ad
1761 2999 1976 3082 reputandam
2005 3001 2075 3064 eius
2102 2999 2201 3064 mise·

1225 3087 1330 3150 riam?
1372 3087 1486 3151 Vitam
1518 3086 1697 3161 humanam
1729 3086 1810 3149 funii
1843 3085 1896 3151 vel
1927 3087 2064 3149 umbrae
2096 3085 2203 3149 instar

1226 3193 1305 3250 esse,
1328 3193 1395 3237 non
1418 3173 1514 3236 modo
1538 3170 1674 3235 eruditis
1692 3179 1806 3234 notum
1825 3179 1882 3250 est,
1906 3169 1963 3236 sed
1980 3172 2101 3254 vulgus
2123 3191 2203 3252 quo-

1227 3280 1290 3340 que
1325 3259 1497 3322 hominum
1536 3256 1746 3339 proverbium
1782 3257 1912 3320 nullum
1948 3259 2054 3339 magis
2086 3258 2204 3321 tritum

1226 3343 1332 3408 habet.
1377 3344 1423 3408 Et
1449 3345 1525 3426 quia
1552 3364 1623 3406 rem
1650 3363 1720 3407 esse
1748 3341 1903 3407 videbant
1925 3344 1959 3407 in
1988 3343 2103 3426 primis
2125 3363 2203 3424 cog-

1225 3430 1298 3492 nitu
1322 3430 1451 3507 utilem,
1485 3429 1598 3493 multis
1626 3428 1813 3511 insignibus
1840 3430 2010 3492 sententiis
2037 3448 2203 3493 commen-

1226 3515 1354 3579 darunt.
1400 3516 1527 3578 Verum
1549 3513 1640 3578 nulla
1662 3514 1729 3578 1111
1752 3535 1804 3578 111
1826 3523 1886 3592 111,
1907 3536 2006 3596 quam
2024 3514 2078 3578 vel
2097 3513 2204 3595 nagh-

1225 3601 1354 3684 gentius
1377 3600 1609 3682 expendamus,
1632 3598 1685 3663 vel
1706 3602 1815 3664 minus
1836 3600 2090 3664 meminerimus.
2120 3597 2203 3663 Om-

1225 3687 1280 3750 nia
1312 3688 1399 3750 enim
1431 3685 1584 3750 molimur
1618 3685 1753 3767 perinde
1787 3692 1883 3767 atque
1923 3683 2204 3750 immortalitatem

1224 3772 1317 3836 nobis
1338 3773 1374 3835 in
1397 3781 1485 3836 terra
1507 3771 1750 3837 constituentes.
1796 3768 1834 3835 Si
1859 3773 1995 3836 effertur
2022 3770 2203 3834 111111111-

1224 3857 1319 3940 quod,
1343 3857 1396 3920 vel
1413 3859 1500 3921 inter
1518 3857 1667 3939 sepulcra
1690 3857 1908 3935 ambulamus,
1932 3858 2008 3940 quia
2024 3864 2103 3920 tunc
2125 3877 2204 3920 ocu-

1223 3943 1264 4007 lis
1296 3941 1488 4008 obversatur
1514 3944 1628 4006 mortis
1655 3943 1880 4020 simulacrum,
1911 3944 2056 4026 egregie,
2086 3941 2200 4019 fateor,

1223 4027 1263 4092 de
1290 4029 1377 4093 vitae
1406 4028 1502 4093 huius
1531 4030 1690 4093 inanitate
1705 4028 1729 4112 ¹)
1757 4029 2034 4112 philosophamur.
2085 4025 2200 4106 Quan-

1222 4135 1321 4195 quam
1331 4136 1373 4178 ne
1384 4114 1417 4178 id
1429 4114 1558 4196 quidem
1570 4115 1706 4178 facimus
1717 4122 1890 4196 perpetuo:
1909 4116 2101 4196 plerumque
2113 4114 2201 4175 111111

1221 4200 1306 4263 nihil
1333 4221 1391 4264 nos
1420 4200 1566 4264 afficiunt
1593 4202 1657 4264 ista
1684 4201 1808 4278 omnia;
1842 4222 1957 4265 verum
1986 4200 2042 4264 ubi
2071 4198 2199 4276 accidit,

1221 4293 1448 4350 momentanea
1465 4293 1515 4350 est
1534 4286 1748 4368 philosophia,
1772 4307 1854 4368 quae
1872 4286 1968 4351 simul
1987 4294 2084 4367 atque
2105 4293 2202 4366 terga

1222 4373 1395 4450 vertimus,
1419 4373 1599 4450 evanescit,
1633 4392 1670 4436 ac
1699 4392 1742 4434 ne
1770 4373 1943 4436 minimum
1970 4371 2100 4454 quidem
2126 4375 2203 4451 post

1223 4479 1257 4522 se
1284 4458 1518 4522 recordationis
1548 4459 1723 4540 vestigium
1758 4459 1921 4540 relinquit.
1966 4459 2079 4539 Neque
2112 4456 2203 4519 enim

1222 4544 1337 4608 mortis
1366 4551 1512 4621 tantum,
1548 4543 1604 4607 sed
1632 4544 1842 4608 mortalitatis
1870 4565 1995 4626 quoque
2020 4544 2121 4625 ipsius
2143 4540 2202 4605 ob-

1221 4628 1280 4706 liti,
1304 4651 1341 4694 ac
1365 4630 1391 4694 si
1415 4629 1528 4693 nullus
1550 4650 1697 4710 unquam
1719 4629 1759 4692 de
1779 4651 1818 4694 ca
1839 4650 1952 4694 rumor
1976 4629 2017 4693 ad
2038 4649 2097 4692 nos
2125 4647 2202 4709 per·

1220 4716 1372 4792 venisset,
1395 4716 1429 4778 in
1454 4715 1609 4797 supinam
1631 4722 1780 4780 terrenae
1801 4716 2056 4780 immortalitatis
2078 4713 2201 4778 securi-

1220 4807 1321 4864 tatem
1350 4801 1560 4866 revolvimur.
1607 4798 1645 4865 Si
1669 4802 1741 4883 quis
1763 4802 1895 4866 interim
1916 4801 2123 4883 proverbium
2147 4820 2230 4863 oc·-

1219 4887 1322 4964 cinat,
1353 4887 1523 4950 hominem
1552 4887 1674 4950 animal
1702 4909 1772 4951 esse
1800 4888 2026 4970 ephemerum,
2058 4887 2203 4949 fatemur

1218 4970 1252 5034 id
1273 4971 1412 5054 quidem,
1437 4969 1494 5036 sod
1517 4971 1597 5036 adeo
1619 4971 1710 5037 nulla
1730 4975 1918 5050 attentione,
1941 4980 1979 5036 ut
1999 4971 2202 5054 perpetuita-

1219 5058 1260 5122 tis
1282 5059 1435 5141 cogitatio
1458 5056 1677 5123 nihilominus
1700 5059 1816 5122 animis
1838 5057 1984 5122 insideat.
2020 5056 2104 5138 Quis
2121 5078 2202 5142 ergo

1286 5244 1315 5312 1)
1333 5246 1453 5298 vanitate
1473 5243 1540 5297 1545
1560 5260 1630 5315 seqq.
