4770 6030
170 352 231 415 666
754 346 853 413 666.
875 347 917 411 v.
962 347 1027 414 66
1048 344 1218 416 nausis
1240 345 1580 414 saoaarmums.
1631 322 1632 325 ‘
2068 387 2072 397 ·
2117 356 2177 418 ise

166 547 233 617 tes,
255 537 313 603 sed
335 538 461 603 curiose
483 544 617 621 agentes
640 537 674 622 (2
694 537 808 603 Thess.
828 537 872 621 3).
891 536 925 621 ¹).
970 537 1073 603 Alibi:
1105 560 1146 603 66
1199 542 1266 601 tem
1291 536 1476 608 senioribus
1497 538 1674 620 ephesinae
1696 538 1864 604 eeclesiae:
1895 538 2066 604 Attendite
2086 542 2179 607 vobis

168 626 219 691 bis
247 632 339 703 sunt,
366 624 422 706 qui
448 629 623 705 penetrant
649 623 761 688 domos
789 630 822 689 et
848 625 994 705 captivas
1023 623 1148 690 ducunt
1199 628 1233 687 et
1258 623 1412 687 universo
1441 625 1549 707 gregi,
1576 626 1629 689 eui
1656 645 1715 691 vos
1744 625 1878 708 spiritus
1905 632 2036 690 sanctus
2058 628 2179 692 consti·

167 709 376 776 mulierculas
392 716 544 775 oneratas
561 710 711 791 pcccatis,
730 729 858 792 semper
873 709 1043 787 discentes,
1062 733 1148 775 nun·
1199 709 1263 773 tnit
1284 709 1465 790 episcopos,
1493 708 1536 775 ad
1564 710 1742 794 regendam
1772 710 1942 788 ecclesiam
1968 712 2047 790 Dei,
2080 734 2179 795 quam

167 818 266 880 quam
287 795 329 861 ad
351 795 521 861 scientiam
542 796 690 861 veritatis
711 796 939 878 pervenientes
957 796 991 881 (2
1004 796 1087 860 Tim.
1101 795 1146 880 3).
1201 795 1373 877 acquisivit
1404 796 1563 878 sangiune
1595 818 1662 862 suo.
1725 794 1783 862 Sic
1816 796 2024 879 Archippum
2053 797 2179 865 Paulus
2311 829 2315 836 ¹

167 883 270 961 Haec,
291 882 435 964 inquam,
457 881 563 966 elogia
583 882 668 946 iusto
690 881 862 969 interdicto
884 881 1051 947 vindicare
1073 898 1148 948 cum
1201 887 1434 946 commemorat
1465 879 1708 948 Colossensium
1738 883 1925 965 episcopum
1952 881 2035 964 ((161.
2060 883 2110 967 4),
2146 891 2180 949 61

167 970 303 1053 possint,
326 967 546 1050 apostolorum
564 968 663 1046 vices,
686 988 705 1031 a
727 967 843 1049 quibus
864 973 934 1031 tam
955 968 1068 1049 procul
1091 969 1148 1033 ab·
1202 965 1288 1045 alibi,
1311 964 1573 1049 Philippensium
1597 969 1762 1051 episcopos
1785 968 1885 1054 (Phil.
1909 967 1951 1052 1).
2201 969 2207 973 “

169 1062 246 1122 sunt
266 1075 364 1138 quam
387 1053 622 1131 6666166116
641 1053 835 1136 relinquant.
868 1054 959 1136 Ergo
982 1053 1147 1119 1666666-
1287 1053 1380 1117 Haeo
1403 1052 1459 1117 ubi
1479 1055 1580 1136 probe
1596 1055 1825 1120 animadversa
1843 1055 1973 1132 1666161,
1990 1064 2180 1138 6666661666

169 1141 248 1207 16111
275 1139 389 1205 ordine
417 1140 453 1203 in
480 1160 600 1223 genere
622 1138 807 1217 videamus,
836 1160 935 1222 quam
956 1139 1040 1204 belle
1074 1160 1149 1205 cum
1201 1139 1264 1203 erit
1285 1138 1430 1216 definire,
1453 1160 1536 1221 quae
1559 1141 1602 1205 sit
1627 1142 1892 1226 presbyterorum
1912 1140 2044 1219 1666116,
2067 1143 2123 1223 661
2144 1143 2180 1207 16

169 1225 389 1310 apostolorum
416 1225 580 1290 functione
607 1225 787 1290 conveniat
838 1225 1001 1290 Dominus
1028 1232 1147 1305 noster,
1199 1225 1464 1310 presbyterorum
1486 1225 1599 1291 ordine
1620 1226 1762 1292 habendi
1785 1227 1860 1305 sint,
1885 1227 1938 1292 vol
1961 1228 2077 1310 potius,
2101 1227 2178 1311 quid

169 1334 245 1380 oum
271 1311 418 1377 nondum
439 1319 525 1376 esset
550 1311 619 1375 ulla
645 1311 799 1376 ecelesiae
827 1312 932 1376 forma
963 1312 1147 1390 constituta,
1201 1311 1333 1376 omnino
1355 1310 1497 1376 6116616
1519 1313 1597 1395 ipse.
1642 1313 1783 1378 Functio
1805 1318 1869 1392 661,
1892 1311 2100 1396 evangelium
2116 1336 2181 1378 an·

169 1397 323 1482 apostolis
346 1399 413 1462 suis
434 1397 612 1477 mandavit,
634 1403 673 1461 ut
692 1396 921 1479 praedicarent
941 1398 1149 1481 evangelium
1200 1397 1358 1463 nunciare
1382 1404 1416 1460 et
1437 1406 1642 1464 sacramenta
1663 1398 1900 1464 administrem.
1934 1397 2060 1464 Omitto
2077 1420 2181 1481 quan·

169 1484 258 1551 omni
280 1490 449 1549 creaturae
470 1490 504 1547 et
531 1482 700 1548 credentes
727 1483 762 1546 16
789 1484 1014 1549 remissionem
1035 1504 1149 1567 pecca·
1194 1489 1237 1573 tq
1256 1502 1387 1548 morum
1407 1483 1596 1567 integritate
1616 1484 1784 1563 excellere,
1806 1482 1885 1567 quid
1912 1485 2050 1568 singulis
2072 1487 2181 1567 priva·

170 1577 278 1636 torum
299 1570 502 1653 baptisarent
528 1568 646 1654 (Mare.
665 1568 749 1655 ult).
793 1570 903 1640 Antea
924 1576 1034 1634 autem
1054 1591 1149 1634 man·
1201 1569 1262 1632 tim
1288 1579 1456 1652 praestare
1485 1570 1810 1650 senioresdebeant3
1838 1571 2059 1653 nequeenim
2087 1592 2181 1654 prae-

171 1656 321 1733 daverat,
345 1662 383 1719 ut
404 1677 498 1721 sacra
519 1655 668 1741 symbola
688 1655 832 1738 corporis
854 1662 887 1720 et
908 1657 1077 1739 sanguinis
1098 1656 1149 1720 sui
1202 1655 1304 1720 sentis
1316 1655 1468 1720 instituti
1490 1663 1548 1734 est,
1571 1678 1683 1722 omues
1704 1658 1781 1723 boni
1802 1657 1941 1739 pastoris
1964 1655 2054 1721 dotes
2072 1678 2181 1739 perse-

171 1741 214 1807 ad
242 1742 430 1823 exemplum
458 1763 554 1806 suum
582 1740 827 1820 distribuerent3
863 1740 903 1805 de
937 1741 1149 1812 sacrificando
1203 1742 1273 1822 qui,
1303 1740 1360 1806 sed
1389 1747 1519 1805 tantum
1546 1742 1690 1809 indicare
1712 1743 1789 1826 quid
1810 1745 2040 1825 profiteantur,
2068 1744 2124 1826 qui
2146 1765 2182 1808 se

169 1827 263 1893 nulle
283 1828 405 1892 mentio
427 1827 523 1912 (Luc.
543 1827 609 1912 22).
653 1828 708 1892 En
729 1835 890 1906 sanctam,
918 1828 1148 1906 inviolabilem,
1200 1827 1407 1912 presbyteros
1429 1828 1604 1910 appellant
1652 1828 1835 1912 Episcopus
1857 1835 1920 1907 est,
1943 1828 1999 1910 qui
2020 1829 2062 1893 ad
2083 1829 2181 1893 mini-

211 1921 424 1997 rpetuamque
452 1913 560 1997 legem
587 1913 773 1996 impositam
798 1913 853 1979 his
876 1915 932 1996 qui
958 1914 993 1978 in
1022 1920 1149 1996 aposto-
1202 1914 1350 1978 sterium>
1366 1911 1464 1980 verbi
1491 1923 1525 1978 et
1550 1923 1829 1980 sacramentorum
1857 1923 2007 1992 vocatus,
2038 1915 2182 1980 officium

184 2020 279 2065 orum
299 1999 408 2065 locum
429 1999 616 2077 succedunt,
638 2019 703 2081 qua
719 1998 912 2064 mandatum
929 2001 1092 2082 accipiunt
1109 1999 1150 2064 de
1201 2020 1298 2063 suum
1319 1999 1406 2065 bona
1433 2000 1498 2066 fide
1525 2002 1705 2084 exequitur.
1759 2001 1938 2083 Episcopos
1960 2008 1993 2064 et
2013 2000 2182 2085 presbyte-

173 2085 335 2169 evangelii
365 2083 406 2170 [p.
427 2083 503 2170 679]
532 2084 773 2167 praedicatione
806 2093 839 2150 et
871 2093 1150 2152 sacramentorum
1201 2105 1255 2149 ros
1279 2082 1320 2171 [p
1340 2085 1417 2173 361]
1434 2088 1619 2170 promiscue
1639 2107 1719 2152 6666
1741 2085 1896 2152 ecelesiae
1912 2087 2087 2151 ministros.
2117 2084 2182 2151 Or-

173 2170 463 2237 administratione.
513 2172 604 2255 Ergo
637 2171 692 2253 qui
727 2171 889 2256 evangelii
916 2171 1149 2254 praedicationi
1202 2169 1253 2249 do,
1276 2179 1327 2237 est
1346 2174 1418 2255 ipsa
1440 2173 1574 2239 vocatio.

173 2279 212 2323 ae
237 2264 516 2322 sacramentorum
544 2257 817 2322 administrationi
849 2279 916 2323 non
946 2258 1149 2336 incumbunt,
1288 2257 1393 2323 Porro
1421 2280 1505 2343 quae
1532 2259 1577 2324 611
1604 2259 1687 2323 ratio
1715 2258 1908 2337 vocationis,
1936 2280 2024 2323 nunc
2046 2257 2182 2324 docendi

172 2342 392 2427 apostolorum
408 2364 583 2425 personam
598 2343 745 2424 improbe
761 2350 966 2426 praetexunt
992 2344 1149 2422 Rursum,
1203 2343 1294 2408 16666
1313 2352 1371 2410 661
1405 2346 1516 2412 11616
1538 2344 1663 2410 duobus
1685 2349 1848 2410 versatur:
1871 2365 1989 2426 nempe
2006 2352 2044 2408 ut
2061 2344 2181 2410 habea·

172 2430 229 2512 661
251 2430 444 2507 sacrificant,
467 2450 639 2495 commune
662 2451 736 2494 cum
758 2429 911 2512 apostolis
932 2430 1151 2496 ministerium
1201 2435 1277 2494 mus
1298 2437 1332 2495 et
1361 2433 1521 2514 aquibus
1542 2428 1735 2496 instituendi
1760 2429 1827 2494 6161
1848 2431 1988 2512 66166661
2012 2450 2070 2494 seu
2090 2451 2181 2512 pres·
2215 2447 2220 2452 '

171 2513 255 2580 falso
275 2516 406 2581 iactant
1184 2515 1319 2615 161661,
1342 2523 1376 2581 61
1397 2538 1463 2600 666
1489 2518 1555 2582 6116
1575 2536 1681 2599 66666
1703 2516 1906 2581 caeremonia
1926 2515 2085 2579 initiandi.
2115 2518 2181 2581 Le-

259 2600 417 2666 Nonnibil
440 2608 550 2666 autem
570 2602 657 2667 inter
678 2601 838 2684 apostolos
860 2608 894 2666 et
914 2620 970 2666 666
991 2604 1046 2685 661
1063 2624 1151 2668 nunc
1203 2602 1338 2684 grtimae
1374 2603 1590 2669 institutionis
1626 2600 1857 2667 documentum
1889 2621 1931 2664 66
1963 2601 2182 2682 apostolorum

172 2686 325 2772 regendis
352 2687 496 2753 eeclesiis
526 2708 677 2769 praeesse
709 2686 843 2767 debent,
877 2689 1021 2752 interest
1075 2688 1151 2752 Pri·
1204 2688 1407 2754 institutione
1434 2690 1501 2773 peti
1530 2709 1597 2754 non
1621 2693 1741 2771 potest,
1771 2687 1825 2769 qui
1847 2686 1992 2750 humana
2013 2689 2182 2752 vocatione

171 2794 279 2850 mum,
307 2774 455 2852 nomine;
481 2772 568 2855 quod
599 2773 730 2838 tametsi
758 2795 800 2838 66
829 2774 954 2838 ratione
981 2780 1015 2839 61
1042 2782 1151 2859 etymo
1201 2794 1267 2838 non
1289 2782 1474 2857 expectata,
1502 2775 1560 2840 sed
1588 2774 1656 2840 solo
1676 2773 1812 2838 Domini
1841 2769 1996 2836 mandato
2019 2773 2180 2851 instructi,

172 2859 279 2937 verbi,
302 2860 431 2942 utrique
454 2859 590 2942 apostoli
612 2861 722 2925 vocari
742 2866 896 2942 possunt,
924 2860 1001 2941 quia
1022 2861 1151 2943 utrique
1203 2860 1293 2942 operi
1314 2882 1349 2926 se
1371 2862 1592 2927 accinxerunt
1636 2859 1706 2925 Nec
1728 2880 1825 2941 quem
1847 2858 1910 2941 ipbi
1935 2857 2071 2940 apostoli
2093 2857 2180 2922 ordi·

170 2945 264 3010 missi
293 2953 370 3009 sunt
398 2967 418 3010 6
445 2946 587 3010 Domino
615 2945 796 3030 (Remclb.
825 2946 906 3010 Luc.
926 2945 977 3030 6);
1006 2945 1079 3011 illos
1101 2955 1151 3010 ta-
1202 2964 1279 3010 nem
1305 2948 1471 3012 tenuerint
1495 2948 1574 3013 satis
1601 2951 1740 3011 constat:
1770 2945 1833 3008 nisi
1861 2942 1946 3025 quod
1973 2943 2112 3020 Paulus,
2142 2964 2180 3008 eo

171 3052 250 3096 men
272 3029 442 3096 duodecim
467 3031 676 3114 peculiariter
697 3032 797 3115 elegit
816 3031 992 3109 Dominus,
1016 3033 1072 3114 qui
1093 3052 1151 3097 no·
1203 3053 1300 3115 quem
1321 3054 1368 3097 nu
1392 3054 1428 3097 er
1449 3033 1621 3099 citavimus
1642 3031 1712 3096 1666
1733 3029 1848 3107 tradit,
1878 3052 1914 3094 se
1934 3030 2102 3112 reliquisse
2123 3029 2179 3094 li·

170 3138 251 3184 vam
273 3117 434 3201 evangelii
459 3117 733 3200 praedicationem
755 3117 825 3182 orbi
851 3117 1098 3200 promulgarent
1119 3122 1153 3182 61
1202 3124 1275 3183 tum
1296 3119 1331 3182 in
1354 3055 1454 3184 dieta
1475 3126 1513 3183 ut
1534 3119 1700 3201 episcopos
1721 3137 1780 3200 per
1801 3117 1950 3182 civitates
1972 3117 2183 3181 666611166661

172 3202 335 3285 apostolos
362 3203 570 3286 peculiariter
591 3203 701 3269 vocari
722 3203 839 3283 voluit,
855 3204 944 3285 quia
965 3205 1078 3286 magni
1099 3225 1152 3269 re·
1205 3204 1283 3289 (uit.
1313 3203 1363 3289 1),
1394 3213 1427 3270 et
1454 3204 1531 3280 alibi
1553 3203 1762 3268 Timotheum
1784 3201 1956 3280 admonet,
1984 3223 2026 3266 ne
2055 3203 2106 3266 eui
2131 3208 2181 3266 te-

171 3288 299 3354 serebat
324 3296 449 3354 certam
476 3288 590 3354 haberi
617 3289 657 3354 de
679 3310 792 3354 eorum
816 3290 971 3354 missione
992 3291 1150 3374 cognitio·
1202 3311 1293 3355 mere
1326 3311 1461 3355 manum
1492 3291 1639 3373 imponat
1672 3289 1704 3374 (1
1731 3289 1814 3353 Tim.
1840 3288 1884 3372 5').
1937 3288 1984 3352 Et
2009 3288 2119 3352 Lucas
2146 3288 2181 3352 in

171 3396 266 3454 nem,
293 3375 349 3457 qui
375 3396 447 3440 rem
473 3397 593 3442 novam
619 3382 653 3439 et
679 3374 861 3441 inauditam
888 3376 1053 3440 afferrent
1103 3374 1151 3440 Hi
1202 3377 1296 3441 Actis
1315 3377 1417 3441 refert
1438 3376 1526 3461 (Act.
1548 3376 1618 3460 14),
1648 3375 1795 3440 6Ρ6616
1823 3382 1856 3438 61
1878 3373 2033 3438 Bernaba
2060 3374 2180 3437 consti·

171 3460 355 3546 presbyteri
376 3468 410 3526 et
431 3462 571 3545 episcopi
597 3462 703 3545 magis
725 3461 885 3527 11666166.
929 3460 1066 3526 Deinde
1080 3461 1151 3526 offi-
1202 3458 2180 3548 1616666661666166166166661666,16666666116116616·

173 3547 241 3622 616,
270 3545 356 3628 6661
378 3548 507 3612 tametsi
528 3548 674 3630 utrisque
695 3568 866 3613 commune
888 3553 942 3612 est·
959 3548 1096 3613 verbum
1116 3555 1152 3613 61
1202 3568 1320 3612 norum
1342 3550 1504 3627 ecelesias,
1526 3548 1741 3633 presbyteros.
1786 3546 1858 3610 Hos
1879 3565 1957 3610 vero
1977 3544 2063 3609 locos
2084 3543 2181 3608 valde

173 3640 380 3698 sacramenta
390 3634 585 3712 ministrare,
608 3631 986 3712 illistamenduodecim,
1009 3654 1151 3719 evange·
1201 3634 1409 3699 illustrarimt
1435 3635 1559 3699 mitrati
1588 3634 1770 3717 pontifices,
1796 3637 1834 3695 ut
1854 3651 1909 3695 eos
1930 3651 2043 3694 omnes
2065 3629 2180 3709 solent,

172 3718 257 3782 lium
286 3740 440 3803 spargere
471 3720 507 3783 in
535 3721 644 3786 666166
675 3709 824 3803 regiones
856 3718 1048 3784 mandatum
1081 3726 1152 3786 erat
1202 3721 1256 3803 qui
1279 3720 1322 3785 ad
1342 3721 1465 3786 farinas
1492 3721 1598 3785 facere
1621 3718 1784 3784 videntur.
1829 3716 1911 3780 Inde
1932 3717 2020 3779 enim
2042 3715 2181 3799 eollege-

172 3803 274 3869 nullis
295 3806 478 3871 constitutis
498 3806 618 3872 finibus
639 3805 727 3890 (Act.
750 3804 791 3890 1),
814 3805 867 3870 his
884 3805 1032 3889 singulae
1049 3807 1151 3872 cccle-
1203 3816 1294 3883 runt,
1323 3807 1409 3872 solis
1421 3807 1483 3872 sibi
1504 3827 1574 3870 esse
1602 3809 1796 3887 potestatem
1816 3801 1988 3866 ordinandi
2011 3809 2045 3865 61
2065 3823 2179 3867 66666·

173 3891 243 3956 6166
265 3891 481 3974 assignantur.
532 3892 646 3975 Neque
673 3892 727 3957 hic
753 3899 931 3957 tamenne
973 3898 1043 3970 tur,
1072 3893 1151 3975 quin
1202 3892 1316 3957 orandi
1344 3893 1566 3977 presbyteros,
1595 3897 1632 3954 ut
1652 3891 1843 3973 loquuntur,
1860 3896 1906 3967 ,et
1926 3895 1964 3951 61
1985 3909 2080 3952 suam
2099 3908 2177 3953 con·

173 3976 257 4041 alias
274 3978 425 4042 ecelesias
442 3978 557 4044 iuvare
574 3979 604 4042 ei
621 3977 725 4055 liceat,
745 3978 801 4060 qui
813 3978 870 4042 uni
884 3999 938 4044 ecc
952 3978 1038 4043 esiae
1054 3999 1149 4060 prae·
1202 3979 1416 4044 secretionem
1442 3975 1613 4062 splendida
1640 3976 1749 4058 aliqua
1776 3975 1869 4039 larva
1896 3974 2118 4039 venerabilem
2140 3995 2178 4039 66

173 4068 239 4141 661,
266 4064 335 4129 6166
356 4063 434 4145 quid
456 4065 627 4129 turbarum
653 4063 805 4128 inciderit
824 4063 910 4147 6661
930 4065 1149 4146 praesentiam
1201 4063 1386 4147 religiosam
1403 4064 1561 4147 imperitis
1578 4063 1731 4141 facerent,
1753 4061 1866 4126 multis
1888 4061 2098 4125 eaeremoniis
2121 4058 2178 4123 ed·

173 4149 245 4213 6166
271 4150 431 4231 66661661,
461 4151 530 4215 6166
558 4149 675 4214 absens
703 4149 852 4215 absentes
881 4150 1009 4233 seriptis
1035 4149 1149 4216 docere
1201 4150 1407 4215 umbrarrmt.
1462 4151 1510 4214 At
1547 4148 1721 4228 falluntur,
1761 4147 1840 4212 dum
1872 4146 2061 4211 existimant
2093 4143 2181 4208 aliud

171 4235 290 4318 possit;
317 4235 374 4300 sed
396 4236 472 4317 quia
492 4236 534 4300 ad
555 4235 760 4301 retinendam
782 4236 936 4301 ecclesiae
956 4258 1071 4318 paoem
1092 4258 1150 4302 ne-
1201 4236 1368 4321 qm'dpiam
1399 4257 1470 4303 esse
1496 4255 1686 4321 consecrare
1712 4242 1746 4299 et
1773 4233 1925 4298 ordinare
1951 4253 2050 4314 quam
2077 4230 2179 4294 ecole-

173 4322 316 4386 eessaria
338 4328 388 4385 cst
408 4323 509 4386 istaec
526 4322 647 4404 politia,
669 4323 843 4404 unicuique
860 4343 932 4387 esse
948 4324 1150 4404 propesitum
1201 4324 1269 4389 siae
1295 4324 1482 4406 episcopmu
1511 4329 1544 4386 et
1570 4327 1734 4404 pastorem
1758 4316 1798 4405 [6.
1818 4317 1894 4405 382]
1920 4319 2129 4393 constituere,
2150 4316 2179 4380 si

172 4405 261 4487 qnod
288 4416 379 4490 agat,
407 4429 449 4471 ne
476 4407 572 4472 simul
596 4406 637 4494 [p.
657 4404 733 4492 380]
759 4428 871 4472 omnes
899 4408 1148 4487 tumultuentur,
1201 4418 1313 4474 tamen
1334 4411 1428 4474 iuxta
1448 4408 1546 4474 Pauli
1567 4408 1805 4490 praescriptum
1826 4412 2017 4471 consecrant
2038 4410 2070 4465 et
2091 4400 2178 4464 ordi-

172 4492 247 4558 sine
277 4494 445 4558 vocatione
467 4495 584 4559 incerti
614 4493 811 4571 discurrant,
843 4495 880 4557 in
907 4515 1010 4557 unum
1037 4514 1149 4559 omnes
1202 4504 1292 4579 6661.
1338 4494 1436 4576 Quod
1458 4496 1486 4559 61
1507 4494 1604 4558 611166
1625 4501 1742 4577 agcmt,
1771 4491 1991 4575 6666166166
2013 4486 2109 4552 Pauli
2131 4486 2178 4550 lo-

172 4577 282 4643 locmn
311 4589 432 4644 temere
448 4581 620 4646 'confluant
646 4587 679 4644 61
707 4600 749 4643 66
775 4600 896 4645 vacuas
918 4579 1069 4645 ecclesias
1089 4601 1149 4662 pro
1202 4603 1257 4647 cos
1279 4581 1321 4646 ed
1348 4579 1637 4646 suamlibidinem
1666 4580 1866 4660 detorquent.
1914 4577 2059 4639 1116666
2081 4572 2179 4656 longe

171 4662 308 4730 libidine
334 4665 496 4730 deserant.
540 4667 637 4731 Hanc
667 4665 906 4730 distinctionem
932 4666 1041 4748 posuit
1060 4666 1149 4731 Pau·
1203 4668 1297 4732 ahter
1324 4674 1435 4752 agunt.
1489 4666 1565 4730 Non
1591 4667 1680 4731 enim
1707 4667 1742 4729 in
1768 4667 1988 4747 episcopatum
2015 4657 2178 4739 ordinant,

172 4748 234 4828 lus,
259 4750 302 4815 ad
323 4751 435 4817 Titum
455 4752 503 4816 ita
524 4753 683 4818 scribens:
713 4752 811 4817 huius
837 4753 885 4816 rei
907 4749 1013 4835 gratia
1034 4751 1151 4835 reliqui
1203 4754 1317 4818 sedin
1345 4753 1570 4819 sacerdotium.
1616 4752 1670 4816 Ita
1691 4750 1907 4826 destinamus,
1936 4745 2103 4827 inquiunt,
2126 4765 2179 4810 eo-

172 4841 208 4902 te
228 4837 263 4902 in
286 4834 401 4916 Orata,
428 4845 466 4902 61
487 4858 527 4902 66
553 4859 636 4921 quae
663 4837 781 4903 166661
806 4839 951 4922 corrigas
972 4844 1006 4902 et
1032 4839 1151 4902 consti·
1203 4840 1321 4904 elesiae
1343 4840 1532 4922 ministerio.
1571 4838 1698 4901 Verum
1721 4857 1763 4899 an
1777 4833 1872 4899 aliud
1895 4836 2012 4916 putant
2033 4851 2104 4896 esse
2126 4851 2179 4895 66·

173 4927 249 4988 tuas
276 4944 334 5007 per
361 4924 510 4989 civitates
536 4925 751 5010 presbyteros.
800 4923 928 4989 Eadem
956 4944 976 4987 a
1001 4924 1093 4988 Luca
1116 4924 1151 4987 in
1204 4925 1322 4990 clesiae
1342 4925 1574 5002 ministerium,
1597 4944 1695 5005 quam
1716 4914 2179 5017 6661161616166166618616

172 5007 269 5074 Actis
295 5010 492 5088 ostenditur,
520 5009 599 5075 dum
625 5010 768 5076 Paulum
795 5010 922 5075 inducit
947 5010 995 5074 ita
1018 5010 1152 5092 loquen-
1204 5011 1335 5094 quidem
1357 5011 1442 5076 hano
1464 5009 1661 5076 cantilenam
1683 5005 1819 5072 subinde
1841 5005 1882 5069 ab
1903 5003 1969 5068 rllrs
1988 5023 2102 5068 recrm:
2127 5024 2179 5067 sa-

1206 5097 1366 5162 crificulos
1393 5118 1468 5161 suos
1502 5094 1655 5160 eeclesiae
1682 5092 1849 5155 ministros
1875 5111 1960 5169 esse;
1993 5089 2051 5153 sed
2083 5107 2179 5153 nemo

1206 5202 1306 5260 sanus
1323 5178 1435 5262 credit,
1453 5182 1519 5245 imo
1536 5201 1591 5245 666
1608 5179 1788 5261 scripturae
1803 5177 1926 5241 veritas
1937 5175 2083 5254 revincit,
2096 5195 2179 5257 quae

245 5282 275 5352 1)
293 5284 364 5339 Vide
382 5285 411 5336 in
429 5300 491 5336 eum
509 5285 596 5337 locum
615 5283 853 5354 Theophylactmn.
1206 5287 1272 5333 non
1290 5268 1391 5332 alium
1419 5266 1566 5351 agnoscit
1589 5265 1742 5331 ecclesiae
1762 5263 1950 5328 ministrum
1970 5281 2069 5344 quam
2087 5261 2181 5327 Verbi
