4770 6030
198 434 236 494 01
583 381 585 388 ⁴
857 448 859 452 ·
986 430 1085 496 cnr.
1108 432 1152 496 11.
1197 429 1405 496 0011011.
2159 434 2200 494 ca

195 619 486 702 persequebantur,
514 619 686 697 violenter,
715 620 804 683 nullo
832 621 918 700 iure,
946 620 1115 684 irruebant
1138 622 1174 684 in
1198 621 1201 671 ¹
1226 619 1402 694 Sabadius,
1425 620 1481 701 qui
1503 620 1620 701 patris,
1650 618 1710 682 filii
1731 626 1764 682 01
1786 619 1918 700 spiritus
1944 620 2048 684 sancti
2070 620 2202 682 nomina

197 704 337 771 ahenam
354 705 597 787 possessionem.
621 705 713 769 Deus
730 713 839 769 autem
856 727 910 771 eos
922 725 1034 768 omnes
1052 707 1173 770 excita·
1219 710 1312 771 'vana
1332 726 1403 769 esse
1424 704 1618 787 disputabat,
1641 725 1701 769 neo
1718 703 1933 770 distinotmnis
1951 704 2086 769 alicuius
2103 726 2202 769 causa

196 800 291 855 verat
312 789 432 873 (Exod.
454 795 481 853 9.
501 790 563 854 Ier.
584 794 601 852 5
620 841 627 867 ,
651 798 689 854 ut
710 791 790 856 haec
807 793 916 856 omnia
937 797 1171 872 perpetrarent,
1224 793 1337 874 posita,
1360 789 1417 854 sed
1435 789 1565 855 diversa
1581 811 1652 854 esse
1669 790 1733 854 Dei
1751 790 1915 867 attributa,
1933 790 2112 855 cuiusmodi
2129 790 2202 872 plu-

195 875 253 941 sed
275 877 341 940 iam
369 877 455 940 male
486 873 526 961 [p.
542 888 599 939 113
641 875 786 941 volentes
814 885 847 942 et
873 877 958 941 male
984 877 1171 959 cogitantes,
1225 879 1308 943 rima
1330 876 1506 956 habentur;
1538 877 1566 941 si
1592 876 1628 939 in
1649 882 1814 941 certamen
1834 884 1969 941 ventum
1991 889 2091 954 esset,
2119 878 2202 941 fate·

196 969 254 1027 aut
274 963 382 1044 potius
408 962 529 1026 malam
557 983 669 1026 eorum
690 963 891 1027 voluntatem
918 972 951 1026 et
976 961 1100 1026 malum
1120 984 1172 1028 co·
1223 963 1320 1028 batur
1341 982 1376 1025 se
1398 960 1529 1026 credere
1549 962 1684 1026 Patrem
1701 961 1812 1038 deum,
1840 960 1964 1025 Filium
1986 960 2096 1037 deum,
2125 959 2201 1045 spi-

197 1055 311 1112 natum
338 1049 373 1111 in
400 1047 557 1112 Israelem
583 1054 787 1113 converterat
820 1057 853 1112 et
879 1046 1017 1113 faciebat
1048 1048 1172 1113 invale-
1224 1050 1324 1112 ritum
1352 1047 1464 1124 deum,
1493 1046 1550 1112 sed
1578 1054 1690 1128 postea
1716 1047 1917 1125 elabebatur,
1944 1046 2027 1111 nihil
2056 1069 2091 1112 se
2112 1047 2201 1111 aliud

195 1154 303 1211 scere,
330 1155 418 1198 nunc
445 1141 483 1196 ut
510 1133 620 1215 populi
648 1135 699 1198 sui
725 1135 925 1216 impietatem
952 1133 1171 1213 ulcisceretur,
1226 1133 1360 1211 dixisse,
1383 1155 1481 1216 quam
1505 1133 1534 1197 01
1552 1134 1663 1197 Deum
1683 1133 1800 1198 fortem
1822 1140 1855 1197 et
1875 1134 1998 1198 iustum
2019 1142 2053 1197 et
2073 1133 2201 1215 sapien-

196 1240 284 1285 1110
307 1226 344 1283 11
364 1219 588 1284 liberationem
614 1219 735 1285 faceret
754 1221 1075 1303 magnificentiorem.
1116 1217 1173 1284 Sic
1217 1227 1292 1285 ,tem
1320 1225 1474 1284 vocasset
1530 1219 1645 1300 Itaque
1672 1219 1837 1284 recinebat
1871 1219 1968 1283 aliam
1995 1219 2201 1295 cantilenam,

197 1304 329 1370 afflictio
346 1305 405 1369 Iob
427 1326 507 1387 opus
529 1311 600 1369 erat
615 1304 680 1369 Dei
700 1314 734 1368 et
760 1303 893 1384 diaboli,
916 1313 949 1369 et
969 1312 1081 1369 tamen
1104 1304 1173 1370 dia·
1224 1313 1352 1389 patrem
1373 1326 1444 1369 0000
1458 1304 1572 1381 filium,
1595 1314 1628 1368 et
1649 1305 1798 1386 spiritum
1810 1312 1959 1370 sanctum
1980 1313 2200 1387 ossepotrom,

196 1390 263 1456 boli
283 1391 478 1455 iniustitiam
504 1411 523 1454 a
543 1390 609 1455 Dei
635 1390 760 1455 iustitia
786 1390 985 1474 distinguere
1011 1392 1171 1471 convenit,
1225 1391 1315 1455 nullo
1336 1389 1458 1469 ordine,
1479 1389 1572 1454 nulla
1590 1389 1803 1455 distinctione.

197 1476 284 1560 quod
304 1476 359 1540 ille
386 1475 523 1558 perdere
544 1476 735 1553 conabatur,
757 1477 850 1542 Deus
871 1483 982 1541 autem
1002 1478 1174 1543 exercebat
1310 1476 1349 1554 Ii,
1372 1476 1487 1558 quibus
1508 1483 1581 1540 tum
1600 1476 1705 1558 pietas
1722 1475 1811 1541 cordi
1828 1484 1907 1554 crat,
1928 1484 1966 1541 ut
1982 1476 2123 1541 hominis
2140 1477 2202 1539 im-

232 1563 281 1628 ob.
303 1567 318 1625 l
338 1569 371 1626 et
390 1559 440 1646 2);
467 1563 514 1627 sic
538 1563 645 1627 Assur
665 1570 736 1627 erat
763 1563 857 1645 virga
883 1563 1001 1627 fluoris
1028 1563 1172 1640 Domini,
1223 1563 1419 1647 probitatem
1450 1563 1654 1645 frangerent,
1699 1568 1813 1627 contra
1850 1563 2085 1640 reclamabant,
2125 1583 2203 1626 vere
2327 1566 2330 1572 ⁴

197 1561 422 1713 blemacherib
444 1647 566 1713 securis
585 1669 702 1713 manus
719 1648 788 1713 eius
809 1648 885 1733 (100.
911 1646 979 1732 10);
1002 1669 1114 1713 omnes
1132 1649 1173 1713 ab
1224 1646 1445 1734 agnoscendas
1466 1669 1536 1712 esse
1556 1648 1592 1712 in
1612 1648 1685 1714 Deo
1706 1670 1772 1712 uno
1794 1654 1860 1712 tres
1880 1649 2103 1730 proprietates.
2146 1648 2201 1727 Et,

194 1754 235 1798 eo
260 1734 382 1812 vocati,
410 1733 571 1812 suscitati,
598 1733 746 1816 impulsi,
771 1733 909 1816 denique
931 1735 1001 1801 eius
1022 1735 1171 1800 ministri.
1224 1743 1318 1800 1100
1344 1734 1482 1815 simplici
1504 1735 1642 1798 veritate
1670 1733 1827 1800 adversus
1853 1741 2014 1799 tortuosas
2041 1734 2202 1800 versutias

197 1817 265 1885 Sed
292 1819 392 1901 quid?
440 1820 533 1885 Dum
565 1820 719 1885 efferatae
751 1840 829 1886 suae
857 1818 984 1884 libidini
1017 1820 1171 1903 obseque-
1224 1821 1404 1897 munirent,
1434 1820 1642 1884 affirmarunt
1661 1841 1738 1884 vere
1765 1821 1801 1884 in
1822 1841 1887 1884 uno
1908 1820 1981 1885 Deo
2002 1827 2069 1884 tres
2090 1840 2201 1901 perso-

196 1905 330 1985 bantur,
372 1905 514 1970 iustitiae
548 1905 613 1969 Dei
650 1906 744 1970 inscii
781 1905 967 1970 serviebant
1004 1904 1081 1990 (Ier.
1105 1905 1170 1990 27).
1224 1929 1284 1971 nas
1306 1906 1502 1984 subsistere-¹
1518 1927 1576 1970 seu
1597 1905 1698 1991 (quod
1719 1904 1807 1981 idem
1828 1904 1913 1992 erat)
1935 1907 1971 1970 in
1991 1905 2056 1970 Dei
2077 1906 2203 1987 unitate

195 1990 252 2057 En
272 1991 367 2056 Deus
386 1998 421 2057 01
439 1991 502 2068 illi,
523 1990 669 2057 eiusdem
690 1992 795 2073 operis
817 1998 960 2071 autores,
983 1991 1041 2057 sed
1061 1993 1097 2056 in
1119 2013 1172 2056 eo-
1224 1993 1399 2058 subsistere
1426 2012 1640 2074 personarum
1671 1992 1859 2056 trinitatem
1911 1989 1949 2057 Si
1976 2012 2055 2075 ergo
2080 1998 2203 2055 temere

193 2075 271 2141 dem
293 2097 389 2158 opere
410 2077 518 2142 elucet
532 2077 598 2142 Dei
617 2078 750 2156 iustitia,
773 2097 886 2142 eorum
903 2078 1065 2160 iniquitas.
1098 2077 1172 2143 Hac
1224 2100 1291 2143 non
1310 2085 1387 2143 sunt
1408 2079 1542 2143 inventa
1563 2078 1704 2156 nomina,
1727 2083 1850 2142 temere
1871 2076 2094 2160 repudiantur.
2127 2075 2202 2141 Uti·

193 2161 401 2228 distinctione
438 2163 614 2245 implicitus
651 2162 706 2227 ille
744 2162 849 2228 nodus
881 2162 1077 2230 dissolvitur.
1133 2161 1173 2229 Si
1224 2185 1303 2229 nam
1339 2163 1467 2246 sepulta
1504 2170 1626 2241 essent,
1666 2170 1831 2229 constaret
1867 2163 1949 2230 haec
1987 2162 2084 2226 modo
2117 2163 2203 2225 inter

192 2249 266 2331 quis
287 2248 474 2331 interpellet
494 2256 528 2313 01
548 2248 667 2313 hamat
684 2269 751 2313 non
768 2249 899 2330 probari
915 2249 977 2314 sibi
994 2249 1172 2315 distinctio-
1225 2271 1337 2314 omnes
1357 2247 1453 2327 fides,
1482 2254 1624 2332 patrem,
1652 2249 1771 2327 filium,
1806 2256 1839 2313 et
1871 2250 2022 2331 spiritum
2054 2255 2203 2312 sanctum

191 2355 269 2411 nes,
291 2335 369 2417 quia
396 2355 471 2399 suas
497 2335 587 2398 rixas
615 2333 886 2399 distinctiunculis
908 2332 1082 2417 Sophistae
1106 2336 1172 2400 far-
1224 2357 1328 2399 unum
1354 2356 1425 2400 esse
1450 2334 1573 2410 Deum,
1603 2355 1663 2398 nec
1696 2342 1807 2398 tamen
1840 2343 1897 2399 aut
1921 2335 2040 2412 filium,
2058 2372 2060 2376 ·
2076 2341 2215 2416 0011011Ι

192 2420 298 2497 ciunt,
327 2421 399 2502 quis
426 2419 527 2485 talem
559 2419 837 2502 importunitatem
865 2442 931 2484 non
959 2420 1083 2485 oderit?
1134 2419 1173 2487 Si
1224 2442 1310 2498 esse,
1339 2434 1396 2485 aut
1416 2420 1567 2502 spiritum
1595 2430 1758 2499 sanctum,
1780 2420 1898 2498 filium,
1927 2420 1985 2485 sed
2005 2420 2202 2503 proprietate

191 2506 267 2588 quis
293 2506 467 2570 verborum
495 2506 673 2571 novitatem
700 2505 931 2587 reprehendat,
964 2528 1072 2571 nonne
1104 2529 1173 2572 me·
1223 2506 1365 2590 quadam
1381 2527 1451 2571 esse
1468 2505 1644 2570 distinctos.
1678 2505 1805 2569 Verum
1822 2507 1878 2571 ubi
1889 2504 2125 2571 occurrendum
2142 2515 2200 2581 est,

192 2593 259 2657 rite
279 2590 441 2656 iudicetur
465 2591 573 2656 lucem
594 2592 741 2656 veritatis
766 2590 904 2674 indigne
929 2593 1029 2670 ferre,
1058 2601 1097 2656 ut
1117 2594 1173 2675 qui
1224 2615 1266 2658 ex
1283 2613 1350 2656 una
1365 2599 1458 2674 parte
1475 2592 1617 2670 Arianis,
1635 2613 1678 2656 ex
1695 2591 1797 2655 altera
1809 2589 2013 2670 Sabellianis,
2032 2591 2087 2672 qui
2103 2591 2201 2655 utris-

191 2684 324 2742 tantum
346 2676 407 2742 hoc
428 2676 660 2759 reprehendat,
683 2677 855 2742 veritatem
875 2677 1007 2759 planam
1029 2699 1066 2742 ac
1088 2678 1172 2744 dilu·
1224 2700 1286 2760 que
1303 2676 1540 2762 tergiversandi
1559 2675 1599 2764 [p.
1615 2675 1689 2764 116]
1710 2698 1824 2741 ansam
1834 2677 1977 2759 praecidi
1994 2676 2201 2743 stomachan-

192 2762 302 2829 cidam
328 2762 443 2827 reddi?
494 2762 692 2827 Huiusmodi
713 2771 824 2827 autem
844 2764 1018 2828 verborum
1044 2766 1171 2830 novitas
1223 2772 1286 2842 tur,
1303 2763 1496 2828 nonnullam
1511 2764 1726 2846 suspicionem
1737 2763 1900 2840 iniiciunt,
1918 2761 1972 2827 vel
1987 2763 2059 2825 Arii
2079 2784 2113 2826 se
2131 2784 2202 2827 esse

193 2848 238 2932 (si
254 2850 300 2913 ita
317 2848 511 2931 appellanda
521 2847 584 2932 est)
602 2856 673 2912 tum
688 2849 965 2930 potissimumusu
980 2851 1079 2929 venit,
1093 2849 1172 2913 dum
1223 2849 1412 2933 discipulos,
1442 2849 1495 2914 vel
1517 2848 1661 2914 Sabellii.
1705 2850 1797 2914 Dicit
1815 2849 1916 2913 Arius
1938 2847 2109 2912 Christrm
2131 2869 2201 2912 esse

192 2933 350 3001 adversus
367 2933 616 2999 calumniatores
633 2934 807 2998 asserenda
822 2940 872 2999 est
885 2936 1016 3013 veritas,
1032 2937 1088 3018 qui
1106 2943 1170 3000 ter-
1223 2934 1334 3013 deum,
1360 2935 1417 3000 sed
1434 2936 1586 3001 mussitat
1605 2937 1728 3000 factum
1749 2957 1820 3000 esse
1837 2941 1871 2998 et
1886 2935 2016 2998 initium
2032 2933 2201 3011 habuisse;

192 3019 389 3103 giversando
408 3021 513 3102 ipsam
535 3019 679 3084 eludunt.
710 3018 807 3100 Quod
826 3020 921 3085 hodie
945 3018 985 3106 [p.
1002 3019 1077 3119 114]
1096 3021 1170 3104 plus
1223 3021 1302 3086 dicit
1328 3042 1431 3085 unum
1458 3043 1534 3086 cum
1555 3028 1662 3103 patre,
1691 3020 1748 3085 sed
1775 3021 1861 3087 clam
1887 3022 1923 3084 in
1950 3040 2084 3084 suonnn
2105 3039 2201 3083 aures

191 3107 274 3171 satis
295 3106 490 3187 experimur,
512 3106 629 3189 quibus
650 3106 827 3187 plurimum
848 3115 898 3171 est
919 3108 1041 3190 negotii
1060 3129 1096 3171 1n
1113 3130 1170 3172 ex·
1222 3108 1420 3183 insusurrat,
1455 3108 1584 3170 unitum
1616 3118 1654 3170 ut
1684 3106 1824 3190 reliquos
1856 3106 1983 3184 fideles,
2015 3125 2201 3187 quanquam

191 3191 379 3274 pugnandis
406 3193 553 3256 veritatis
582 3192 744 3269 hostibus,
773 3191 853 3255 adeo
875 3193 1003 3275 obliquo
1025 3200 1058 3257 et
1078 3192 1170 3259 volu·
1222 3192 1381 3274 singulari
1411 3213 1489 3275 prae
1569 3194 1646 3260 tiva.
1695 3193 1759 3257 Dic
1790 3191 2111 3268 consubstantialem,
2145 3189 2202 3255 de-

192 3276 253 3342 bili
272 3278 361 3341 flexu
389 3277 506 3342 lubrici
533 3271 588 3342 isti
609 3299 733 3360 angues
755 3278 930 3361 effugiunt,
960 3279 1024 3343 nisi
1045 3280 1172 3343 fortiter
1223 3279 1363 3343 traxeris
1401 3279 1529 3360 versipo
1556 3279 1562 3291 ‘
1603 3279 1730 3343 larvam
1768 3287 1802 3343 et
1838 3285 1950 3342 tamen
1986 3276 2071 3341 nihil
2109 3275 2201 3341 addis

190 3370 385 3446 premantur
416 3371 450 3427 et
481 3361 675 3445 deprehensi
710 3371 899 3446 urgeantur.
955 3362 1012 3429 Sic
1044 3373 1171 3430 veteres
1223 3365 1400 3446 seripturis.
1444 3364 1536 3429 Dicit
1561 3362 1738 3430 Sabessius:
1767 3372 1909 3447 patrem,
1937 3363 2042 3428 filium
2074 3369 2108 3425 et
2136 3363 2201 3443 spi-

191 3449 295 3512 variis
322 3469 499 3530 pravorum
531 3448 720 3531 dogmatum
746 3450 978 3515 certaminibus
1005 3452 1170 3534 exagitati,
1222 3450 1323 3513 ritum
1344 3457 1494 3515 sanetum
1513 3449 1597 3514 nihil
1618 3451 1652 3514 in
1674 3450 1747 3514 Deo
1768 3449 1957 3515 (1101110111
1979 3469 2102 3514 sonare.
2137 3447 2200 3511 Die

191 3534 295 3600 coaeti
323 3541 401 3599 sunt
427 3535 588 3617 exquisita
616 3536 845 3617 perspicuitate
872 3535 1063 3614 edisserere,
1093 3535 1172 3618 quid
1223 3543 1290 3600 tres
1312 3557 1397 3614 esse,
1426 3535 1655 3601 vociferabitur
1681 3541 1714 3599 te
1740 3537 1909 3601 nominare
1935 3542 2002 3598 tres
2031 3532 2121 3610 deos3
2150 3532 2201 3597 dic

191 3620 367 3698 sentirent,
399 3641 442 3685 ne
478 3620 608 3702 obliqua
643 3621 845 3703 subterfugia
875 3622 983 3703 impiis
1010 3621 1172 3705 relinque-
1223 3622 1258 3685 in
1290 3642 1357 3685 una
1387 3621 1451 3685 Dei
1483 3623 1624 3687 essentia
1661 3642 1874 3704 personarum
1906 3641 1977 3684 esse
2008 3618 2199 3696 trinitatem,

190 3713 276 3783 rent,
298 3706 415 3788 quibus
437 3706 611 3795 verborum
633 3706 816 3785 involucra,
840 3728 987 3771 errorum
1009 3702 1104 3772 erant
1123 3708 1171 3773 la-
1224 3706 1345 3772 dixeris
1358 3727 1423 3770 uno
1445 3708 1545 3772 verbo
1566 3707 1652 3790 quod
1664 3707 1843 3789 scripturae
1864 3707 2050 3789 loquuntur,
2074 3710 2108 3767 et
2129 3704 2201 3768 ina·

190 3791 312 3856 tebrae.
1223 3813 1300 3856 nem
1338 3793 1566 3875 loquacitatem
1597 3794 1833 3874 compresseris.
1893 3791 1940 3855 Et
1976 3790 2004 3854 si
2032 3789 2114 3854 haec
2143 3810 2202 3853 no·-

277 3877 378 3941 Arius
400 3877 562 3942 fatebatur
584 3876 755 3942 Christum
775 3878 886 3942 Deum
912 3885 945 3941 01
967 3878 1072 3943 filium
1096 3880 1169 3959 Dei,
1222 3879 1313 3942 mina
1333 3900 1399 3942 non
1420 3880 1543 3957 ferunt,
1571 3877 1751 3944 coneedant
1771 3877 1888 3943 saltem
1909 3877 2016 3953 nobis,
2045 3874 2131 3958 quod
2150 3876 2201 3940 in·

190 3963 268 4045 quia
290 3961 494 4027 evidentibus
521 3964 690 4046 scripturis
716 3963 870 4031 reluctari
897 3985 963 4028 nou
990 3972 1118 4046 poterat
1138 3972 1172 4030 ct
1222 3964 1340 4042 ficiari,
1368 3964 1422 4028 vel
1450 3966 1478 4028 si
1498 3972 1707 4046 rumpantur,
1735 3985 1802 4027 non
1823 3972 1973 4045 possunt:
2002 3983 2076 4026 cum
2098 3983 2202 4026 unum

148 4086 157 4104 ι
190 4049 284 4131 quasi
306 4049 406 4130 probe
429 4048 609 4128 defunctus,
632 4071 826 4114 consensum
848 4049 989 4132 aliquem
1006 4072 1081 4115 cum
1098 4051 1170 4117 aliis
1223 4048 1388 4128 audimus,
1424 4049 1671 4132 intelligendam
1704 4071 1775 4115 0000
1802 4049 2003 4114 substantiae
2032 4048 2199 4124 unitatem,

189 4133 373 4199 simulabat
418 4134 465 4197 At
485 4135 617 4198 interim
638 4157 704 4199 non
726 4135 894 4200 desinebat
913 4137 1049 4214 iactare,
1072 4134 1170 4202 Chri·
1222 4154 1297 4200 cum
1318 4144 1385 4200 tres
1407 4135 1571 4214 audimus,
1599 4137 1634 4199 in
1655 4157 1722 4200 una
1748 4135 1810 4200 hae
1832 4135 1972 4201 00001110
1999 4133 2200 4217 distinguen-

189 4226 278 4287 stum
300 4226 445 4285 creatum
472 4242 543 4284 esse
570 4231 604 4284 et
630 4221 759 4284 initium
786 4221 938 4286 habuisse
965 4232 1003 4286 ut
1030 4221 1171 4305 reliquas
1223 4219 1281 4285 das
1301 4227 1412 4285 tamon
1433 4229 1501 4286 tres
1521 4222 1741 4304 proprietates.
1777 4218 1946 4303 Siquidem
1964 4221 2010 4284 ita
2027 4241 2082 4284 eas
2100 4219 2201 4298 scrip-

77 4358 80 4364 .
189 4312 365 4371 creatiucs.
417 4303 490 4384 Quo
515 4293 660 4370 ¹flexilem
687 4306 828 4372 hominis
856 4308 1020 4372 vafritiem
1045 4330 1063 4372 0
1089 4308 1171 4374 late-
1222 4314 1297 4371 tura
1318 4305 1502 4391 distinguit,
1527 4314 1564 4372 ut
1582 4308 1668 4389 patri
1694 4308 1890 4389 principium
1912 4305 2046 4390 agendi,
2074 4324 2200 4368 rerum-

190 4391 259 4455 bris
278 4390 491 4454 extraherent
511 4398 646 4469 veteres,
669 4392 757 4456 ultra
777 4395 940 4475 progressi
962 4401 1040 4458 sunt
1061 4404 1094 4458 et
1114 4393 1170 4459 de-
1222 4413 1284 4474 que
1317 4395 1462 4457 omnium
1493 4395 1617 4458 fontem
1648 4401 1682 4457 et
1708 4392 1868 4476 originem
1900 4392 2070 4461 attribuat,
2104 4387 2198 4464 Filio,

190 4475 358 4542 claranmt
385 4474 556 4541 Christum
591 4485 759 4542 aetornum
786 4480 888 4560 patris
920 4479 1039 4557 filium,
1068 4481 1170 4562 patri·
1222 4479 1416 4560 sapientiam
1443 4487 1477 4543 et
1503 4480 1673 4544 consilium
1701 4478 1820 4562 agendi
1849 4479 2006 4560 assignet,
2031 4472 2200 4555 01180111-

190 4582 253 4644 que
275 4562 584 4627 consubstantialem
605 4585 683 4627 esse.
718 4563 783 4628 Hic
801 4564 952 4629 efferbuit
971 4566 1171 4630 Arianorum
1222 4570 1302 4642 tum,
1325 4565 1481 4629 virtutem
1500 4565 1740 4647 efficaciamque
1769 4565 1904 4629 actionis
1932 4563 2057 4626 referat.
2102 4557 2199 4624 Unde

189 4647 355 4728 impietas,
384 4647 463 4711 dum
494 4670 614 4713 nomen
636 4647 795 4727 ipococtov
823 4652 963 4731 pessime
984 4651 1107 4726 odisse,
1138 4658 1171 4716 et
1223 4667 1256 4713 et
1276 4649 1363 4714 filius
1384 4652 1522 4736 verbum
1547 4652 1651 4735 patris
1673 4649 1804 4729 dicitru;
1834 4671 1900 4714 non
1927 4647 2021 4729 qualo
2051 4645 2199 4709 homines

190 4735 353 4798 exsecrari
381 4742 564 4815 coeperunt.
615 4733 711 4815 Quod
740 4736 767 4800 si
793 4736 966 4818 principio,
1000 4735 1170 4802 Christum
1222 4735 1398 4818 loquuntur
1424 4747 1482 4802 aut
1502 4738 1660 4821 cogitant,
1690 4736 1747 4800 sed
1769 4743 1938 4799 aeternum
1960 4744 1992 4794 et
2019 4733 2198 4795 incommu-

191 4820 329 4884 confessi
350 4829 459 4883 essent
480 4821 604 4884 sincere
627 4828 661 4885 et
682 4843 724 4885 ex
745 4822 867 4898 animo,
890 4823 1009 4900 Deum,
1032 4844 1098 4886 non
1118 4823 1169 4887 in·
1221 4822 1328 4898 tabile,
1351 4823 1508 4888 ineffabili
1528 4822 1625 4886 modo
1647 4843 1667 4886 a
1686 4831 1779 4903 patre
1802 4840 1986 4900 emergens:
2012 4814 2051 4902 [p.
2068 4814 2142 4903 117]
2162 4825 2200 4880 ut

188 4904 289 4970 ficiati
312 4911 421 4969 essent
441 4906 528 4987 patri
549 4928 620 4971 esse
641 4907 958 4972 consubstantialem.
992 4907 1076 4989 Quis
1094 4930 1169 4991 pro·
1222 4908 1354 4988 spiritus
1377 4917 1508 4975 sanctus
1527 4909 1642 4985 virtus,
1665 4906 1795 4989 digitus,
1817 4904 1962 4986 potentia
1983 4910 2197 4984 nuncupatur.

188 4989 248 5054 bos
275 4989 348 5054 illos
375 4992 462 5056 viros
490 4993 642 5056 insectari
672 4993 803 5071 audeat,
833 4994 924 5075 quasi
954 4995 1114 5059 rixatores
1137 5003 1170 5059 et
1220 4992 1317 5058 Nune
1339 4994 1518 5076 simplicem
1539 4994 1686 5059 veritatis
1708 4991 1941 5056 confessionem
1962 4987 2140 5054 audiamus.

189 5077 415 5152 contentiosos,
434 5077 520 5158 quod
531 5079 571 5141 ob
582 5078 731 5143 voculam
746 5101 846 5143 unam
860 5086 950 5143 tanto
969 5078 1169 5162 disceptandi

187 5161 316 5227 fervore
337 5162 532 5227 incaluerint
554 5171 587 5226 et
608 5165 761 5230 ecclesiae
784 5166 926 5246 quietem
943 5165 1167 5233 turbaverint?

186 5246 237 5311 At
252 5246 369 5313 vocula
393 5245 433 5332 [p.
450 5246 524 5334 111]
543 5248 602 5314 illa
623 5249 844 5334 distinguebat
863 5250 949 5314 inter
970 5271 1072 5333 purae
1092 5251 1169 5317 fidei

188 5330 410 5413 Christianos,
440 5341 473 5397 et
494 5335 667 5418 sacrilegos
688 5336 838 5401 Arianos.
884 5333 1039 5402 Surrexit
1057 5345 1170 5420 postea
