4732 6030
1812 1375 1831 1421 ἴ

236 1548 581 1617 POTENTISSIMO
603 1549 1066 1634 ILLUS'PRISSIMOQUE
1089 1553 1395 1636 MONAROHAE,
1419 1556 1694 1637 FRANOISOQ
1718 1558 2012 1627 FRANOORUM
2033 1559 2151 1627 REGI

317 1651 743 1732 CHRISrIANISSIMu
766 1653 977 1720 PRINOlPl
997 1657 1058 1722 AC
1080 1654 1269 1722 DOMINO
1292 1654 1381 1723 SUO
1406 1656 1501 1724 SIBI
1522 1659 1843 1743 QBSERVMlDO
1864 1661 2069 1729 IOANNES

673 1755 909 1866 cauma
931 1758 1093 1825 PAOEM
1114 1758 1174 1825 AO
1199 1757 1421 1825 SALUTEM
1442 1762 1493 1826 IN
1515 1761 1711 1828 DOMJNO.

274 1928 386 2010 Quum
412 1929 488 1995 huic
510 1929 599 2012 operi
622 1951 758 1993 manum
778 1930 922 2010 primum
946 1910 1163 2013 admoverem,
1218 1932 1313 1996 factis
1334 1933 1554 1997 innocentiam
1576 1935 1653 2014 fore,
1676 1937 1704 2000 si
1727 1957 1896 2002 accusasse
1916 1938 2065 2002 sufficiat
2099 1936 2198 2017 Sane,

186 2041 272 2107 nihil
288 2043 396 2106 minus
414 2041 604 2124 cogitabam,
624 2041 699 2105 Rex
710 2040 897 2120 clarissime,
910 2063 1007 2135 quam
1024 2044 1165 2109 scribere
1219 2043 1345 2125 siquis
1372 2044 1538 2110 faciendae
1567 2045 1709 2111 invidiae
1742 2069 1855 2126 causa,
1887 2047 2069 2114 doctrinam
2102 2049 2197 2129 hano,

187 2174 271 2236 qnae
292 2152 454 2218 maiestati
471 2160 546 2217 tuae
563 2159 676 2236 postca
697 2152 901 2217 offerrentur.
932 2155 1077 2219 Tanaim
1095 2163 1167 2235 erat
1219 2155 1310 2219 cuius
1332 2156 1492 2220 rationem
1515 2156 1574 2222 tibi
1595 2156 1733 2223 reddere
1751 2180 1858 2236 conor,
1881 2160 2028 2226 omnium
2045 2160 2199 2226 ordinum

189 2266 332 2344 animus,
356 2264 541 2329 rudimenta
561 2263 722 2346 quaedam
742 2264 883 2342 tradere,
907 2266 1024 2347 quibus
1045 2267 1166 2331 forma-
1218 2265 1350 2331 calcidis
1380 2239 1583 2346 damnatam,
1613 2268 1726 2333 multis
1754 2270 1816 2333 lori
1842 2271 2050 2352 praeiudiciis
2072 2273 2198 2338 confos-

190 2385 304 2443 rentur
327 2375 369 2441 ad
391 2397 505 2441 veram
525 2377 681 2457 pietatem
701 2376 757 2459 qui
780 2376 886 2457 aliquo
907 2377 1075 2461 religionis
1097 2385 1165 2442 stu-
1218 2398 1290 2441 sam
1312 2377 1504 2442 iamdudum
1529 2368 1629 2445 fuisse
1657 2387 1823 2460 causetur,
1852 2381 1935 2446 nihil
1963 2381 2052 2446 aliud
2079 2383 2199 2449 dixerit

189 2489 243 2554 dio
263 2494 453 2572 tanguntur.
503 2488 612 2569 Atque
635 2486 722 2553 hunc
750 2487 895 2551 laborem
918 2487 1025 2554 Gallis
1046 2491 1166 2555 nostris
1218 2510 1316 2571 quam
1338 2490 1460 2580 partim
1477 2491 1740 2556 adversariorum
1757 2493 1897 2557 factione
1915 2501 1949 2556 et
1965 2495 2110 2575 potentia
2126 2495 2196 2560 vio·

188 2601 394 2684 potissimum
421 2598 635 2675 desudabam‚
669 2619 808 2681 quorum
835 2600 1014 2681 permultos
1042 2601 1166 2665 esurire
1217 2599 1324 2668 lenter
1350 2600 1522 2680 deiectam,
1550 2603 1672 2685 partim
1698 2602 1886 2681 mendaciis,
1908 2604 2049 2683 technis,
2074 2605 2197 2669 calum·

187 2720 222 2778 et
243 2713 333 2777 sitire
355 2710 526 2777 Christum
548 2710 713 2790 videbam,
737 2711 962 2793 paucissimos,
981 2713 1006 2796 ¹)
1036 2714 1091 2794 qui
1113 2713 1166 2778 vel
1218 2712 1295 2790 niis,
1325 2712 1478 2778 insidiose
1500 2714 1787 2796 fraudulenterque
1809 2736 2006 2797 oppressam.
2052 2715 2113 2781 Vis
2136 2721 2195 2795 est,
2267 2718 2271 2733 ¹

186 2823 316 2890 modica
345 2824 415 2888 eius
448 2823 631 2907 cognitione
663 2824 725 2886 rite
757 2823 874 2898 imbuti
902 2837 1019 2888 essent
1068 2824 1166 2891 Hanc
1218 2821 1304 2902 quod
1331 2823 1454 2889 indicta
1480 2846 1579 2890 causa
1608 2826 1838 2908 sanguinariae
1872 2827 2053 2891 sententiae
2080 2826 2199 2891 adver·
2266 2806 2269 2809 ¹

188 2935 274 3001 milri
294 2935 391 3002 luisse
412 2935 611 3017 propositam
632 2936 792 2999 rationem
817 2934 899 2999 liber
924 2935 994 3018 ipse
1013 2936 1164 3019 loquitur,
1218 2955 1273 2999 sus
1295 2934 1387 2999 illam
1408 2937 1573 3016 ferrmtur3
1599 2937 1704 3015 fraus,
1733 2937 1819 3019 quod
1846 2909 2013 3004 seditionis
2035 2945 2069 3002 et
2096 2937 2198 3005 male-

134 3060 142 3079 ‘
187 3047 232 3165 ad
255 3048 435 3131 simplicem
457 3046 579 3112 seilicet
599 3045 778 3129 rudemque
796 3045 933 3111 docendi
950 3048 1089 3112 formam
1108 3069 1165 3132 ap-
1217 3045 1283 3110 ficii
1303 3055 1435 3128 praeter
1455 3048 1610 3111 meritum
1629 3049 1850 3114 insimulatur.

186 3161 320 3244 positus.
372 3160 499 3224 Verum
526 3179 627 3243 quum
654 3159 872 3240 perspicerem
896 3179 997 3240 usque
1027 3180 1064 3224 eo
1086 3180 1165 3242 quo·
1303 3157 1354 3221 Ne
1376 3159 1448 3240 quis
1477 3158 1558 3224 haec
1579 3160 1701 3225 iniuria
1721 3182 1781 3224 nos
1802 3161 1896 3243 queri
1917 3163 2094 3240 existimet,
2128 3162 2200 3244 ipse

186 3272 330 3339 rundam
362 3271 583 3354 improborum
617 3271 760 3334 tuorem
788 3270 965 3334 invaluisse
1000 3271 1035 3333 in
1062 3291 1164 3354 regno
1216 3269 1310 3333 nobis
1331 3270 1425 3333 testis
1447 3291 1518 3335 esse
1539 3279 1640 3353 potes,
1662 3272 1738 3338 Rex
1757 3271 1965 3349 nobilissime,
1989 3294 2088 3355 quam
2105 3293 2198 3339 meu-

185 3393 253 3465 tuo,
275 3393 314 3449 nt
333 3383 444 3448 nullus
466 3403 565 3447 sanae
587 3381 752 3447 doctrinae
774 3385 817 3448 sit
838 3382 911 3446 istic
932 3381 1037 3461 loeus,
1060 3383 1164 3448 factu·
1218 3379 1351 3446 dacibus
1373 3381 1545 3448 calumniis
1567 3382 1709 3465 quotidie
1727 3383 1814 3466 apud
1832 3390 1864 3447 te
1882 3383 2086 3448 traducatur:
2110 3383 2197 3465 quod

185 3496 349 3562 rusmihi
370 3490 650 3578 operaepretium
671 3493 760 3557 visus
782 3514 864 3571 sum,
888 3494 917 3557 si
934 3492 1049 3558 eadem
1066 3514 1165 3576 opera
1217 3513 1284 3556 non
1306 3492 1461 3557 aliorsum
1482 3500 1619 3575 spectat,
1648 3495 1712 3559 nisi
1733 3503 1770 3558 nt
1791 3494 1922 3578 regibus
1945 3515 2005 3559 sua
2027 3502 2196 3576 sceptrae
2222 3547 2232 3564 .

185 3614 221 3674 et
240 3608 478 3673 institutionem
499 3607 539 3670 iis
562 3605 690 3683 darem,
713 3612 746 3668 et
767 3604 1000 3669 confessionem
1023 3605 1110 3687 apud
1131 3614 1164 3671 te
1215 3603 1367 3669 manibus
1379 3605 1628 3687 praeripiantur,
1642 3606 1666 3688 ¹)
1682 3606 1868 3682 tribunalia,
1881 3603 2064 3688 iudiciaque
2081 3605 2193 3672 omnia

186 3719 334 3800 ederem,
368 3718 454 3783 unde
488 3717 593 3782 ducas
626 3716 730 3798 qualis
759 3717 803 3780 sit
829 3714 977 3781 doctrina
1004 3719 1038 3781 in
1066 3738 1165 3800 quam
1215 3716 1479 3797 praecipitentur,
1493 3715 1522 3801 ²)
1545 3718 1778 3782 subvertantur
1799 3716 1929 3782 ordines
1951 3738 2064 3781 omnes
2087 3726 2120 3781 et
2136 3738 2195 3800 po-

185 3839 281 3896 tants
302 3831 392 3895 rabie
410 3828 627 3919 exardescunt
643 3828 757 3892 furiosi
774 3827 831 3906 illi,
850 3828 906 3909 qui
924 3829 1010 3892 ferro
1028 3838 1062 3895 et
1078 3830 1164 3914 igni·
1215 3825 1320 3905 litiae,
1341 3847 1408 3908 pax
1429 3836 1463 3891 et
1483 3828 1575 3908 quies
1598 3828 1710 3910 populi
1726 3829 1945 3910 perturbetur,
1967 3828 2058 3912 leges
2080 3849 2195 3894 omnes

185 3943 250 4008 bus
272 3964 410 4026 regnum
431 3951 526 4006 tuum
555 3939 650 4004 hodie
673 3940 814 4004 turbant.
860 3939 974 4022 Neque
996 3942 1163 4006 enimve-
1216 3937 1422 4021 abrogentur,
1436 3936 1580 4002 dominia
1592 3944 1625 4002 et
1636 3940 1855 4022 possessiones
1865 3939 2072 4023 dissipentur,
2085 3941 2196 4004 omnia

185 4055 285 4121 rebor
305 4055 415 4133 lateri,
443 4053 497 4118 hie
524 4074 577 4116 me
599 4073 762 4117 summam
782 4052 849 4116 fere
872 4053 942 4117 eius
965 4053 1066 4134 ipsius
1088 4050 1163 4117 doo-
1216 4047 1354 4131 denique
1373 4071 1503 4114 sursum
1520 4048 1672 4114 deorsum
1688 4050 1873 4116 volvantur.
1906 4052 1953 4116 Et
1969 4058 2081 4117 tamen
2097 4051 2194 4116 mini·

185 4168 295 4232 trinae
320 4166 526 4249 complexum
554 4186 638 4242 esse,
667 4185 765 4246 quam
792 4162 840 4226 illi
867 4185 1011 4243 carcere,
1039 4163 1162 4242 exsilio,
1215 4180 1305 4224 mam
1330 4160 1572 4242 portiunculam
1593 4161 1700 4226 audis:
1731 4161 1895 4228 horrenda
1923 4164 2012 4228 enim
2033 4161 2194 4247 quaedam

183 4279 430 4362 proscriptione,
452 4277 602 4342 incendio
619 4273 851 4353 mulctandam,
872 4296 971 4358 quam
988 4282 1076 4340 terra
1093 4297 1163 4341 ma·
1215 4271 1252 4334 in
1279 4271 1399 4356 vulgus
1426 4279 1640 4356 sparguntur,
1668 4294 1751 4356 quae
1774 4275 1802 4338 si
1824 4296 1904 4339 vera
1924 4280 2048 4352 essent,
2075 4271 2194 4337 merito

183 4392 281 4485 rique
311 4388 595 4456 exterminandam
627 4387 854 4453 vociferantur.
904 4386 1069 4469 Equidem
1096 4388 1162 4453 scio
1214 4383 1307 4448 illam
1327 4406 1402 4450 cum
1423 4384 1491 4450 suis
1514 4385 1681 4450 autoribus
1707 4385 1799 4451 mille
1827 4385 1960 4469 ignibus
1983 4405 2021 4449 ao
2043 4383 2195 4450 omuibus

184 4492 288 4586 quam
308 4503 470 4568 atrocibus
490 4500 707 4566 delationibus
724 4520 819 4564 aures
837 4500 1046 4581 animumque
1069 4505 1163 4563 tuum
1215 4494 1350 4579 dignam
1371 4497 1545 4561 universus
1566 4497 1710 4563 mundus
1731 4496 1860 4563 indicet
1902 4493 1986 4576 Qus
2006 4494 2074 4558 iam
2094 4493 2194 4559 mire-

184 4614 408 4698 impleverint,
437 4621 474 4678 ut
495 4634 627 4678 causam
654 4618 801 4676 nostram
827 4611 886 4675 tibi
908 4631 1007 4693 qnam
1028 4609 1163 4675 odiosis·
1214 4613 1269 4671 tur
1289 4608 1456 4690 publicum
1469 4608 1581 4673 odium
1601 4610 1638 4673 in
1658 4609 1750 4673 illam
1762 4627 1934 4674 accensum
1952 4624 2031 4683 esse,
2055 4604 2112 4669 ubi
2128 4604 2195 4671 ini·

184 4727 305 4793 simam
324 4724 514 4804 redderent;
535 4724 594 4789 sed
614 4723 647 4788 id
670 4724 729 4788 tibi
746 4743 805 4805 pro
821 4733 879 4786 tua
897 4722 1069 4787 clementia
1088 4741 1163 4804 per·
1215 4720 1381 4801 quissimis
1409 4720 1482 4785 istis
1511 4720 1794 4786 criminationibus
1821 4718 1902 4783 fides
1932 4715 2093 4780 habetur?
2138 4717 2194 4782 En

183 4836 395 4920 pendendum
427 4845 490 4914 est,
518 4836 644 4901 nullam
671 4856 775 4917 neque
800 4835 835 4898 in
863 4833 972 4910 dictis,
1001 4854 1106 4915 neque
1128 4832 1163 4897 in

961 5065 964 5079 ,
1285 5011 1313 5078 1)
1332 5016 1545 5080 extorqueantur
1562 5008 1642 5071 uta
1661 5015 1823 5077 extorqueat
1841 5005 1909 5061 1550
1923 5023 1993 5078 seqq.
2067 5006 2098 5076 2)
2115 5022 2194 5075 prae·

257 5103 286 5172 1)
309 5103 447 5158 Obristum
480 5101 677 5170 intelligebam
710 5100 884 5168 paucissimos
913 5103 1005 5151 autem
1037 5096 1163 5150 videbam
1216 5097 1318 5165 cipitet,
1337 5098 1479 5151 subvertat
1497 5138 1503 5150 .
1523 5138 1529 5149 .
1549 5136 1555 5149 .
1575 5136 1581 5149 .
1599 5095 1716 5164 politiae,
1736 5111 1829 5164 pacem
1848 5103 1876 5146 et
1889 5093 2009 5162 quietem
2023 5092 2116 5163 populi
2131 5108 2195 5161 per·

188 5188 257 5244 1543
274 5206 345 5261 seqq.
1188 5197 1192 5241 ι
1216 5183 1310 5234 turbet
1328 5201 1447 5236 .....
1447 5184 1465 5234 b
1467 5189 1544 5251 roget
1562 5222 1568 5234 .
1588 5222 1593 5233 .
1612 5219 1621 5234 .
1640 5221 1646 5234 .
1665 5181 1779 5250 dissipet
1797 5221 1803 5233 .
1823 5221 1829 5233 .
1849 5220 1856 5233 .
1875 5220 1882 5232 .
1901 5180 1994 5232 volvat
2012 5176 2081 5232 1550
2094 5192 2167 5248 seqq.

259 5273 369 5330 Culum
383 5291 474 5344 opera
515 5272 573 5328 Vol.
590 5271 615 5326 1.
1952 5263 1985 5316 17
