4770 6030
185 343 247 404 225
851 345 950 413 OAP.
974 346 1016 413 V.
1059 347 1123 412 DE
1144 344 1327 411 Lfflussu.
1351 345 1532 414 CHRISOE.
2137 357 2201 422 226

185 539 312 600 tantum
335 540 368 598 ot
389 533 588 600 defamatorie
610 535 889 612 commendantes,
912 557 1046 600 suorum
1068 556 1164 600 exac-
1216 536 1455 602 observandum
1477 559 1557 616 esse,
1580 559 1663 621 quae
1686 560 1762 604 cum
1779 539 1862 605 bene
1885 543 2061 625 constituta
2083 564 2197 612 rerum

183 628 253 685 tam
272 617 489 686 obedientiam
518 620 729 686 nibilominus
757 620 900 686 studiose
928 628 962 685 et
989 622 1164 685 1111111-
1215 623 1363 686 omnium
1384 625 1614 706 compositione
1635 626 1756 708 optime
1778 627 1994 706 sustinentur,
2023 638 2095 693 tum
2116 650 2196 696 vero
2255 651 2260 656 ·

224 712 278 783 nt,
308 727 407 787 quam
428 706 456 770 si
476 713 579 771 totam
599 709 729 788 pietatis
749 709 818 772 vim
839 707 873 771 in
894 707 1162 786 secontinerent
1216 709 1286 794 sine
1308 708 1481 774 eoncordia
1496 709 1606 775 nullae
1628 720 1707 776 sunt
1726 733 1870 794 prorsus.
1915 710 2146 796 Quamobrem,
2165 717 2196 780 si

184 727 270 857 giam
297 790 428 857 divinae
448 791 531 875 legis
557 793 850 877 transgressionem
873 790 912 878 [p.
938 790 1013 879 463]
1038 792 1164 858 levibus
1216 793 1370 858 eeclesiae
1398 793 1612 860 incolumitati
1646 797 1766 879 optime
1796 806 2003 881 prospectum
2031 800 2192 882 volumus,

183 878 442 943 satisfactionum
463 878 594 944 mulctis
616 879 824 957 ulciscentes,
852 880 949 943 unius
971 879 1022 943 sui
1043 877 1165 945 deonoti
1216 877 1391 962 diligenter
1417 882 1550 945 omnino
1575 882 1759 947 curandum
1786 889 1844 962 ost,
1870 891 1919 962 ut,
1954 885 2040 968 quod
2068 886 2195 956 Paulus

184 963 237 1029 vel
260 963 431 1027 minimam
452 964 663 1030 offensionem
690 964 782 1029 nulla
809 964 930 1029 leviore
951 985 1056 1046 poena
1076 964 1164 1047 plee-
1216 964 2200 1051 1101000114),1010111101111101100111111110111-

184 1057 275 1127 tunt,
303 1070 402 1130 quam
427 1071 570 1128 carcere,
596 1050 760 1128 incendio,
791 1056 849 1115 aut
875 1049 991 1134 gladio.
1034 1050 1078 1113 In
1098 1050 1163 1115 Dei
1216 1071 1293 1114 nem
1314 1052 1404 1114 fiant
1450 1052 1497 1114 At
1518 1073 1593 1117 cum
1620 1054 1654 1117 in
1676 1054 1847 1119 hominum
1863 1057 2009 1124 moribus
2030 1066 2124 1125 tanta
2144 1061 2196 1126 in·

185 1142 424 1218 contemptores
456 1157 523 1199 non
552 1137 599 1200 ita
631 1137 737 1219 asperi
760 1143 793 1200 et
824 1135 1056 1214 inexorabiles,
1088 1156 1164 1201 sues
1216 1137 1260 1200 sit
1280 1133 1461 1214 diversitas,
1484 1145 1577 1202 tanta
1597 1140 1632 1203 in
1654 1141 1772 1205 animis
1793 1143 1951 1221 varietas,
1975 1150 2067 1210 tanta
2088 1147 2123 1209 in
2145 1149 2196 1211 iu-

185 1227 423 1302 contempteres
450 1221 647 1303 implacabili
673 1222 745 1287 edio
772 1221 814 1287 ad
841 1229 1025 1286 extremum
1053 1242 1163 1304 persa-
1217 1221 1309 1286 diciis
1342 1222 1546 1306 ingeniisque
1579 1246 1705 1308 pugna,
1737 1248 1843 1310 neque
1868 1228 1982 1311 politia
2015 1230 2083 1294 ulla
2114 1233 2194 1300 satis

186 1314 340 1391 quuntur.
371 1309 420 1371 Ae
443 1328 497 1372 eos
519 1328 631 1373 omnes
649 1310 695 1374 sic
716 1310 901 1387 instituunt,
925 1328 1064 1391 quorum
1086 1309 1164 1373 sim·
1216 1307 1313 1371 firma
1341 1315 1407 1388 est,
1439 1310 1502 1374 nisi
1534 1312 1631 1376 001111
1662 1311 1789 1396 legibus
1821 1316 2005 1394 constituta,
2038 1337 2099 1382 nec
2126 1319 2196 1386 sine

186 1394 364 1477 plicitatem
386 1395 549 1475 captivam
570 1401 700 1472 tenent,
730 1403 766 1458 ut
787 1395 938 1476 aequiore
960 1394 1070 1475 animo
1090 1393 1164 1457 uni·
1216 1399 1302 1457 stata
1329 1392 1471 1476 quadam
1498 1395 1603 1461 forma
1629 1399 1754 1464 servari
1781 1399 1865 1464 ritus
1891 1401 2053 1485 quispiam
2077 1411 2200 1486 potest·
2250 1413 2255 1419 '

187 1499 317 1544 versam
334 1479 398 1542 Dei
420 1479 527 1562 legem
545 1479 735 1545 subversam
757 1480 858 1546 visuri
876 1481 951 1558 sint,
973 1499 1073 1562 quam
1094 1480 1164 1561 api·
1215 1478 1293 1542 Huc
1319 1500 1398 1563 ergo
1425 1500 1508 1562 quae
1534 1481 1721 1548 conducunt
1746 1483 1850 1568 leges,
1884 1493 2014 1551 tantum
2042 1490 2134 1554 abest
2158 1495 2198 1554 ut

187 1565 298 1631 culum
318 1565 354 1627 in
375 1567 565 1647 praeceptis,
586 1571 625 1630 11
643 1574 770 1644 vocant,
792 1566 946 1632 ecelesiae
967 1565 1133 1631 violatum.
1217 1562 1426 1644 damnemus,
1447 1568 1558 1632 uthis
1585 1569 1701 1634 ablatis
1723 1568 1855 1635 dissolvi
1877 1573 1944 1637 suis
1962 1576 2074 1640 nervis
2095 1576 2199 1643 00010-

271 1651 437 1728 Primum,
471 1653 616 1734 graviter
640 1653 676 1715 in
705 1672 743 1717 eo
770 1651 983 1734 delinquitur,
1011 1650 1097 1734 qued
1122 1651 1165 1718 ob
1216 1650 1282 1714 sias
1309 1656 1456 1734 totaeque
1483 1653 1657 1719 1010111111
1684 1677 1722 1722 ao
1749 1654 1914 1739 dissipari,
1948 1660 2193 1728 contendamua

186 1759 240 1802 res
260 1737 425 1814 leviculas,
448 1744 490 1813 ct,
513 1738 541 1801 si
562 1737 627 1802 Dei
647 1737 765 1802 iudicio
786 1744 937 1816 staretm,
958 1737 1093 1816 liberas,
1116 1736 1164 1801 al·
1216 1734 1331 1818 Neque
1357 1739 1446 1801 enim
1475 1738 1570 1804 ahter
1596 1740 1710 1806 haberi
1737 1748 1845 1823 potest
1869 1743 1955 1826 quod
1976 1745 2102 1811 Paulus
2124 1749 2195 1813 exi·

187 1832 238 1888 ter
256 1823 396 1887 alterum
418 1825 612 1902 contemnit,
635 1823 771 1901 iudicat,
795 1823 912 1888 abiicit
956 1822 1054 1888 Nunc
1075 1843 1163 1901 vero,
1216 1821 1273 1904 git,
1296 1829 1335 1885 ut
1355 1821 1507 1888 decenter
1528 1827 1640 1890 emnia
1660 1836 1694 1891 et
1714 1848 1757 1892 ex
1774 1828 1887 1898 ordine
1905 1831 1996 1909 liant,
2019 1833 2084 1897 nisi
2104 1832 2206 1903 addi.

187 1907 334 1992 quasiiid
356 1930 474 1990 parum
495 1908 573 1973 mali
594 1902 694 1987 esse't,
724 1909 829 1991 pluris
855 1907 1086 1991 appenduntur
1106 1909 1164 1972 iri-
1216 1907 1259 1970 tis
1290 1906 1584 1990 observationibus,
1611 1934 1678 1977 eeu
1704 1913 1845 1980 vinculis
1872 1915 2081 1998 quibusdam,
2116 1919 2195 1985 ordo

187 1995 263 2061 vola
289 1994 347 2059 illa
369 1994 466 2059 huius
492 1994 607 2059 mundi
627 1994 789 2061 elementa
815 1995 867 2079 (ut
887 1993 1014 2059 Paulus
1035 1993 1165 2059 Galatis
1216 1993 1286 2074 ipse
1307 2000 1341 2057 11
1359 1992 1513 2059 decorum
1535 1999 1698 2062 consistat
1743 1998 1783 2063 Id
1811 2007 1922 2065 tamen
1950 2023 2078 2085 semper
2100 2010 2195 2070 cauta

186 2081 332 2148 80111011
354 2087 534 2163 nuncupat,
558 2079 632 2148 (111.
643 2080 691 2231 ³
716 2101 816 2163 quam
836 2079 987 2146 coelestia
1007 2081 1072 2146 Dei
1092 2100 1165 2145 ora-
1216 2078 1252 2143 in
1272 2079 1344 2144 istis
1364 2079 1644 2149 observationibus
1666 2084 1894 2167 excipiendum
1916 2096 1979 2166 est,
2010 2110 2053 2153 ne
2075 2090 2197 2156 autad
2303 2162 2305 2166 ,

187 2167 270 2234 cula
314 2169 361 2232 Et
381 2168 437 2250 qui
457 2187 558 2249 prope
581 2168 616 2231 in
684 2166 802 2232 ulterio
823 2166 1015 2243 absolvitur,
1041 2165 1166 2231 iudiea-
1217 2163 1356 2229 salutem
1382 2165 1559 2231 eradantur
1579 2172 1795 2249 necessariae,
1821 2180 1858 2235 ut
1882 2174 2097 2240 conscientias
2121 2177 2197 2241 reli·

187 2260 243 2318 tur
269 2237 410 2319 110110.
456 2252 520 2318 Oui
546 2259 690 2326 scortum
716 2252 931 2335 permittitur,
958 2251 1165 2318 interdicitur
1217 2249 1312 2333 giene
1323 2251 1538 2336 obstringant,
1557 2261 1615 2317 aut
1638 2254 1679 2318 ad
1695 2256 1759 2320 Dei
1777 2256 1902 2322 cultum
1919 2260 2139 2340 conferantur,
2157 2270 2197 2326 nt

188 2360 279 2404 uxor.
330 2339 404 2404 Hoc
437 2338 559 2404 scilicet
589 2339 861 2423 praevaricatrice
892 2337 950 2402 illa
981 2337 1166 2404 obedientia
1216 2336 1251 2398 in
1268 2335 1334 2401 illis
1354 2357 1390 2401 10
1432 2344 1532 2402 natur
1552 2341 1665 2421 pietas.
1696 2339 1790 2421 Quae
1804 2364 1871 2407 una
1882 2346 1965 2409 ratio
1978 2346 2065 2410 inter
2077 2349 2196 2430 impias

187 2426 368 2508 proficitur,
399 2444 481 2507 quae
510 2432 638 2489 tantum
664 2425 778 2489 aDeo
805 2424 978 2502 avertitur,
1006 2430 1165 2507 quantum
1220 2418 1260 2507 [p.
1279 2419 1356 2509 416]
1379 2358 1453 2488 11011
1474 2426 1721 2491 constitutiones
1742 2427 1922 2511 distinguit,
1945 2432 2062 2512 quibus
2080 2454 2195 2500 veram

187 2511 230 2576 ad
251 2510 400 2575 hemines
426 2511 570 2576 inclinat
615 2510 685 2576 Cur
709 2511 811 2594 igitur
836 2509 916 2574 ferri
941 2509 1046 2574 voluit
1066 2509 1165 2576 Obri-
1217 2507 1383 2573 obseurari
1410 2508 1467 2573 re'
1495 2511 1616 2589 onem,
1650 2522 1684 2577 01
1710 2515 1924 2580 eonscientiae
1953 2517 2098 2583 subverti
2125 2519 2193 2586 dic·

186 2605 258 2662 stus
279 2616 379 2661 onera
395 2597 453 2660 illa
473 2596 700 2678 importabilia,
723 2617 805 2679 quae
828 2595 965 2679 alligant
985 2595 1110 2662 scribae
1132 2601 1166 2659 et
1217 2600 1290 2656 tum
1311 2601 1375 2674 est,
1404 2603 1437 2659 et
1457 2595 1620 2680 legitimas
1640 2598 1793 2664 ecclesiae
1814 2599 2049 2681 ordinationes,
2078 2606 2197 2688 quibus

186 2680 379 2748 Pharisaei?
403 2681 623 2767 (11111123).
666 2682 755 2760 Imo,
778 2704 837 2748 cur
859 2681 936 2747 alibi
957 2680 1045 2747 idem
1066 2680 1164 2747 (11111-
1216 2698 1259 2742 ex
1281 2679 1334 2745 his
1355 2680 1496 2746 alterum
1517 2703 1646 2767 semper
1676 2705 1746 2751 esse
1770 2687 1972 2768 propesitum
1998 2710 2105 2772 nuper
2126 2713 2196 2757 me-

186 2776 258 2834 stus
280 2770 388 2834 caveri
406 2768 510 2833 voluit
530 2791 551 2833 a
564 2769 725 2833 fermento
736 2766 1013 2835 Pharisaeorum?
1027 2766 1162 2852 (Matth.
1217 2765 1361 2831 nuimus:
1385 2774 1443 2832 aut
1459 2776 1497 2832 ut
1513 2768 1555 2833 ad
1573 2768 1726 2835 10001111
1743 2769 1905 2837 duntaxat
1914 2775 2108 2856 pertineant,
2130 2798 2196 2860 quo

191 2855 255 2940 16).
314 2855 543 2931 Fermentum,
588 2855 778 2943 interprete
805 2850 1055 3004 111111110οΡ.
1085 2851 1163 2941 464]
1216 2850 1425 2919 infidelium
1452 2860 1546 2920 coetu
1567 2863 1768 2940 peragantur
1793 2859 1917 2938 omnia,
1944 2881 2008 2942 que
2030 2859 2123 2926 decet
2144 2884 2198 2928 or·

185 2941 402 3025 evangelista,
431 2940 616 3024 appellans,
644 2939 801 3024 quidquid
821 2942 978 3107 81011110

1021 2940 1165 3006 00111110
1218 2935 1308 3016 dine,
1337 2945 1396 3003 aut
1418 2947 1455 3004 ut
1473 2941 1579 3022 ipsam
1602 2940 1774 3007 hominum
1795 2945 2075 3026 communitatem,
2103 2947 2197 3013 velut

185 3028 279 3094 verbi
300 3027 364 3092 Dei
390 3027 525 3109 puritati
551 3025 776 3092 admiscerent
854 3025 911 3090 uid
938 3027 1081 3108 apertius
1108 3047 1166 3093 vo-
1217 3022 1377 3107 quaedam
1398 3026 1612 3092 humanitatis
1632 3028 1773 3108 11101111,
1795 3030 1967 3096 retineant.

185 3113 305 3193 lumus,
327 3135 427 3196 quam
445 3112 532 3197 qued
552 3120 656 3177 totam
677 3134 791 3178 eorum
812 3111 993 3178 doctrinam
1014 3112 1166 3177 iubemnr
1236 3196 1242 3209 .
1303 3111 1404 3193 Atqui
1425 3112 1482 3177 ubi
1498 3112 1614 3194 semel,
1635 3114 1784 3196 publicae
1806 3115 1986 3183 honestetis
2007 3140 2115 3199 causa,
2137 3140 2196 3204 po-

184 3199 300 3284 fugere
322 3209 355 3265 et
376 3198 512 3265 cavere?
555 3198 654 3265 Unde
674 3199 769 3264 nobis
789 3198 1008 3264 certissimum
1028 3199 1080 3275 fit,
1107 3220 1165 3263 ne-
1217 3204 1281 3261 s1ta
1307 3195 1363 3261 lex
1384 3197 1593 3282 intelligitur,
1621 3200 1688 3265 iam
1709 3199 1839 3267 sublata
1860 3210 1910 3268 est
1930 3207 2130 3286 superstitio,
2160 3208 2195 3272 in

183 3308 249 3371 que
277 3287 379 3353 altero
404 3287 475 3352 leco
500 3286 682 3351 Dominum
708 3306 842 3350 suorum
866 3284 1081 3350 conscientias
1107 3305 1165 3349 vo-
1216 3302 1316 3365 quam
1341 3283 1493 3349 incidunt
1526 3286 1582 3367 qui
1615 3285 1770 3351 humanis
1802 3289 1945 3354 inventis
1973 3291 2037 3354 Dei
2071 3292 2197 3358 cultum

184 3374 286 3439 luisse
302 3374 442 3456 propriis
458 3372 714 3438 Pharisaeorum
731 3369 960 3436 traditionibus
974 3371 1097 3435 vexari.
1119 3371 1167 3436 ut
1216 3368 1405 3433 metiuntur.
1454 3370 1603 3436 Rursum
1636 3372 1693 3438 uhi
1725 3371 1768 3437 ad
1798 3394 2003 3440 communem
2031 3375 2194 3443 duntaxat

184 3460 288 3525 verba
308 3461 387 3543 ipsa,
411 3459 440 3523 si
460 3480 527 3522 non
547 3463 829 3540 contorqueantur,
850 3455 934 3521 nihil
949 3456 1015 3520 tale
1037 3464 1163 3522 sonant
1216 3452 1386 3518 hominum
1398 3477 1496 3520 usum
1513 3467 1660 3540 spectare
1677 3460 1893 3542 cognoscitur,
1915 3482 2029 3526 eversa
2046 3468 2096 3526 est
2110 3463 2195 3530 falsa

184 3543 315 3626 Quibus
328 3546 499 3623 Dominus,
523 3544 638 3610 acerbe
655 3544 690 3609 in
711 3544 967 3608 Pharisaeorum
988 3562 1096 3607 mores
1112 3544 1164 3606 in·
1215 3538 1274 3602 illa
1301 3539 1508 3624 obligationis
1535 3552 1568 3608 et
1593 3545 1796 3610 necessitatis
1822 3547 1944 3627 opinio,
1972 3567 2055 3629 quae
2076 3549 2194 3633 ingen-
2239 3603 2261 3622 .

185 3631 264 3697 vehi
285 3632 474 3710 instituens,
497 3630 687 3713 simpliciter
708 3627 872 3694 auditores
894 3634 969 3693 ante
991 3649 1067 3693 suos
1089 3650 1163 3694 eru·
1215 3631 1283 3689 tem
1304 3631 1462 3692 terrorem
1482 3630 1687 3696 conscientiis
1706 3630 1879 3709 iniiciebat,
1903 3641 2197 3715 computarentur

184 3716 309 3796 diabat,
337 3725 375 3781 ut
396 3738 582 3800 quanquam
608 3715 692 3779 nihil
718 3713 868 3780 viderent
893 3716 928 3778 in
950 3734 1063 3778 eorum
1084 3716 1162 3793 vita,
1215 3709 1407 3778 traditiones
1428 3712 1632 3780 adsalutem
1648 3717 1865 3796 neeessariae;
1888 3718 2047 3800 siquidem
2069 3720 2124 3787 hie
2143 3723 2196 3788 ni·

183 3802 272 3887 quod
292 3811 519 3885 sequerentur,
547 3824 614 3866 non
641 3809 753 3866 1111101
780 3822 820 3865 11
839 3801 946 3866 faeere
967 3799 1162 3880 desinerent,
1215 3796 1263 3859 hil
1289 3800 1471 3880 quaeritm,
1504 3801 1568 3865 nisi
1595 3809 1634 3865 ut
1660 3803 1825 3867 communi
1842 3803 1947 3868 officio
1973 3804 2081 3871 alatrrr
2095 3806 2195 3874 ’inter

184 3910 269 3971 qnae
289 3890 390 3955 verbo
416 3888 588 3966 docebant,
617 3909 693 3953 cum
721 3888 757 3951 in
778 3885 935 3952 cathedra
955 3885 1073 3965 Mesia,
1101 3885 1162 3952 hoc
1214 3902 1275 3947 nos
1301 3885 1429 3950 caritas.
1483 3885 1609 3951 Prioris
1648 3888 1777 3970 generis
1809 3889 1960 3972 exempla
1996 3890 2075 3957 sunt
2105 3895 2193 3978 apud

184 3981 250 4053 081,
277 3975 320 4040 11
341 3974 560 4039 enarrandam
584 3975 692 4058 legem
717 3971 876 4038 sederent
921 3969 1063 4051 Quando
1084 3993 1162 4038 vero
1213 3967 1370 4048 Paulum,
1399 3993 1441 4035 ne
1463 3971 1617 4038 mulieres
1643 3974 1678 4037 in
1713 3973 2193 4057 001111111000111111011-

183 4061 326 4143 imperiti
346 4061 512 4144 plerique,-
525 4060 604 4125 dum
625 4058 779 4124 humanis
799 4057 1025 4122 traditionibus
1045 4063 1080 4122 et
1099 4059 1161 4122 im·
1213 4060 1266 4119 tae
1286 4056 1464 4138 precedant
1486 4057 1518 4143 (l
1543 4056 1618 4123 001.
1641 4063 1676 4122 11
1696 4065 1731 4124 01
1752 4059 1822 4210 lig,
1849 4066 1883 4126 et
1903 4063 1939 4126 in
1964 4072 2121 4147 perpetuo
2142 4067 2193 4131 vi·

180 4147 236 4230 pie
256 4146 352 4230 ligari
371 4146 518 4211 fidelium
538 4146 752 4212 censcientias
771 4151 805 4208 et
825 4144 948 4209 11111111
968 4142 1079 4209 Deum
1100 4143 1161 4210 coli
1213 4146 1266 4205 tae
1288 4164 1351 4206 usu
1370 4145 1510 4226 spectari
1535 4151 1687 4227 possunt:
1716 4152 1754 4210 ut
1804 4147 1875 4212 exis
1896 4150 2061 4232 genubus,
2088 4149 2191 4216 nudo-

80 4281 88 4291 .
180 4232 328 4313 audiunt,
350 4233 464 4298 eadem
484 4233 584 4297 litura
605 4230 694 4316 leges
715 4250 828 4296 omnes
848 4228 1022 4307 inducunt,
1044 4230 1161 4312 quibus
1213 4248 1276 4311 que
1297 4229 1402 4310 capite
1423 4230 1552 4312 publice
1572 4251 1711 4311 oremus,
1733 4253 1775 4296 ne
1792 4231 1882 4297 nuda
1902 4233 2074 4300 hominum
2095 4236 2191 4302 cada·

180 4318 336 4384 eeclesiae
369 4318 447 4383 orde
480 4318 702 4394 constituitur,
735 4315 866 4381 illorum
897 4336 1024 4399 quoque
1057 4318 1161 4381 errori
1211 4334 1292 4379 vera
1312 4315 1348 4379 in
1367 4315 1496 4381 foveam
1516 4316 1744 4400 proiieiantur,
1764 4340 1806 4382 ne
1826 4320 1964 4384 Domini
1986 4329 2191 4388 sacramenta

179 4404 386 4469 commodum
407 4404 461 4470 hie
482 4401 719 4471 occurrendum
739 4408 797 4466 est
1211 4401 1345 4481 profane
1367 4408 1401 4465 et
1427 4400 1556 4468 sordide
1577 4402 1861 4483 administrentur,
1892 4411 1926 4471 et
1945 4426 2029 4487 quae
2050 4406 2115 4472 alia
2135 4428 2190 4473 eo·

268 4490 354 4555 Falli
377 4490 430 4556 hic
452 4511 531 4556 sane
552 4510 710 4574 perquam
730 4487 892 4554 lubricum
913 4488 1072 4571 estquis
1093 4509 1160 4552 non
1212 4485 1288 4550 dem
1313 4487 1487 4568 pertinent.
1532 4487 1636 4569 Quid,
1666 4510 1710 4554 an
1737 4491 1772 4555 in
1797 4487 1944 4556 mulieris
1972 4491 2105 4557 carbaso
2127 4493 2191 4559 sita

204 4575 288 4641 rima
315 4578 426 4642 statim
453 4577 536 4641 faeie
558 4582 707 4659 apparet,
734 4582 892 4656 quantum
918 4575 1004 4638 inter
1031 4573 1105 4639 illas
1127 4582 1161 4639 et
1210 4571 1324 4656 religio
1346 4577 1410 4653 est,
1440 4578 1478 4637 ut
1497 4573 1586 4639 nudo
1607 4576 1712 4659 capite
1733 4575 1845 4661 egredi
1866 4578 1907 4641 sit
1930 4577 2030 4656 nefas,
2055 4574 2187 4680 [pstor]

264 4662 401 4728 intersit.
447 4660 515 4728 Sed
540 4683 600 4728 nos
628 4662 675 4727 ita
702 4659 933 4727 dilucidarem
954 4666 1058 4724 totam
1078 4681 1159 4742 pau·
1211 4665 1425 4724 ansanetum
1447 4658 1579 4726 deeius
1601 4661 1730 4726 silentio
1756 4661 1938 4739 decretum,
1966 4661 2052 4744 quod
2072 4663 2189 4730 violari

179 4748 228 4812 cis
254 4747 479 4831 expediemus,
513 4771 555 4814 ne
588 4749 641 4813 cui
672 4749 820 4830 imponat
850 4744 1036 4811 similitudo.
1085 4745 1159 4813 Hoc
1210 4743 1282 4808 1110
1303 4766 1430 4810 summo
1452 4746 1573 4812 scelere
1592 4767 1658 4812 nen
1679 4748 1789 4830 possit,
1812 4768 1855 4812 an
1877 4746 2006 4829 aliquod
2028 4749 2064 4811 in
2084 4771 2189 4834 genu-

180 4832 323 4914 primum
345 4834 532 4899 habeamus.
577 4832 616 4900 Si
645 4834 680 4899 in
701 4834 790 4933 omni
816 4831 986 4931 hominum
1006 4832 1159 4898 societate
1209 4830 2188 4939 11011010,111113011000111010111111111111,01101111οῖ

180 4938 398 5070 attuit?
418 4915 1158 5090 uniuscuiusque
1209 4918 2012 5089 11111111111111111
2028 4920 2187 5089 111111
2260 5011 2264 5016 ·

180 5087 257 5154 darn
277 5091 482 5158 concordiam
498 5093 616 5172 valeat,
639 5094 667 5159 si
688 5093 724 5157 in
739 5091 838 5156 rebus
860 5087 996 5173 egenus
1016 5088 1158 5173 aliquem
1208 5108 1292 5171 quae
1313 5088 1424 5155 velare
1445 5095 1543 5172 eaput
1563 5110 1630 5154 non
1651 5090 1746 5168 sinat,
1768 5088 1853 5153 nihil
1870 5089 2030 5175 delinquit
2046 5093 2074 5158 si
2093 5112 2188 5177 aper-

180 5175 280 5240 ritum
307 5178 362 5260 qui
390 5178 431 5242 ad
452 5178 616 5260 publicam
642 5165 804 5262 pertineat
830 5175 1034 5241 honestatem
1060 5183 1157 5259 atque
1209 5181 1242 5239 to
1263 5175 1368 5257 capite
1390 5181 1553 5254 accurrat;
1582 5181 1616 5240 01
1643 5182 1694 5240 011
1719 5175 1776 5242 ubi
1795 5175 1884 5258 loqui
1911 5196 1978 5241 non
1998 5179 2107 5244 minus
2128 5199 2187 5265 ep-

179 5260 261 5326 adeo
283 5264 523 5329 humanitatem
542 5266 664 5348 ipsam,
687 5263 721 5329 id
742 5265 779 5328 in
800 5260 945 5330 ecelesiis
963 5262 1157 5342 praesertim
1208 5267 1384 5344 pomonam
1405 5259 1454 5324 illi
1475 5261 1527 5339 sit,
1550 5280 1649 5344 quam
1670 5260 1748 5327 alibi
1768 5267 1885 5328 tacere
1930 5259 2085 5330 81111011
2104 5285 2187 5349 quo-

249 5363 361 5420 Gales‘as'
373 5381 465 5436 opera.
504 5366 561 5421 Vei.
578 5365 604 5420 1.
1930 5364 1965 5419 15
