4770 6030
180 380 243 442 825
714 375 898 443 oleri.
923 376 1033 462 orn.)
1075 375 1502 444 varnsnruovun
1524 372 1671 441 rusu·
2118 382 2180 444 aa

179 493 204 545 A
218 495 293 558 242;
311 491 422 559 aare
442 490 543 545 oeae.

179 566 452 650 praeditosfuisse
469 476 602 644 oonsiet,
619 567 765 648 sequitur
781 564 926 629 eiusdem
944 571 977 628 et
992 564 1154 629 libertatis
1208 563 1432 628 annotandum
1454 572 1518 628 est:
1549 565 1597 628 ita
1624 564 1685 628 sub
1707 565 1810 628 veteri
1833 571 2027 629 testamento
2049 567 2181 648 vixisse,

180 664 213 716 et
223 653 364 717 laetitiae
375 653 474 716 fuisse
487 653 674 734 participes:
699 651 949 734 respondemus,
969 657 1122 714 neutrum
1134 671 1154 713 a
1206 656 1244 713 ut
1275 671 1342 713 non
1374 649 1440 714 illic
1473 651 1665 727 restiterint;
1699 648 1755 713 sed
1784 650 1960 732 aspirarint
1986 672 2114 734 semper
2141 654 2183 719 ad

180 739 252 822 lege
264 738 431 815 habuisse;
451 736 507 802 sed
519 759 619 819 quum
632 758 666 801 se
676 758 735 819 per
745 737 861 820 legem,
879 743 912 800 et
923 736 1033 800 servili
1045 734 1154 799 condi·
1207 756 1337 811 novum,
1362 735 1504 817 adeoque
1526 742 1649 800 certam
1671 736 1741 799 eius
1763 737 2022 800 communionem
2041 739 2184 821 amplexi

179 826 268 887 tione
282 824 395 906 premi,
413 824 671 887 etconscientiae
688 821 911 905 inquietudine
932 821 1063 903 fatigari
1081 842 1155 885 sen·
1209 823 1282 885 sint.
1329 819 1394 900 Qui
1417 822 1505 885 enim
1526 821 1750 903 praesentibus
1772 821 1896 885 umbris
1921 824 2064 886 contenti
2091 846 2183 889 men-

182 911 291 987 tirent‚
299 908 341 973 ad
352 909 512 992 evangelii
525 908 705 973 subsidium
717 909 907 991 confugisse,
915 906 1049 988 ideoque
1059 927 1156 988 pecu·
1209 917 1275 971 tem
1297 906 1338 970 ad
1361 906 1532 971 Christum
1553 928 1621 970 non
1641 906 1866 983 extenderunt,
1890 929 1944 972 eos
1967 910 2130 975 caecitatis
2144 930 2182 977 aa

183 995 297 1059 liarem
320 995 396 1058 novi
416 995 604 1058 testamenti
624 996 768 1059 fructum
787 994 896 1070 fuisse,
920 992 1005 1074 quod
1027 1000 1157 1074 praeter
1208 991 1444 1056 maledictionis
1477 992 1612 1057 damnat
1639 992 1812 1074 apostolus.
1868 994 1916 1058 Ut
1942 996 2030 1058 enim
2058 996 2184 1078 reliqua

182 1101 386 1146 communem
408 1081 528 1144 veteris
553 1080 740 1143 testamenti
766 1079 872 1162 legem
897 1077 963 1142 illis
983 1079 1078 1142 malis
1099 1099 1156 1140 er·
1210 1087 1390 1155 taceamus,
1430 1099 1590 1159 quaenam
1628 1079 1732 1141 maior
1771 1080 1910 1143 caecitas
1956 1081 2036 1163 fingi
2072 1083 2182 1162 possit,

181 1167 282 1249 empti
304 1167 442 1230 fuerunt.
485 1164 616 1230 Deinde
644 1165 836 1248 negabimus
864 1165 911 1227 ita
937 1163 1097 1228 libertatis
1124 1169 1158 1227 et
1209 1184 1306 1245 quam
1325 1163 1481 1245 apeeude
1500 1169 1643 1228 mactata
1657 1165 1781 1244 peccati
1799 1165 2016 1246 expiationem
2028 1166 2181 1248 sperare?

180 1252 363 1317 securitatis
386 1252 500 1333 spiritu
522 1251 621 1316 fuisse
642 1250 785 1328 donatos,
807 1257 927 1313 utnon
946 1250 1072 1331 experti
1090 1250 1157 1313 sint
1209 1270 1308 1330 quam
1334 1252 1369 1312 in
1397 1257 1532 1313 externa
1559 1270 1662 1330 aquae
1689 1250 1878 1332 irrigatione
1906 1251 2034 1316 animae
2064 1273 2183 1336 purga·

181 1338 289 1419 aliqua
321 1358 363 1400 er
390 1343 482 1418 parte
512 1342 546 1400 et
572 1338 722 1401 timorem
750 1358 769 1400 a
795 1336 868 1419 lege
893 1342 926 1399 et
955 1336 1154 1400 servitutem.
1208 1335 1331 1399 tionem
1352 1334 1529 1417 quaerere?
1559 1356 1657 1417 quam
1683 1334 1810 1417 frigidis
1832 1336 1942 1400 Deum
1963 1339 2183 1416 caeremoniis,

180 1424 353 1504 Utcunque
386 1423 473 1486 enim
506 1421 577 1499 illa,
611 1443 710 1504 quam
736 1442 796 1504 per
824 1420 986 1504 evangelii
1015 1421 1156 1504 gratiam
1209 1420 1344 1502 perinde
1356 1430 1452 1502 atque
1463 1420 1528 1485 illis
1539 1419 1635 1486 valde
1646 1421 1832 1498 oblectetur,
1854 1422 1939 1487 velle
1956 1423 2108 1504 placare?
2129 1423 2183 1488 Ad

181 1509 346 1588 ass‘equuti
369 1515 476 1585 erant,
506 1509 734 1591 praerogativa
762 1508 963 1585 fruerentur,
990 1513 1084 1570 erant
1105 1513 1156 1570 ta-
1208 1507 1288 1571 istas
1310 1507 1398 1569 enim
1420 1527 1532 1571 omnes
1554 1505 1770 1570 absurditates
1796 1506 2004 1582 delabuntur,
2035 1510 2184 1590 quisine

184 1616 259 1658 men
291 1592 408 1657 iisdem
450 1593 713 1658 observationum
753 1592 893 1657 vinculis
933 1600 966 1656 et
1003 1592 1156 1656 oneribus
1209 1590 1336 1657 Christi
1357 1598 1506 1673 respectu
1528 1593 1563 1655 in
1583 1591 1665 1674 legis
1687 1593 1965 1658 observationibus
1986 1594 2133 1659 haerent.

182 1701 257 1744 cum
283 1679 382 1761 vulgo
410 1678 550 1743 obnoxii.
596 1677 708 1758 Quum
736 1700 814 1762 ergo
844 1677 886 1741 ad
916 1698 971 1742 eas
992 1698 1156 1742 caeremo-

181 1765 254 1829 nias
276 1765 411 1829 sollicite
433 1764 652 1829 observandas
675 1763 900 1848 adigerentur,
927 1783 1010 1845 quae
1036 1761 1156 1844 paeda·
1212 1815 1218 1827 .
1296 1731 1346 1826 38:
1391 1726 1563 1807 ρώπων
1583 1729 1669 1810 (iuml
1691 1729 1868 1829 ἓῶἷῑῖὶὲθῑθ
1889 1730 1979 1809 Ῑῑθθῖ,
2006 1719 2184 1797 1(Ῐὶὃθῐὶῐΰθῐὶ

183 1851 297 1933 gogiae
336 1850 485 1915 servituti
524 1851 640 1914 similis
678 1850 826 1934 symbola
858 1857 952 1913 erant
984 1854 1017 1912 et
1050 1848 1156 1913 chiro-
1209 1836 1245 1878 ¹¹¹
1267 1834 1305 1877 ⁰⁰
1327 1822 1425 1890 1θωῖ
1454 1813 1541 1896 ⁴1¹¹⁰d
1562 1813 1605 1878 ad
1626 1813 1751 1879 ΟΜ]
1779 1836 1881 1898 usque
1903 1816 2081 1891 adventum
2104 1839 2183 1901 gen·

183 1937 323 2018 gsflpha3
350 1937 467 2018 quibus
489 1956 524 1999 80
551 1936 674 2018 peccati
696 1956 768 2000 reos
789 1936 982 2012 faterentur,
1009 1934 1050 1999 ab
1075 1934 1156 1999 obli·
1209 1908 1275 1964 tem
1308 1921 1409 1964 unam
1442 1907 1672 1983 ⁸⁰g¹⁶gal⁰ffll
1704 1902 1880 1978 D⁰mlffl¹⁸2
1914 1903 1950 1965 ln
1978 1924 2042 1984 (lua
2071 1903 2184 1969 f00d11⁸

183 2021 578 2104 gationenonsolverent:
602 2022 672 2085 iure
690 2043 768 2105 prae
785 2022 886 2099 nobis,
910 2021 969 2085 sub
989 2020 1156 2085 servitutis
1209 1986 1333 2084 gratim
1356 2006 1433 2050 ΜΒ
1455 1986 1644 2050 ⁰⁰¹¹fi¹³⁰r⁰l
1690 1985 1831 2066 QuandO
1851 1986 2065 2054 &tribuebat
2081 1989 2183 2053 Alli*

184 2128 222 2170 ac
244 2107 368 2171 timoris
391 2113 584 2171 testamento
606 2108 705 2172 fuisse
727 2106 894 2184 dicuntur,
924 2106 1002 2170 dum
1024 2107 1155 2188 respici
1209 2092 1311 2136 ΗΜ
1332 2077 1454 2153 Μεθ’
1476 2070 1606 2153 quand⁰
1629 2071 1794 2137 dividebat
1819 2073 1904 2139 ffli⁰⁹
1925 2073 2049 2152 ‘idam'
2077 2075 2185 2156 inquit

183 2199 238 2254 tur
248 2193 428 2256 communis
438 2193 496 2256 illa
507 2192 713 2274 dispensatio,
736 2213 800 2275 qua
810 2199 889 2257 tunc
900 2213 975 2257 cum
985 2191 1156 2256 israelitico
1208 2157 1319 2305 lM⁰⁸⁰⁸
1336 2157 1513 2276 (9611535
1535 2155 1580 2241 g),
1598 2157 1634 2255 ,ln
1651 2158 1886 2258 P⁰⁸⁸⁰⁵⁸i⁰n0311
1903 2159 1952 2258 llll
1970 2161 2067 2260 ⁰9⁸⁸st
2082 2181 2184 2260 P0R113

182 2277 300 2358 populo
321 2278 484 2342 Dominus
504 2279 629 2361 agebat·
1221 2265 1260 2306 us
1289 2264 1381 2307 suus.
1416 2241 1509 2306 laeob
1537 2241 1701 2306 hrmculus
1726 2243 1936 2310 haereditatis
1972 2268 2049 2311 erus.
2094 2245 2184 2311 Alibi

1210 2327 1469 2413 (Dentrem)
1503 2328 1548 2392 sic
1575 2328 1731 2411 papulum
1759 2328 1945 2412 alloquitur:
1981 2354 2023 2396 en
2049 2333 2184 2396 Domini

270 2417 319 2492 37.
365 2414 455 2491 Tres,
474 2435 555 2495 quas
575 2414 768 2495 posteriores
785 2414 966 2490 retulimus,
990 2434 1156 2495 eompara-
1208 2414 1272 2477 Dei
1296 2414 1345 2477 tui
1374 2421 1424 2477 est
1451 2413 1576 2478 eoelum
1602 2419 1637 2477 et
1656 2421 1747 2478 terra
1774 2425 1808 2478 et
1835 2417 1945 2480 omnia
1972 2438 2056 2499 quae
2084 2419 2119 2480 in
2146 2438 2185 2482 ea

108 2538 112 2545 ·
182 2500 287 2563 tiones
315 2506 394 2563 sunt
419 2499 502 2582 legis
530 2508 564 2563 et
595 2499 774 2583 evangelii,
807 2520 906 2581 quare
940 2499 976 2561 in
1009 2498 1076 2563 illis
1102 2500 1158 2564 lex
1210 2505 1299 2578 sunt;
1334 2498 1482 2582 patribus
1528 2507 1639 2564 tamen
1671 2500 1737 2564 tuis
1769 2501 1993 2566 tantummodo
2027 2502 2183 2582 adhaesit,

182 2586 302 2650 veteris
320 2584 514 2663 testamenti,
537 2585 745 2669 evangelium
756 2586 833 2650 novi
850 2584 982 2648 nomine
998 2584 1155 2667 signatur.
1210 2586 1333 2649 amavit
1349 2606 1403 2649 eos
1421 2592 1458 2649 ut
1474 2585 1612 2669 eligeret
1628 2607 1741 2650 semen
1758 2606 1871 2650 eorum
1887 2596 1961 2669 post
1978 2608 2047 2667 eos3
2066 2609 2184 2671 nempe

181 2670 296 2735 Prima
327 2671 425 2735 latius
457 2670 656 2745 extenditur:
698 2668 944 2752 comprehendit
976 2671 1064 2734 enim
1096 2669 1157 2735 sub
1209 2691 1267 2734 vos
1288 2671 1385 2752 ipsos,
1406 2691 1425 2734 e
1446 2672 1571 2737 cunetis
1593 2671 1753 2754 gentibus.
1796 2671 1961 2753 Populum
1982 2694 2059 2756 ergo
2081 2673 2183 2753 illum,

182 2778 217 2821 se
250 2766 283 2820 et
315 2778 397 2839 quae
431 2765 507 2821 ante
539 2756 647 2840 legem
667 2757 773 2821 editae
806 2763 884 2820 sunt
915 2755 1155 2836 promissiones.
1209 2755 1313 2820 veluti
1334 2756 1422 2821 solus
1444 2755 1487 2820 ad
1507 2778 1541 2821 se
1564 2778 1605 2820 ex
1628 2756 1814 2823 hominibus
1831 2758 2019 2840 pertineret,
2042 2759 2185 2824 nominis

183 2840 280 2921 Quod
294 2849 416 2923 ,autem
451 2844 539 2925 ipsas
572 2842 633 2908 sub
660 2843 780 2908 veteris
812 2841 998 2906 testamenti
1025 2842 1157 2906 nomine
1209 2841 1261 2906 sui
1292 2843 1476 2925 cognitione
1510 2842 1662 2926 dignatus
1695 2851 1746 2907 est
1783 2843 1903 2923 solum;
1944 2844 2056 2908 foedus
2089 2865 2185 2909 suum

183 2928 362 2992 censendas
384 2928 589 3012 Augustinus
610 2929 752 3012 negavit,
766 2927 791 3010 ¹)
818 2928 938 3009 optime
965 2927 1000 2990 in
1022 2947 1059 2990 eo
1082 2948 1156 2991 sen·
1208 2929 1301 3010 quasi
1318 2927 1353 2991 in
1376 2928 1447 2993 eius
1468 2929 1542 2993 sinu
1562 2928 1725 3010 deposuit,
1754 2931 1971 3013 praesentiam
1999 2930 2050 2994 sui
2076 2930 2185 2993 numi·

183 3013 234 3088 sit,
258 3035 317 3078 nec
339 3013 428 3078 aliud
450 3015 554 3078 voluit
574 3035 672 3095 quam
694 3012 779 3096 quod
798 3011 964 3077 docemus:
986 3013 1014 3077 si
1025 3011 1156 3094 quidem
1209 3013 1260 3077 nis
1282 3012 1331 3076 illi
1352 3015 1581 3090 manifestavit,
1605 3014 1754 3079 omnibus
1775 3016 2010 3099 praerogativis
2033 3036 2109 3079 eum
2125 3015 2185 3080 ho·

185 3098 225 3161 ad
259 3098 332 3162 illas
362 3099 521 3164 Ieremiae
554 3106 587 3163 et
612 3099 709 3164 Pauli
742 3099 921 3163 sententias
952 3097 1154 3181 respiciebat,
1208 3099 1347 3163 noravit.
1392 3097 1460 3164 Sed
1481 3107 1519 3163 ut
1540 3099 1665 3180 reliqua
1686 3101 1873 3165 omittamus
1894 3100 2063 3166 beneficia:
2098 3101 2185 3182 quod

184 3183 239 3247 ubi
250 3191 344 3248 vetus
352 3187 725 3251 testamentumaverbo
737 3185 861 3267 gratiae
873 3190 906 3247 et
915 3183 1155 3248 misericordiae
1209 3205 1310 3249 unum
1334 3184 1388 3250 hic
1410 3187 1534 3268 agitur,
1562 3184 1656 3249 illum
1684 3186 1776 3251 verbi
1803 3187 1854 3250 sui
1876 3188 2102 3252 communione
2123 3187 2185 3253 sibi

184 3268 387 3333 discernitur.
441 3270 536 3335 Istud
572 3292 698 3354 quoquc
737 3270 907 3336 scitissime
945 3268 1055 3333 eodem
1088 3269 1157 3334 loco
1209 3269 1371 3348 devinxit,
1405 3278 1443 3334 ut
1468 3273 1539 3335 eins
1572 3271 1791 3354 appellaretur
1822 3280 1856 3335 et
1880 3271 2057 3336 haberetur
2083 3274 2184 3338 Deus.

183 3355 366 3437 subiungit:
405 3357 567 3437 pertinere
605 3357 646 3421 ab
680 3357 772 3420 initio
809 3354 924 3418 mundi
962 3353 1004 3419 ad
1035 3376 1157 3420 norum
1208 3356 1341 3420 Interea
1363 3363 1477 3438 gentes
1499 3356 1590 3435 alias,
1612 3357 1705 3439 quasi
1727 3357 1943 3439 nihilsecum
1961 3357 2121 3423 haberent
2137 3358 2185 3422 rei

184 3447 416 3504 testamentum
436 3441 520 3505 filios
541 3443 778 3523 promissionis,
802 3450 1010 3524 regeneratos
1032 3462 1053 3505 a
1073 3441 1155 3521 Deo,
1209 3456 1267 3505 aut
1278 3443 1472 3519 commercii,
1495 3443 1530 3506 in
1541 3443 1687 3508 vanitate
1706 3442 1873 3508 ambulare
1884 3443 2011 3508 sinebat
2033 3445 2120 3527 (Act.
2136 3448 2195 3522 14,·

206 3527 238 3588 ui
261 3526 325 3590 fide
352 3546 411 3608 per
433 3526 638 3592 dilectionem
664 3535 819 3610 operante
845 3525 1037 3590 obedierunt
1063 3548 1156 3590 man-
1212 3526 1282 3609 16),
1310 3547 1371 3592 nec
1392 3535 1430 3592 ut
1457 3549 1570 3607 earum
1592 3528 1692 3591 exitio
1713 3526 1912 3607 mederetur,
1939 3528 2025 3611 quod
2052 3530 2186 3595 unicum
2252 3526 2257 3536 “

184 3547 321 3695 datust)
344 3613 378 3675 in
401 3632 457 3694 spe
478 3633 543 3676 non
565 3614 754 3689 carnalium,
778 3623 998 3690 terrenorum,
1032 3618 1156 3695 tempo-
1209 3620 1280 3677 erat
1300 3613 1490 3690 remedium,
1513 3613 1685 3678 afferebat:
1717 3613 1809 3680 verbi
1836 3614 1958 3679 scilieet
1984 3614 2035 3678 sui
2056 3613 2185 3697 praedi·v

76 3744 79 3755 .
183 3696 315 3775 ralium,
350 3697 407 3762 sed
440 3697 674 3780 spiritualium,
709 3699 912 3774 coelestium,
950 3706 1157 3762 aeternorum
1208 3698 1377 3762 cntionem.
1422 3699 1539 3782 Itaque
1561 3698 1665 3764 Israel
1687 3708 1767 3764 tunc
1793 3699 1880 3764 filius
1906 3700 2049 3764 Domino
2066 3700 2185 3767 delica-

182 3782 354 3861 bonorum,
383 3785 556 3867 praecipue
584 3784 752 3848 credentes
779 3785 815 3848 in
841 3782 1069 3862 mediatorem
1097 3804 1157 3866 per
1208 3791 1276 3863 tus;
1295 3783 1351 3848 alii
1379 3784 1535 3849 extranei.
1579 3784 1641 3849 Ille
1670 3785 1818 3868 cognitus
1850 3793 1883 3850 ot
1910 3785 2070 3850 infidam
2099 3792 2184 3852 tute-

182 3888 278 3949 quem
301 3891 366 3933 non
387 3869 579 3934 dubitarunt
606 3877 640 3934 et
666 3871 816 3951 spiritum
838 3869 898 3933 sibi
925 3868 1155 3948 administrari,
1207 3868 1338 3952 lamque
1365 3879 1548 3953 suseeptus;
1577 3869 1633 3935 alii
1654 3869 1797 3935 tenebris
1826 3872 1893 3936 suis
1919 3872 2031 3937 relicti.
2076 3871 2138 3937 Ille
2165 3894 2186 3937 a

182 3966 219 4015 ut
240 3955 322 4019 bene
343 3956 501 4032 facerent,
532 3964 566 4018 et
595 3956 718 4038 ignosci
746 3956 870 4037 quoties
892 3961 1071 4036 peccarent
1115 3953 1157 4018 Id
1208 3955 1280 4018 Deo
1302 3957 1538 4035 sanctificatum
1572 3955 1627 4020 alii
1649 3955 1784 4038 profani.
1828 3955 1891 4021 Ille
1912 3958 1976 4021 Dei
1999 3959 2186 4040 praesentia

182 4039 270 4102 enim
291 4042 398 4121 ipsum
425 4053 475 4104 est
501 4039 587 4122 quod
614 4062 759 4105 asserere
780 4042 816 4104 in
833 4041 940 4104 animo
962 4040 1036 4103 fuit:
1071 4041 1156 4105 eius·
1209 4041 1387 4106 honoratus
1394 4065 1402 4121 ;
1425 4042 1480 4106 alii
1508 4042 1597 4106 omni
1619 4042 1860 4124 propinquitate
1884 4043 2016 4109 exclusi.
2062 4045 2108 4108 At
2127 4043 2184 4109 ubi

183 4121 256 4185 dem
288 4127 457 4191 nobiscum
490 4126 723 4191 benedictionis
756 4127 791 4190 in
822 4134 989 4190 aeternam
1017 4125 1157 4190 salutem
1208 4126 1299 4190 venit
1319 4127 1487 4209 plenitudo
1505 4127 1659 4210 temporis
1676 4128 1899 4194 instaurandis
1917 4129 2068 4195 omnibus
2085 4129 2183 4193 desti·
2265 4144 2267 4149 ·

182 4218 346 4274 consortes
378 4212 477 4275 fuisse
508 4232 620 4276 omnes
652 4219 794 4290 sanctos,
837 4233 917 4295 qnos
950 4212 990 4275 ab
1023 4210 1156 4276 exordio
1208 4219 1294 4290 nata,
1317 4212 1544 4296 exhibitusque
1566 4219 1617 4277 est
1635 4213 1690 4277 ille
1701 4213 1765 4278 Dei
1783 4220 1818 4279 et
1836 4213 1978 4279 hominis
1991 4215 2015 4298 ¹)
2033 4213 2183 4279 concilia·

180 4295 294 4359 mundi
317 4297 524 4377 peculiariter
541 4318 561 4360 a
578 4298 721 4362 Domino
738 4298 872 4363 selectos
889 4296 1051 4379 scriptura
1069 4318 1157 4362 com·
1208 4310 1273 4362 ter:
1312 4297 1421 4363 diruta
1447 4299 1603 4377 maceria,
1645 4319 1728 4381 qnae
1763 4299 1888 4364 tamdiu
1925 4298 2183 4365 misericordiam

181 4391 348 4445 memorat.
394 4381 487 4446 Inter
508 4397 655 4447 nostram
676 4404 754 4466 ergo
776 4392 809 4447 et
836 4383 924 4447 illius
945 4383 1156 4465 partitionem
1207 4384 1272 4447 Dei
1293 4384 1381 4448 intra
1401 4384 1534 4449 Israelis
1555 4385 1638 4449 fines
1660 4384 1846 4450 conclusam
1868 4396 2025 4468 ¹tenuerat,
2055 4406 2183 4449 annun·

181 4467 242 4531 hoc
264 4468 414 4544 interest,
443 4467 529 4550 quod
555 4477 667 4532 nostra
694 4467 888 4551 (secundum
915 4468 1007 4532 illa-m
1029 4467 1155 4533 Christi
1208 4468 1289 4534 tiata
1310 4491 1377 4552 pax
1398 4477 1448 4535 est
1468 4471 1508 4535 iis
1529 4471 1584 4552 qui
1608 4470 1720 4553 procul
1743 4480 1851 4551 erant,
1879 4493 1945 4536 non
1973 4492 2065 4536 secus
2086 4478 2183 4552 atque

181 4554 391 4618 sententiam:
416 4553 470 4616 lex
492 4561 526 4616 et
541 4554 719 4636 prophetae
741 4575 843 4636 usque
865 4553 907 4618 ad
924 4552 1092 4632 Ioannem,
1112 4575 1154 4618 er
1207 4554 1247 4619 ii's
1276 4556 1332 4637 qui
1359 4577 1460 4638 prope
1486 4557 1663 4636 coniuncti;
1692 4563 1729 4620 ut
1758 4558 1830 4621 Deo
1859 4556 1955 4620 simul
1984 4555 2184 4621 reconciliati

181 4659 218 4703 eo
241 4660 379 4721 regnum
401 4640 466 4703 Dei
489 4639 740 4723 evangelizatur,
769 4639 888 4703 Matth.
912 4643 959 4715 ll,
988 4640 1043 4722 13)
1065 4641 1155 4703 inter
1207 4640 1242 4704 in
1260 4663 1364 4705 unum
1380 4642 1537 4724 populum
1554 4642 1772 4708 coalescerent
1789 4641 1889 4725 (Eph.
1909 4646 1938 4719 2,
1960 4640 2024 4727 ¹4)-
2070 4639 2182 4720 Quare

181 4725 341 4806 evangelii
363 4725 554 4801 claritatem,
577 4734 611 4788 et
631 4724 849 4790 obscuriorem
871 4746 954 4807 quae
971 4745 1155 4807 praecesse·
1207 4725 1300 4790 nulla
1315 4728 1381 4791 iam
1400 4727 1520 4818 Craeci
1539 4735 1597 4792 aut
1617 4728 1740 4805 Iudaei,
1759 4727 2011 4793 circumcisionis
2023 4726 2075 4791 vel
2088 4746 2181 4808 prae·

180 4818 233 4872 rat
258 4810 351 4874 verbi
378 4809 652 4893 dispensationem
675 4809 861 4894 distingunt3
895 4809 999 4874 altera
1030 4809 1155 4892 simpli·
1207 4812 1288 4893 putii
1317 4813 1416 4877 ratio:
1451 4812 1508 4878 sed
1540 4814 1649 4877 omnia
1680 4815 1716 4876 in
1749 4813 1897 4877 omnibns
1929 4810 2097 4890 Christus,
2129 4812 2183 4877 cui

181 4895 262 4958 citer
288 4895 371 4978 legis
399 4896 599 4961 debilitatem
630 4897 773 4961 secernit
797 4895 838 4961 ab
866 4895 1027 4978 evangelii
1052 4896 1155 4960 firmi-
1207 4895 1303 4961 datae
1321 4906 1398 4962 sunt
1419 4907 1532 4981 gentes
1554 4899 1591 4962 in
1613 4896 1846 4962 haereditatem
1867 4909 1901 4962 et
1922 4897 2054 4961 termini
2074 4904 2181 4963 terrae

180 4978 300 5044 tudine.
357 4984 466 5065 Atque
511 4981 566 5048 hic
602 5002 727 5064 quoque
765 4980 806 5045 de
844 4982 963 5046 sanctis
1006 4980 1155 5063 patribus
1206 4982 1242 5046 in
1263 4983 1438 5063 peculium;
1466 4995 1504 5048 ut
1531 4984 1601 5048 sine
1627 4982 1812 5047 discrimine
1841 4982 2024 5047 dominetur
2052 5004 2072 5047 a
2098 4983 2181 5048 mari

195 5170 229 5175 ο,
246 5172 383 5179 —Q—
1208 5172 1411 5183 ...-...-..-..

250 5284 280 5354 1)
297 5287 371 5340 Libr.
390 5288 415 5341 3.
434 5290 468 5341 ad
486 5290 575 5343 Bonis.
594 5307 615 5343 e
632 5287 659 5343 4.
733 5287 765 5359 2)
781 5289 845 5344 aad.
864 5289 945 5358 idque
963 5286 1031 5342 1558
1048 5304 1101 5358 seq.
1275 5292 1306 5359 1)
1324 5292 1462 5345 hominum
1479 5288 1548 5344 1553
1566 5305 1617 5359 seq.
