4770 6030
191 353 253 415 115
847 332 1046 410 818111.
1070 342 1164 429 (rx.)
1207 344 1270 408 88
1294 342 1543 409 carneus.
2134 346 2196 409 118

190 441 650 609 A2863’1.Bglsstiia’ecciiiieinur,
683 551 744 596 nos
771 531 887 596 merito
916 532 1047 597 tinridos
1075 532 1169 596 reddi
1221 554 1320 616 quam
1348 532 1376 595 si
1401 532 1517 614 optimi
1544 530 1649 614 patris
1676 550 1772 595 omae
1798 552 1836 595 88
1863 529 2087 613 providentiae
2109 553 2198 598 8818-

192 630 401 708 118888181818
419 618 631 685 conscientia:
656 638 740 699 quae
758 623 904 700 patrem,
935 619 1092 699 quamvis
1113 619 1171 683 bo-
1217 619 1427 696 18881181888,
1458 639 1522 700 (188
1549 617 1690 700 propitio
1723 638 1760 682 ae
1788 614 1919 680 1818818
1948 617 2032 681 nihil
2065 618 2198 683 omnino

192 731 274 774 num
297 729 335 773 ao
355 712 580 783 mansuetum,
608 712 721 768 tamen
747 703 842 769 nobis
871 705 1032 768 offensum
1059 703 1169 769 reddi·
1222 703 1400 769 desiderari
1426 710 1542 786 potest.
1587 704 1633 766 Et
1661 723 1739 766 sane
1762 703 1824 766 hoe
1851 703 1960 784 ipsum
1989 704 2077 786 patri
2098 705 2198 767 etiam

193 795 312 861 derint.
356 793 443 857 Nam
470 792 497 856 si
527 789 614 853 inter
646 788 795 854 homines
827 790 919 853 nullo
950 790 1084 855 meliore
1110 812 1169 872 118
1221 798 1334 855 888118
1358 788 1523 854 debemus.
1568 789 1615 854 Ut
1642 789 1731 853 enim
1754 789 1810 870 qui
1838 796 1965 871 patrem
1987 789 2128 871 aliquem
2150 791 2198 853 fa-

192 888 287 946 trono
309 893 443 944 causam
461 897 556 941 suam
577 876 665 958 apud
684 883 814 958 patrem
831 876 918 939 filius
935 896 1032 958 agere
1049 883 1168 958 1181881,
1221 876 1329 940 8111188
1356 896 1434 941 1818
1462 883 1496 939 81
1522 875 1696 939 exanimo
1727 873 1848 956 diligit,
1876 882 1979 938 totam
2008 875 2106 938 simul
2128 875 2199 939 eius

192 966 283 1032 nullo
306 965 439 1029 meliore
460 962 640 1045 interprete
662 962 825 1044 perditam
854 962 923 1026 eius
945 963 1085 1044 gratiam
1108 961 1169 1026 sibi
1222 960 1356 1025 domum
1394 982 1504 1026 818818
1547 981 1585 1023 88
1617 959 1843 1025 benevolentia
1875 961 2117 1042 complectitur,
2157 960 2199 1025 ad

193 1052 367 1119 conciliare
390 1069 426 1113 ae
446 1049 629 1130 recolligere,
643 1047 668 1132 ¹)
698 1068 798 1129 quam
826 1047 854 1110 si
878 1047 949 1130 ipse
970 1047 1110 1130 supplex
1132 1068 1169 1112 ac
1222 1046 1311 1111 hunc
1332 1047 1474 1124 modum,
1498 1066 1562 1128 quo
1585 1046 1689 1110 simus
1710 1047 1747 1110 iu
1769 1046 1859 1111 111188
1881 1047 2053 1111 coelestem
2071 1056 2198 1128 patrem

193 1137 369 1213 demissus,
400 1134 530 1216 culpam
560 1153 758 1215 agnoscens,
782 1133 886 1215 patris
912 1133 1169 1197 misericordiam
1222 1133 1331 1197 studio
1353 1142 1452 1214 atque
1474 1133 1603 1210 affectu,
1627 1153 1705 1216 erga
1727 1132 1797 1197 eius
1817 1132 1985 1214 populum,
2009 1133 2080 1196 eius
2101 1133 2198 1196 fami-

120 1276 123 1281 .
193 1223 348 1306 imploret
370 1221 452 1303 (non
481 1219 570 1284 enim
592 1226 665 1282 tum
690 1240 725 1284 se
753 1226 892 1301 paterna
918 1218 1045 1284 viscera
1074 1218 1169 1283 dissi·
1221 1219 1309 1297 liam,
1333 1219 1404 1282 eius
1427 1218 1568 1300 denique
1585 1217 1819 1282 haereditatem
1840 1217 2011 1282 ostendere
2029 1219 2196 1284 convenit:

193 1310 321 1373 mulare
338 1313 485 1389 possunt,
505 1305 587 1386 quin
605 1304 646 1368 ad
663 1304 745 1369 tales
762 1324 875 1387 preces
887 1303 1169 1388 commoveantur)
1223 1325 1323 1387 quam
1352 1311 1520 1386 tantopere
1543 1304 1732 1380 honoravit,
1760 1310 1799 1366 81
1820 1303 2061 1386 plenitudinem
2083 1304 2198 1388 unige-

195 1394 274 1479 quid
313 1393 368 1457 ille
405 1400 499 1473 pater
535 1390 835 1455 misericordiarum
875 1399 908 1453 et
944 1391 1036 1455 Deus
1069 1390 1170 1454 totius
1222 1390 1284 1454 niti
1306 1390 1365 1455 filii
1387 1390 1438 1455 sui
1460 1390 1626 1456 vocaverit
1648 1389 1747 1474 (pr
1771 1395 1797 1468 l,
1817 1389 1882 1472 23).
1916 1388 1970 1453 Ad
1992 1390 2078 1454 hanc
2095 1390 2200 1472 igitur

196 1478 427 1548 consolationis
449 1475 483 1561 (2
503 1475 578 1541 (181.
604 1475 710 1560 1,3)?
741 1494 850 1539 annon
883 1476 992 1557 potius
1025 1476 1171 1540 filiorum
1222 1477 1330 1561 legem
1357 1476 1529 1541 christiani
1562 1476 1706 1540 hominia
1733 1476 1915 1539 orationem
1944 1477 2032 1559 exigi
2060 1483 2198 1558 oportet,

193 1587 254 1650 pro
276 1587 310 1629 se
334 1562 579 1645 deprecantium
607 1562 768 1646 lacrymas
796 1569 829 1625 et
856 1563 998 1644 gemitus
1018 1561 1172 1626 exaudiet
1222 1570 1262 1627 ut
1294 1563 1477 1626 communis
1504 1563 1562 1639 sit,
1591 1582 1628 1626 88
1655 1581 1769 1625 881888
1797 1561 2032 1643 complectatur
2060 1562 2117 1643 qui
2149 1561 2198 1625 illi

195 1652 313 1737 (quum
335 1648 530 1733 praesertim
559 1647 600 1711 ad
629 1647 664 1712 id
685 1668 745 1712 nos
767 1647 886 1712 invitet
908 1655 941 1711 et
963 1647 1170 1731 exhortetur)
1223 1655 1302 1712 8881
1334 1649 1370 1711 18
1396 1646 1529 1712 Christo
1563 1648 1690 1712 fratres.
1734 1648 1850 1729 Neque
1878 1647 1985 1712 solum
2008 1668 2089 1729 quos
2117 1648 2199 1712 tales

195 1758 295 1820 quam
317 1736 452 1817 quaevis
474 1734 615 1798 aliorum
633 1731 835 1815 patrocinia?
858 1732 1057 1814 adquorum
1076 1754 1170 1817 prae·
1223 1734 1265 1798 ad
1289 1754 1445 1816 praesens
1474 1732 1564 1798 videt
1586 1741 1684 1816 atque
1706 1733 1888 1816 cognoscit,
1912 1731 2117 1809 8818111888,
2141 1733 2198 1815 qui

195 1822 280 1888 sidia
300 1821 373 1885 ideo
396 1820 589 1903 suffugiunt,
613 1819 691 1900 quia
713 1819 753 1883 de
774 1819 878 1902 patris
906 1819 958 1882 sui
979 1827 1170 1884 mansuetu·
1224 1840 1323 1903 super
1352 1828 1475 1882 terram
1503 1826 1608 1902 agunt
1634 1819 1796 1884 homines:
1828 1819 1868 1883 de
1890 1818 2009 1901 quibus
2031 1818 2111 1900 quid
2133 1829 2199 1884 sta·

196 1909 272 1973 dine
295 1928 332 1971 ac
350 1905 759 2052 81881881181188811881.21
789 1904 886 1968 Hane
903 1913 1060 1987 paternae
1077 1926 1171 1970 man-
1223 1906 1324 1971 tuerit
1345 1904 1525 1982 Dominus,
1556 1913 1651 1969 extra
1673 1905 1822 1970 notitiam
1846 1912 1909 1983 est;
1937 1906 2001 1968 nisi
2024 1904 2112 1987 quod
2133 1904 2199 1969 illis

196 1993 381 2059 suetudinis
413 1990 663 2057 exuberantiam
695 1991 787 2054 nois
818 1990 855 2053 in
883 1991 1038 2073 parabola
1064 1991 1172 2074 pingit
1223 1993 1346 2074 optima
1368 1995 1480 2072 8111818
1502 1997 1536 2055 81
1561 2012 1693 2072 sperare
1722 1991 1885 2055 debemus.
1930 1991 2005 2055 Etsi
2025 2012 2104 2072 prae
2126 1991 2199 2055 aliis

197 2100 234 2145 ac
265 2084 503 2182 repraesentat:
537 2076 594 2141 ubi
624 2084 719 2158 pater
750 2076 872 2153 filium,
907 2077 963 2157 qui
996 2076 1037 2139 ab
1070 2099 1108 2141 eo
1137 2080 1171 2141 se'
1223 2078 1259 2141 in
1286 2077 1480 2142 domesticos
1507 2074 1584 2141 fidei
1616 2076 1775 2161 singulari
1803 2075 1946 2158 quodam
1970 2077 2090 2140 affeetu
2122 2098 2198 2159 pro·

197 2165 412 2242 alienaverat,
442 2163 499 2245 qui
528 2161 745 2226 substantiam
773 2161 844 2226 eius
871 2161 1029 2226 dissolute
1055 2162 1172 2246 prode-
1224 2184 1343 2247 pensos
1363 2161 1557 2240 8888118881,
1584 2182 1665 2243 quos
1687 2162 1854 2245 apostolus
1875 2163 2083 2244 peculiariter
2105 2161 2199 2226 nobis

197 2259 303 2335 gerat,
332 2251 390 2332 qui
410 2248 516 2313 modis
538 2247 691 2311 omnibus
712 2248 857 2329 graviter
878 2248 913 2311 in
935 2270 1010 2312 eum
1030 2248 1172 2331 delique·
1224 2246 1948 2332 88181181888811888118111((1816,10).
1996 2249 2198 2324 188881818,

196 2345 263 2412 rat,
306 2336 409 2400 obviis
442 2334 530 2399 ulnis
562 2334 772 2415 amplectitur
805 2333 902 2417 (Luc.
924 2338 979 2411 15,
1006 2332 1079 2418 20);
1111 2354 1172 2399 888
1224 2336 1270 2400 818
1292 2334 1412 2399 debent
1432 2354 1545 2398 omnes
1566 2355 1637 2398 8888
1655 2334 1826 2411 orationes,
1849 2341 1889 2396 ut
1909 2334 1945 2396 in
1962 2354 2035 2398 eam
2052 2341 2200 2417 spectent

197 2429 366 2505 exspectat
395 2420 497 2485 donee
527 2420 636 2486 verbis
660 2419 793 2485 veniam
819 2418 977 2501 postulet,
1012 2419 1069 2484 sed
1102 2421 1172 2503 ipse
1224 2421 1501 2497 communitatem,
1525 2440 1625 2501 quam
1647 2418 1811 2503 Dominus
1833 2425 1946 2483 noster
1967 2420 2001 2482 in
2019 2441 2121 2503 regno
2140 2440 2199 2485 suo

197 2506 391 2585 antevertit,
424 2506 617 2571 redeuntem
650 2505 780 2568 eminus
808 2505 972 2586 agnoscit,
1006 2506 1095 2570 ultro
1122 2507 1172 2569 illi
1224 2528 1262 2573 88
1284 2507 1379 2570 domo
1401 2525 1461 2569 sua
1482 2507 1660 2570 constituit.

197 2593 354 2670 occurrit,
388 2593 528 2668 solatur',
561 2592 595 2655 in
629 2591 767 2674 gratiam
802 2591 926 2673 recipit.
976 2579 1050 2654 Hoc
1083 2594 1172 2656 enim
1312 2596 1361 2655 33.
1405 2591 1520 2673 Neque
1550 2590 1585 2655 id
1611 2598 1722 2656 tamen
1754 2589 1847 2655 obest
1877 2591 2049 2671 quominus
2080 2600 2113 2655 81
2140 2612 2199 2672 pro

196 2686 307 2744 tantae
326 2677 590 2742 mansuetudinis
610 2677 797 2758 exemplum
815 2677 851 2739 in
871 2677 1004 2740 homine
1022 2685 1171 2759 81188188-
1224 2680 1317 2744 nobis
1350 2684 1383 2742 et
1414 2697 1473 2759 1118
1506 2677 1604 2742 881118
1637 2678 1709 2742 81118
1741 2697 1834 2740 81818
1872 2675 2056 2757 specialiter
2087 2676 2198 2755 liceat,

197 2765 276 2830 dum
297 2786 491 2848 proponens,
510 2763 626 2827 docere
647 2783 707 2827 nos
724 2762 840 2841 voluit,
863 2783 962 2843 (18818
986 2763 1171 2827 effusiorem
1223 2764 1319 2828 modo
1347 2771 1459 2828 188188
1488 2764 1617 2828 8818188
1644 2762 1684 2828 ab
1717 2762 1815 2826 huius
1848 2763 2090 2827 communitatis
2122 2783 2199 2827 con-

195 2859 385 2933 cxspcetaro
413 2850 589 2915 debeamus
618 2868 638 2911 a
667 2870 717 2925 88,
749 2867 816 2912 888
844 2847 941 2911 modo
971 2855 1080 2930 118118,
1114 2849 1172 2914 sed
1223 2849 1434 2931 templatione
1455 2871 1522 2913 non
1545 2847 1702 2926 discedat,
1725 2869 1785 2913 888
1807 2846 1959 2912 deflectat
1978 2846 2118 2929 quidem,
2142 2847 2200 2913 sed

194 2946 328 3019 11811881
360 2938 508 3000 88181818
539 2935 636 3017 longe
674 2933 797 3017 optimo
830 2955 867 2998 ac
906 2934 1170 3013 clementissimo,
1224 2937 1333 3000 omnia
1354 2937 1439 3000 istuc
1461 2937 1589 2999 referat.
1619 2934 1708 2998 Nam
1728 2933 1877 3016 quamvis
1896 2933 2106 3016 singulariter
2123 2954 2199 2998 eon-

195 3022 345 3104 quamvis
384 3022 522 3104 ingrati,
564 3020 701 3086 rebelles
739 3040 776 3085 88
805 3019 945 3102 improbi
968 3020 1028 3084 filii
1035 3043 1043 3100 ;
1075 3021 1171 3086 modo
1223 3023 1402 3104 cipiantur,
1424 3023 1509 3102 quia
1535 3028 1645 3085 tamen
1675 3020 1818 3085 adeum
1846 3039 1979 3100 scopum
2001 3019 2197 3102 dirigrmtur,

195 3114 306 3170 tamen
328 3108 362 3170 in
392 3107 463 3170 eius
489 3106 745 3173 misericordiam
772 3126 831 3170 nos
853 3106 1074 3170 conficiamus.
1119 3109 1170 3171 Ac
1223 3127 1411 3174 communes
1437 3128 1507 3170 esse
1539 3127 1605 3170 non
1631 3106 1794 3171 desinunt.
1845 3103 1887 3169 Id
1913 3111 2018 3170 totum
2047 3105 2198 3170 similitu-

194 3213 258 3274 quo
280 3193 451 3257 certiorem
478 3192 578 3258 fidem
604 3193 740 3269 faceret,
775 3213 809 3255 se
834 3191 1021 3255 huiusmodi
1042 3200 1170 3274 patrem
1223 3193 1299 3257 dine
1321 3191 1414 3256 188118
1436 3191 1576 3275 intelligi
1595 3198 1710 3275 potest.
1755 3189 1919 3255 Generale
1944 3199 1994 3256 est
2018 3192 2083 3256 Dei
2104 3212 2198 3255 man-

193 3278 289 3342 nobis
315 3278 396 3361 ipsis
425 3300 510 3355 esse,
545 3279 573 3342 81
601 3278 785 3343 Christiani
811 3298 941 3355 sumus,
976 3299 1042 3342 non
1073 3278 1170 3343 modo
1223 3279 1335 3344 datum
1365 3274 1405 3340 de
1432 3276 1633 3343 sublevanda
1660 3298 1842 3360 pauperum
1869 3278 2016 3342 omnium
2043 3283 2196 3360 egestate.

194 3370 303 3446 pater,
333 3364 391 3427 sed
418 3365 613 3428 nominatim
642 3371 753 3428 noster
779 3362 844 3428 dici
871 3364 994 3442 voluit;
1026 3385 1064 3428 ae
1086 3366 1112 3428 si
1135 3366 1170 3428 in
1222 3366 1268 3429 Et
1289 3364 1365 3428 huie
1393 3372 1505 3428 tamen
1527 3364 1698 3442 obediunt,
1725 3363 1781 3445 qui
1807 3363 1842 3426 in
1866 3384 1942 3426 eum
1963 3364 2063 3427 finem
2085 3383 2197 3426 eorum

194 3449 283 3514 hunc
305 3449 440 3513 modum
469 3470 543 3513 cum
565 3451 637 3514 Deo
659 3469 847 3532 ageremus:
876 3456 971 3531 pater
997 3451 1055 3531 qui
1077 3458 1171 3516 tanta
1221 3451 1350 3532 inopiae
1377 3457 1587 3528 succurrunt,
1615 3471 1695 3532 quos
1721 3448 1870 3513 laborare
1892 3455 1950 3513 aut
1978 3455 2115 3526 8811181,
2139 3456 2198 3512 881

193 3536 229 3599 18
249 3535 334 3599 filios
357 3536 477 3616 pietate
499 3557 534 3599 es
555 3534 731 3617 praeditus,
754 3543 849 3598 tanta
870 3535 912 3599 ad
933 3536 1169 3617 ignoscendum
1222 3537 1349 3613 vident,
1378 3536 1505 3600 etiamsi
1532 3537 1653 3600 multos
1680 3540 1890 3618 praetereunt
1916 3535 1971 3616 qui
1998 3555 2064 3598 non
2083 3535 2197 3600 leviori

193 3621 363 3698 facilitate,
392 3643 453 3685 nos
474 3620 534 3685 filii
555 3622 606 3684 tui
628 3630 662 3684 te
685 3621 904 3705 appellamus,
933 3642 970 3684 ae
994 3622 1168 3703 poscimus,
1222 3622 1417 3687 88888811818
1443 3630 1651 3704 premuntur:
1682 3620 1735 3685 vel
1756 3621 1833 3702 quia
1860 3641 1926 3684 non
1953 3640 2067 3685 omnes
2089 3641 2197 3698 nosse,

193 3708 300 3772 securi
322 3726 359 3772 ao
380 3707 476 3789 plane
497 3708 657 3788 persuasi,
687 3729 756 3771 non
777 3707 895 3770 811818
918 3727 1169 3791 esseerganos
1221 3709 1274 3774 181
1296 3709 1372 3792 quia
1399 3728 1466 3771 non
1493 3708 1644 3773 omnibus
1677 3708 1825 3772 sufficere
1851 3707 1987 3788 possint.
2037 3707 2080 3770 In
2107 3706 2197 3772 hunc

192 3795 312 3857 affectu
345 3814 443 3874 (18881
474 3801 630 3876 paterno,
670 3793 882 3875 quantumvis
920 3792 1072 3877 indignos
1109 3794 1169 3859 tali
1220 3793 1364 3871 modum,
1385 3814 1491 3876 neque
1512 3794 1536 3856 ii
1554 3794 1719 3859 voluntati
1736 3793 1801 3857 Dei
1817 3799 2013 3879 repugnant,
2036 3793 2092 3875 qui
2109 3812 2197 3858 com·

190 3888 293 3960 patre.
389 3887 391 3892 ’
1220 3901 1355 3944 1888881
1375 3879 1461 3945 hane
1483 3881 1671 3944 societatem
1700 3877 1854 3944 eeclesiae
1882 3885 2068 3961 spectantes
2089 3885 2123 3942 81
2145 3899 2197 3944 eo-

278 3968 327 4028 32.
374 3963 472 4050 Quod
495 3972 606 4028 autem
627 3964 757 4028 nonita
774 3964 990 4044 instituimur,
1013 3971 1053 4029 ut
1071 3986 1168 4029 suum
1221 3967 1364 4051 gitantes
1401 3964 1589 4030 huiusmodi
1633 3964 1850 4047 particulares
1888 3965 2052 4029 orationes
2090 3965 2197 4030 eonci-

191 4051 329 4131 quisque
350 4057 478 4132 patrem
500 4049 708 4132 peculiariter
728 4050 890 4129 nominet,
920 4049 977 4115 sed
999 4051 1107 4133 potius
1128 4059 1168 4115 ut
1219 4053 1333 4135 piunt,
1355 4051 1473 4134 quibus
1501 4051 1631 4134 publico
1653 4053 1762 4115 animo
1790 4051 2011 4135 singularibus
2032 4050 2140 4116 verbis
2162 4072 2197 4114 88

190 4142 341 4198 88811818
367 4137 403 4198 18
430 4156 603 4200 commune
633 4156 747 4200 omnes
773 4157 945 4213 vocemus,
980 4157 1021 4200 ex
1049 4157 1088 4200 eo
1109 4137 1167 4201 ad-
1220 4145 1278 4202 aut
1306 4137 1386 4202 alios
1412 4137 1485 4203 Deo
1518 4135 1764 4214 commendant,
1798 4158 1938 4220 quorum
1969 4137 2198 4202 necessitatem

189 4240 364 4284 monemur
397 4229 559 4302 quantum
591 4222 756 4287 fraternae
793 4222 975 4307 dilectionis
1011 4223 1166 4288 affectum
1219 4225 1352 4307 propius
1390 4224 1470 4305 ipsis
1506 4224 1709 4289 innotescere
1741 4223 1854 4288 1811111.
1905 4222 2104 4305 Quanquam
2130 4242 2198 4286 non

190 4305 279 4370 inter
299 4326 360 4371 nos
381 4307 583 4371 intercedere
604 4315 763 4390 oporteat,
785 4309 842 4389 qui
864 4308 939 4371 talis
957 4308 1060 4388 patris
1078 4328 1166 4373 eom-
1218 4311 1328 4375 omnia
1349 4309 1482 4392 quidem
1507 4310 1544 4372 18
1565 4310 1711 4375 81811888
1733 4315 1766 4373 81
1794 4309 1987 4374 facultatum
2011 4308 2196 4390 erogatione

189 4412 308 4456 munes
341 4414 457 4458 sumus
487 4392 555 4457 filii.
600 4394 687 4457 Nam
714 4395 741 4457 si
769 4415 856 4458 unus
889 4393 1052 4459 omnibus.
1072 4394 1167 4459 nobis
1218 4404 1296 4462 81181
1323 4395 1451 4461 similia
1504 4394 1592 4459 Nam
1630 4394 1815 4479 benignitas
1849 4394 2013 4478 largiendi
2052 4394 2198 4458 exerceri

188 4478 372 4542 communis
394 4487 444 4544 est
465 4487 575 4561 pater,
605 4499 626 4542 a
647 4500 711 4560 quo
740 4481 892 4562 provenit
914 4479 1073 4562 quidquid
1096 4500 1174 4543 om-·
1218 4503 1286 4547 non
1311 4482 1376 4546 nisi
1397 4500 1477 4565 erga
1498 4502 1553 4546 eos
1574 4488 1691 4563 potest,
1714 4502 1853 4564 quorum
1875 4486 2044 4564 perspecta
2065 4486 2115 4543 881
2136 4500 2196 4543 no·
2280 4484 2282 4491 ’

187 4563 268 4628 8188
300 4564 377 4628 118111
405 4564 574 4647 obtingere
606 4564 701 4629 nobis
723 4572 846 4647 potest,
881 4565 965 4629 nihil
992 4567 1080 4629 inter
1107 4587 1166 4630 nos
1218 4567 1269 4632 bis
1291 4567 1414 4651 inopia;
1448 4568 1561 4632 invare
1588 4577 1698 4631 autem
1728 4569 1875 4634 oratione
1904 4566 1958 4631 181
1982 4565 2197 4629 alienissimos
2256 4589 2262 4607 ’

188 4649 333 4716 (11118818
355 4671 426 4714 8888
448 4651 557 4730 decet,
586 4650 672 4733 quod
693 4671 761 4714 non
782 4670 905 4733 magna
926 4651 1028 4715 animi
1050 4650 1166 4715 alaeri-
1219 4660 1253 4718 81
1272 4653 1493 4738 ignotissimos
1520 4653 1611 4733 licet,
1640 4654 1880 4736 quantumlibet
1905 4652 2004 4734 longo
2030 4659 2197 4714 terrarum

187 4743 255 4801 tate
277 4736 385 4819 parati
411 4738 514 4802 simus
542 4737 626 4800 alter
652 4737 747 4841 qlteri
775 4736 1031 4815 communicare,
1061 4757 1166 4818 quan-
1217 4739 1391 4806 intervallo
1413 4759 1433 4802 a
1454 4738 1549 4804 nobis
1571 4739 1676 4805 dissiti
1697 4741 1772 4805 sint.
1807 4739 1847 4803 Id
1870 4743 1978 4802 autem
1999 4737 2038 4800 fit
2058 4756 2196 4886 pergil]

187 4828 261 4885 tum
283 4843 363 4887 usus
384 4823 539 4905 postulat.
585 4823 657 4886 Iam
678 4823 707 4887 si
727 4824 782 4901 ita,
805 4829 844 4885 81
860 4845 922 4906 par
938 4831 997 4901 est,
1021 4823 1166 4888 vicissim
1218 4824 2120 4908 881818811188111181811881818118111881,1188818888
2176 4822 2193 4835 ''

186 4926 322 4973 manum
344 4910 512 4993 porrigere
541 4916 639 4991 atque
661 4928 757 4991 opem
782 4910 868 4974 18118
897 4909 1064 4990 881111888,
1098 4930 1166 4973 888
1218 4911 1283 4975 Dei
1305 4912 1525 4988 continentur,
1548 4912 1584 4975 in
1607 4912 1725 4993 quibus
1748 4917 1781 4976 81
1801 4909 1850 4972 illi
1872 4915 1957 4973 sunt.

188 4995 299 5056 estin
331 5014 396 5076 (188
427 4996 534 5079 magis
566 4994 771 5060 commodare
803 4994 961 5060 fratribus
992 4996 1165 5079 possimus,
1304 5000 1355 5061 34.
1398 4996 1616 5074 Adseribitur,
1639 4997 1748 5079 ipsum
1770 4996 1897 5060 888818
1919 4994 2025 5059 coelis.
2060 4994 2195 5075 Exque

1217 5101 1285 5147 non
1302 5082 1453 5165 protinus
1471 5081 1732 5147 ratiocinandum
1751 5089 1809 5159 est,
1827 5082 1937 5164 ipsum
1954 5081 2036 5146 coeli
2057 5080 2196 5145 circum·

1216 5169 1364 5248 ferentia,
1386 5169 1480 5252 quasi
1497 5167 1648 5234 cancellis
1665 5167 1870 5250 quibusdam,
1893 5166 2059 5232 inclusum
2081 5166 2196 5230 81811-

257 5262 541 5338 1181181518811.
610 5266 958 5340 2)(111188811850811.
1217 5255 1453 5339 8888811188
1473 5253 1610 5339 alligari
1644 5251 1815 5337 Siquidem
1837 5261 1871 5319 81
1888 5251 2045 5319 Salomon
2064 5252 2096 5337 (1
2111 5252 2195 5336 Reg.
