4770 6030
191 356 273 418 1137
513 404 520 419 .
612 349 1001 434 6161111116.)
1044 347 1773 416 6611116616166666161111111.
2112 358 2193 420 1166
2243 351 2246 356 ·

188 467 303 523 asae·
323 465 435 532 34963
455 461 556 517 6496.
1388 512 1392 521 .

188 506 332 607 tionibus
349 539 499 622 generari
526 450 731 620 palientiam,
759 538 917 621 patientia
936 537 1160 619 probationem
1213 534 1294 599 tiam
1325 556 1452 617 quoque
1481 535 1603 599 erudiri
1633 557 1729 601 cruce
1758 535 1843 599 dico:
1878 537 1954 618 quia
1981 537 2027 602 sio
2053 560 2120 604 non
2148 541 2190 605 ad

189 628 300 713 (Rom.
321 628 349 702 5,
370 625 412 707 3).
455 624 541 687 Nam
563 625 648 706 quod
665 623 759 689 Deus
778 624 936 706 promisit,
958 621 1108 686 fidelibus
1127 644 1161 686 se
1214 621 1382 703 proprium
1404 628 1530 698 votum,
1560 621 1618 695 sed
1641 620 1705 685 Dei
1733 621 1905 685 arbitrium
1935 623 2045 687 111616
2073 624 2192 691 docen-

189 713 380 778 adfuturum
405 711 442 773 in
469 710 749 788 tribulationibus,
783 709 817 772 id
845 730 960 773 verum
990 729 1060 771 6666
1087 728 1161 771 sen·
1215 715 1277 770 tur.
1323 704 1421 783 Sane,
1442 708 1470 771 si
1491 708 1599 771 omnia
1621 707 1686 770 illis
1707 728 1748 770 61
1766 708 1928 771 sententia
1949 709 2103 788 fluerent,
2133 734 2191 776 ne·

188 799 286 874 tiunt,
310 796 390 860 dum
412 796 574 878 patienter
597 796 778 860 subsistunt
800 795 869 859 eius
896 814 997 857 manu
1021 793 1161 871 suffulti;
1215 793 1337 857 scirent
1354 791 1430 873 quid
1448 800 1535 856 esset
1551 792 1662 856 Deum
1680 793 1779 873 sequi.
1803 794 1905 874 Atqui
1926 793 2008 857 illud
2027 791 2154 862 Seneca
2166 798 2190 883 ¹)

189 883 276 967 quod
308 881 376 946 suis
409 882 532 946 viribus
564 902 770 962 nequaquam
802 888 942 962 possent.
997 879 1162 942 Patientia
1215 878 1682 942 commemoratfuissevetus
1705 879 1928 959 proverbium,
1952 900 2052 960 quum
2075 881 2191 947 adres

189 970 290 1052 igitur
312 967 572 1049 experimentum
600 967 696 1029 affert
717 965 852 1041 sanctis,
881 964 966 1046 quod
988 964 1161 1042 Dominus,
1216 963 1369 1028 adversas
1399 962 1584 1027 tolerandas
1612 965 1798 1045 quempiam
1826 964 2048 1029 hortarentur:
2080 967 2191 1031 Deum

190 1075 288 1138 116616
316 1051 479 1134 pollicitus
506 1059 556 1115 est
582 1073 692 1133 opem,
727 1052 869 1132 reipsa,
902 1050 981 1113 dum
1002 1070 1084 1130 opus
1103 1059 1161 1126 est,
1215 1070 1359 1130 sequere.
1405 1046 1478 1128 Quo
1501 1048 1624 1113 seilicet
1645 1048 1833 1126 innuebant,
1867 1058 1939 1112 tum
1961 1072 2038 1115 vere
2060 1051 2192 1117 demum

190 1139 351 1205 exhibeat.
406 1136 489 1200 Inde
513 1158 594 1218 ,61166
627 1157 753 1217 quoque
792 1157 906 1199 eorum
935 1136 1161 1199 confirmatur:
1214 1135 1329 1217 iugum
1353 1135 1415 1198 Dei
1438 1134 1546 1197 subire
1569 1135 1744 1212 hominem,
1765 1156 1865 1217 quum
1888 1136 1958 1200 eius
1979 1136 2104 1202 ferulae
2121 1161 2192 1203 ma·

191 1223 319 1309 quando
340 1221 589 1304 ingratitudinis
617 1222 737 1285 nimiae
760 1222 856 1298 foret,
885 1241 952 1283 non
975 1228 1163 1302 exspectare
1215 1241 1297 1283 num
1326 1241 1363 1284 ac
1390 1227 1521 1301 tergum
1554 1218 1730 1301 praeberet.
1782 1217 1880 1300 Quod
1907 1221 1934 1284 si
1962 1222 2194 1303 aequissimum

192 1313 228 1375 in
254 1316 423 1390 posterum
450 1328 549 1389 quam
572 1313 777 1371 constantem
805 1328 842 1370 66
875 1307 1005 1369 firmam
1037 1307 1164 1388 experti
1217 1313 1275 1382 est,
1310 1312 1348 1368 ut
1379 1305 1508 1369 coelesti
1539 1306 1625 1386 patri
1659 1326 1718 1368 nos
1746 1327 1805 1387 1161
1836 1307 1945 1370 661616
1978 1308 2193 1390 obsequentes

193 1397 259 1461 sint
284 1395 348 1458 Dei
376 1393 556 1457 veritatem.
612 1392 771 1456 Videmus
798 1392 864 1454 iam
890 1399 968 1472 quot
995 1412 1060 1455 uno
1087 1413 1164 1456 con·
1216 1412 1286 1455 esse
1309 1391 1533 1473 approbemus,
1558 1411 1625 1454 non
1643 1397 1693 1455 est
1710 1398 1797 1455 66116
1815 1391 2073 1471 detrectandam,
2097 1404 2134 1458 ut
2152 1394 2194 1459 ad

192 1487 287 1545 textu
308 1479 393 1543 bona
416 1499 457 1541 61
479 1498 574 1541 61666
595 1486 781 1542 nascantur.
825 1476 923 1540 Dlam
952 1476 1040 1540 enim
1066 1498 1165 1559 quam
1216 1475 1416 1540 reddendam
1455 1475 1516 1540 sibi
1553 1475 1771 1540 obedientiam
1806 1476 1910 1541 modis
1948 1478 2098 1542 omnibus
2131 1502 2191 1545 nos

193 1566 274 1631 falso
305 1564 345 1627 de
378 1563 511 1645 propria
542 1562 664 1626 virtute
701 1563 940 1643 praesumimus
978 1563 1165 1645 opinionem
1218 1561 1420 1627 assuefaciat.

194 1657 343 1718 evertens
364 1655 572 1730 nostramque
599 1648 787 1731 hypocrisin
808 1668 891 1729 quae
918 1646 1050 1712 delicias
1071 1648 1166 1713 nobis
1306 1652 1353 1710 19.
1397 1646 1548 1711 Necdum
1574 1655 1685 1711 tamon
1714 1647 1927 1728 perspicimus
1955 1669 2053 1730 quam
2081 1671 2193 1716 116666-

193 1737 272 1802 16611
293 1735 457 1816 detegens,
486 1733 701 1815 perniciosam
723 1733 831 1797 661616
853 1731 1081 1797 confidentiam
1109 1755 1166 1797 ex·
1218 1734 1305 1797 66116
1325 1733 1368 1797 611
1389 1733 1482 1796 nobis
1504 1732 1629 1797 isthaec
1661 1731 1858 1810 obedientia,
1888 1734 1952 1797 nisi
1969 1733 2066 1798 simul
2094 1757 2192 1817 16116-

194 1823 289 1898 cutit;
311 1821 357 1885 sic
379 1819 567 1883 humiliatos
597 1820 631 1881 in
653 1819 764 1882 Deum
792 1839 897 1881 unum
927 1818 1085 1883 reclinare
1108 1819 1166 1883 do·
1216 1825 1324 1883 tamus
1342 1823 1463 1900 quanta
1485 1818 1527 1880 sit
1548 1816 1590 1881 ad
1611 1817 1841 1882 excutiendum
1869 1819 1934 1882 Del
1966 1820 2080 1902 iugum
2121 1843 2193 1886 car-

194 1914 258 1972 eet:
282 1927 346 1988 quo
368 1906 406 1969 fit
427 1912 465 1968 ut
486 1926 551 1968 non
574 1904 797 1985 opprimamur
824 1924 884 1968 nee
906 1905 1165 1969 succumbamus.
1216 1903 1562 1981 nisnostraelascivia,
1586 1902 1792 1986 simulatque
1810 1903 1939 1968 mollius
1959 1905 2193 1988 aliquantisper

194 1993 374 2056 Victoriam
407 1997 516 2054 autem
548 2010 622 2072 spes
654 1991 810 2071 sequitur:
851 1997 1011 2071 quatenus
1044 1990 1167 2055 scilicet
1218 1996 1314 2071 atque
1337 1988 1561 2072 indulgentius
1591 1987 1704 2053 habita
1731 1997 1789 2052 est
1834 1988 1928 2054 Idem
1949 1991 2037 2053 enim
2058 2012 2193 2073 prorsus

194 2078 366 2152 Dominus,
389 2074 474 2157 quod
494 2075 645 2156 promisit
670 2074 876 2156 praestando,
899 2095 993 2138 suam
1021 2074 1056 2137 in
1077 2077 1165 2140 futu-
1218 2074 1334 2141 accidit
1359 2073 1408 2137 illi
1435 2073 1521 2155 quod
1554 2074 1646 2155 equis
1680 2074 1891 2139 refractariis:
1926 2076 1982 2158 qui
2012 2077 2039 2140 61
2073 2077 2195 2159 aliquot

194 2185 270 2228 rum
301 2162 473 2225 veritatem
501 2161 632 2225 stabilit.
678 2159 767 2226 Sane
800 2168 838 2225 ut
869 2160 956 2223 solae
989 2161 1054 2233 sint
1084 2162 1166 2225 istae
1218 2160 1287 2225 dies
1313 2160 1409 2224 otiosi
1438 2160 1645 2242 saginantur,
1674 2179 1754 2241 prae
1783 2159 1950 2224 ferocitate
1978 2160 2104 2226 domari
2137 2183 2194 2244 po-

194 2250 352 2324 rationes,
380 2254 514 2329 apparet
540 2267 639 2327 quam
664 2247 848 2312 6666666116
875 2246 967 2310 nobis
997 2246 1040 2309 sit
1061 2247 1166 2312 616616
1219 2254 1289 2311 6166
1316 2251 1498 2328 nequeunt,
1532 2265 1591 2309 nec
1627 2265 1787 2308 sessorem
1818 2254 2067 2329 recognoscunt,
2100 2249 2194 2312 cuius

198 2332 395 2405 exercitatio.
444 2331 557 2414 Neque
584 2333 672 2396 enim
699 2332 793 2413 parvi
820 2332 977 2395 momenti
1004 2338 1067 2410 est,
1095 2353 1168 2397 cae-
1218 2333 1354 2414 imperio
1376 2338 1540 2411 utcunque
1563 2336 1660 2394 antea
1676 2330 1953 2412 obtemperabant.
1999 2335 2107 2414 Atque
2125 2354 2194 2397 om·

197 2441 271 2486 eum
303 2419 352 2481 tui
389 2438 532 2481 amorem
565 2417 719 2501 abstergi,
757 2424 796 2481 ut
831 2415 1063 2485 imbecillitatis
1092 2424 1169 2482 tuae
1220 2418 1298 2481 nino
1320 2415 1402 2480 illud
1429 2417 1464 2480 in
1493 2415 1586 2480 nobis
1615 2424 1808 2498 perpetuum
1828 2422 1892 2494 661,
1926 2417 2011 2498 quod
2039 2419 2139 2483 fuisse
2160 2419 2197 2482 in

197 2505 345 2571 conscius
382 2524 481 2586 prope
513 2504 587 2581 fias;
623 2502 853 2568 imbecillitatis
890 2504 1039 2586 propriae
1071 2525 1169 2568 66666
1219 2503 1338 2585 populo
1356 2501 1531 2567 israelitico
1550 2501 1759 2583 conqueritur
1775 2500 1868 2566 Deus
1897 2501 2010 2584 (Dent.
2036 2506 2092 2581 32,
2126 2503 2195 2586 15):
2304 2528 2310 2551 =

196 2591 291 2669 affici,
313 2597 350 2653 ut
372 2587 518 2653 diffidere
539 2589 598 2652 tibi
623 2588 741 2666 disoas;
764 2588 910 2652 diffidere
931 2589 1005 2666 tibi,
1028 2588 1169 2657 6111116-
1219 2595 1257 2653 ut
1277 2587 1476 2670 pinguefacti
1497 2596 1529 2651 et
1550 2585 1645 2668 adipe
1667 2584 1797 2650 obducti
1817 2586 2061 2651 recalcitremus
2079 2588 2196 2654 adver-

197 2677 280 2742 ciam
302 2677 338 2739 in
358 2677 469 2740 Deum
495 2675 673 2738 1166616166
680 2697 687 2751 ;
718 2674 824 2739 cordis
850 2674 969 2740 fiducia
996 2676 1031 2738 in
1058 2676 1168 2739 Deum
1221 2694 1277 2738 sus
1300 2695 1374 2738 eum
1397 2673 1453 2755 qui
1479 2693 1538 2736 nos
1565 2672 1648 2736 aluit
1675 2678 1710 2735 et
1738 2672 1902 2736 cnuti-ivit
1947 2672 2097 2737 Debebat
2125 2674 2206 2757 1161-ῥ

116 2776 120 2790 ·
197 2762 395 2840 recumbere,
424 2767 463 2823 ut
483 2760 588 2842 ipsius
610 2759 732 2824 auxilio
753 2760 856 2823 fretus
879 2760 920 2824 ad
943 2760 1097 2824 ultimum
1117 2761 1168 2825 in·
1222 2758 1296 2823 dem
1327 2779 1389 2822 nos
1419 2758 1555 2822 Domini
1589 2757 1803 2823 beneficentia
1837 2757 1879 2821 ad
1909 2756 2125 2839 reputandam
2155 2779 2193 2823 66

197 2849 305 2914 116166
326 2867 529 2930 perseveres;
552 2845 728 2910 consistere
750 2846 853 2928 ipsius
875 2847 996 2929 gratia,
1022 2853 1170 2911 611616-
1222 2843 1437 2909 deamandam
1459 2845 1529 2907 eius
1550 2842 1728 2909 bonitatem
1751 2842 1894 2922 allicere;
1924 2842 1982 2908 6611
2004 2844 2135 2926 1111611116
2156 2866 2196 2909 66

199 2953 269 2997 66111
292 2955 362 2998 esse
384 2934 419 2996 in
449 2933 518 2995 suis
544 2931 713 3013 promissis
735 2932 916 3015 intelligas;
943 2932 1171 2998 certitudinem
1222 2936 1272 2995 est
1292 2936 1405 2994 nostra
1425 2929 1620 3012 malignitas,
1643 2934 1680 2992 ut
1705 2933 1865 3011 perpetua
1893 2928 1962 2993 eius
1989 2928 2196 3012 indulgentia

198 3018 451 3101 promissionum
472 3019 542 3082 eius
563 3016 684 3081 habore
711 3026 926 3100 compertam,
957 3025 996 3081 ut
1017 3040 1091 3102 spes
1113 3025 1171 3083 tua
1221 3017 1329 3100 potius
1357 3035 1618 3096 corrumpamur,
1651 3013 1726 3096 plus
1760 3033 1859 3096 quam
1891 3015 2112 3079 necessarium
2144 3021 2195 3080 est

198 3103 275 3167 inde
298 3104 477 3168 roboretur.
1222 3123 1283 3167 nos
1310 3102 1420 3184 aliqua
1447 3098 1617 3182 disciplina
1645 3099 1822 3178 contineri,
1856 3100 1954 3164 6616
1976 3100 2195 3189 talempetu·

288 3191 336 3250 18.
380 3189 494 3252 Alium
515 3210 641 3271 quoque
663 3190 763 3253 finem
783 3188 884 3252 habet
903 3190 1066 3254 Dominus
1089 3190 1172 3255 affli-
1222 3188 1360 3252 lantn‘am
1379 3186 1588 3251 exsultemus.
1617 3181 1682 3263 Sic,
1705 3206 1748 3249 ne
1768 3184 1943 3249 immodica
1970 3206 2070 3268 opum
2093 3187 2196 3251 abun·

193 3273 297 3357 ¹gendi
323 3294 411 3337 suos:
439 3282 476 3336 nt
501 3275 646 3356 ipsorum
673 3275 865 3356 patientiam
893 3275 1041 3358 exploret
1067 3283 1101 3339 et
1130 3276 1171 3341 ad
1224 3274 1336 3339 dantia
1355 3273 1562 3349 ferociamus,
1585 3291 1627 3334 ne
1651 3270 1830 3336 honoribus
1857 3270 1935 3334 elati
1960 3272 2197 3355 superbiamus,

198 3359 415 3424 obedientiam
439 3379 496 3422 eos
524 3359 661 3423 erudiat.
706 3361 781 3424 Non
808 3360 958 3442 equidem
984 3361 1069 3444 quod
1097 3383 1171 3444 pos-
1223 3381 1266 3424 ne
1288 3360 1393 3424 infiati
1413 3357 1547 3439 reliquis
1575 3355 1629 3422 161
1657 3355 1869 3421 animae'vel
1891 3357 2035 3440 corporis
2057 3358 2110 3422 161
2131 3357 2197 3422 for·

199 3445 267 3508 sint
288 3444 336 3507 illi
364 3443 581 3508 obedientiam
607 3452 788 3527 praestare,
817 3446 880 3510 nisi
901 3468 1000 3528 quam
1023 3447 1092 3530 ipse
1115 3447 1171 3512 de·
1223 3453 1322 3510 tunae
1342 3444 1436 3510 bonis
1457 3442 1697 3519 insolescamus,
1718 3441 1882 3511 Dominus
1903 3443 1981 3524 ipse,
2003 3450 2101 3525 prout
2122 3463 2197 3524 pro·

199 3529 300 3608 derit3
323 3528 380 3593 sed
401 3530 448 3592 ita
469 3528 578 3612 placet
598 3531 628 3593 ei
650 3531 825 3613 praeclaris
851 3530 1053 3597 documentis
1071 3541 1171 3598 16616-
1223 3532 1313 3598 videt
1335 3529 1497 3613 expedire,
1523 3528 1677 3606 occurrit,
1704 3532 1738 3592 61
1761 3527 1869 3593 carnis
1892 3535 2023 3593 nostrae
2043 3529 2198 3593 ferociam

198 3621 250 3679 tas
281 3615 386 3679 facere
420 3635 457 3679 ae
488 3614 646 3694 illustres,
686 3638 768 3699 quas
800 3618 834 3679 in
872 3625 1002 3683 sanctos
1034 3620 1173 3684 contulit
1224 3617 1330 3684 crucis
1362 3615 1504 3681 remedio
1531 3613 1652 3696 subigit
1677 3634 1715 3677 66
1742 3612 1914 3678 refraenat.
1957 3612 2061 3696 quue
2096 3615 2197 3680 variis

98 3776 99 3779 Ἴ
199 3701 338 3782 gratias,
372 3722 413 3764 116
439 3701 528 3764 intus
559 3701 680 3766 otiosae
708 3703 839 3767 lateant.
883 3704 973 3785 Ergo
995 3705 1173 3786 patientiae
1223 3702 1337 3781 modis,
1360 3708 1519 3785 quantum
1541 3699 1663 3765 scilicet
1684 3699 1856 3781 unicuique
1878 3698 2008 3764 salubre
2030 3707 2088 3763 est
2128 3700 2196 3764 Ne·

199 3786 370 3863 virtutem,
405 3807 470 3868 qua
502 3807 612 3850 661166
643 3809 719 3851 6666
751 3789 923 3865 instruxit,
957 3789 992 3851 in
1022 3797 1171 3871 apertum
1224 3811 1286 3874 qne
1309 3789 1398 3853 enim
1419 3794 1478 3852 aut
1493 3785 1610 3852 iisdem
1629 3784 1751 3849 morbis
1767 3805 1929 3867 peraeque
1947 3785 2092 3868 graviter
2107 3784 2199 3849 labo·

199 3870 407 3953 proferendo,
447 3871 565 3935 dicitur
603 3893 717 3936 eorum
759 3873 949 3954 patientiam
992 3874 1170 3957 explorare.
1223 3896 1335 3940 ramus
1356 3895 1479 3953 omnes,
1502 3879 1561 3937 aut
1580 3869 1715 3955 perinde
1737 3868 1860 3935 difficili
1884 3871 2049 3935 curatione
2070 3869 2198 3954 indigo·

200 3956 297 4033 Unde
322 3956 397 4021 illae
426 3966 502 4021 sunt
531 3957 749 4039 loquutiones:
773 3957 857 4040 quod
878 3961 1056 4025 tentaverit
1080 3962 1173 4026 Deus
1224 3982 1306 4025 6166.
1358 3959 1440 4024 Inde
1468 3959 1578 4025 videre
1606 3963 1672 4036 est,
1705 3963 1743 4020 ut
1770 3955 1824 4019 alii
1853 3955 1916 4020 alio
1948 3957 2054 4021 erucis
2080 3977 2199 4040 genere

201 4041 372 4106 Abraham
394 4049 427 4106 et
452 4043 607 4124 pietatem
633 4043 702 4107 eius
730 4051 930 4125 compertam
953 4045 1104 4110 habuerit
1131 4068 1174 4111 61
1224 4054 1446 4111 exerceantur.
1507 4043 1619 4125 Quum
1663 4049 1772 4106 autem
1811 4041 1890 4107 alios
1926 4040 2032 4106 lenius
2071 4048 2198 4119 tractet,

202 4147 254 4202 eo,
285 4126 370 4208 quod
395 4149 460 4191 non
483 4128 695 4193 detrectasset
721 4150 779 4211 pro
803 4130 888 4193 rium
914 4130 1020 4194 filium
1045 4140 1078 4195 et
1099 4134 1173 4196 uni·
1226 4133 1306 4197 alios
1328 4131 1545 4213 asperioribus
1566 4127 1718 4194 remediis
1739 4134 1857 4210 purget
1879 4127 2025 4192 coelestis
2042 4127 2197 4206 medicus,

202 4232 277 4277 cum
287 4213 457 4277 immolare
469 4213 568 4296 (11166.
582 4218 631 4291 22,
648 4220 673 4277 1.
691 4213 752 4298 12).
777 4152 808 4295 ὃ

202 4318 260 4361 cus
292 4297 391 4361 fidem
428 4305 576 4363 nostram
613 4300 874 4366 tribulationibus
913 4301 1006 4367 docet
1043 4304 1174 4385 probari
1225 4325 1302 4367 men
1323 4303 1502 4367 immunem
1525 4324 1562 4367 ao
1583 4302 1743 4365 intactum
1764 4299 2005 4382 praetermittit:
2034 4301 2111 4381 quia
2128 4319 2198 4363 om·

202 4405 300 4465 quam
328 4405 447 4447 aurum
474 4385 510 4447 in
536 4385 666 4450 fornace
691 4387 761 4468 igni
792 4387 1000 4452 examinatur
1032 4388 1063 4473 (1
1084 4389 1173 4454 Ρ611.
1225 4411 1284 4454 666
1306 4386 1347 4452 ad
1369 4408 1473 4452 uuum
1494 4387 1586 4452 novit
1607 4407 1678 4450 6666
1699 4384 1871 4450 morbidos.
2128 4420 2136 4428 ·

205 4474 232 4545 l,
253 4469 296 4552 7).
342 4466 425 4549 Quis
447 4478 559 4533 autem
579 4491 645 4534 non
668 4469 821 4553 expedire
844 4471 931 4537 dieat
952 4479 990 4536 ut
1005 4482 1175 4555 praestan·
1313 4477 1363 4536 20.
1384 4471 1480 4537 Adde
1501 4471 1588 4554 quod
1608 4493 1676 4535 non
1697 4471 1793 4536 modo
1814 4471 2037 4536 infirmitatem
2053 4477 2145 4535 nostr

202 4556 365 4619 tissimum
385 4556 561 4637 patientiae
589 4555 723 4635 donum,
751 4556 835 4638 quod
858 4578 877 4620 a
896 4558 968 4622 Deo
991 4580 1049 4623 suo
1070 4558 1176 4626 fidelis
1227 4559 1419 4645 praevenire
1441 4556 1498 4622 sed
1520 4558 1696 4639 praeterita
1717 4559 1816 4622 etiam
1837 4556 1955 4622 delicta
1982 4576 2077 4638 saepe
2099 4556 2199 4621 66111-

202 4641 341 4721 66661111,
377 4641 412 4704 16
445 4662 543 4705 usum
568 4640 783 4723 producatur,
811 4649 849 4705 ut
881 4650 1007 4707 certum
1038 4646 1175 4710 manife-
1227 4667 1304 4729 gere
1325 4664 1456 4709 neeesse
1477 4642 1577 4707 habet
1597 4642 1867 4708 elementissimus
1888 4648 1996 4724 pater,
2026 4648 2063 4706 ut
2084 4662 2143 4706 nos
2164 4640 2200 4705 in

203 4734 354 4808 stumque
376 4726 456 4790 fiat?
480 4726 594 4808 Neque
615 4728 703 4805 enim
726 4726 820 4791 aliter
849 4749 994 4810 unquam
1025 4730 1176 4794 homines
1226 4731 1373 4813 legitima
1411 4750 1490 4812 erga
1526 4750 1561 4794 se
1597 4728 1779 4793 obedientia
1818 4732 1991 4792 contineat.
2046 4725 2199 4806 Proinde,

201 4812 310 4893 ipsum
334 4833 394 4893 pro
422 4813 539 4877 merito
568 4812 793 4878 aestimabunt.
840 4810 936 4893 Quod
962 4815 991 4877 si
1011 4816 1176 4881 Dominus
1227 4817 1351 4898 quoties
1374 4815 1560 4898 affligimur,
1583 4814 1691 4878 subire
1713 4814 1861 4895 protinus
1882 4815 1918 4877 in
1940 4821 2084 4878 mentem
2106 4811 2202 4878 debet

204 4897 259 4977 (ne
281 4898 317 4961 in
338 4898 476 4963 obscuro
497 4896 636 4976 lateant,
662 4897 728 4963 imo
749 4898 881 4963 inutiles
903 4900 1031 4964 iaceant
1059 4921 1096 4966 66
1119 4899 1175 4965 de·
1228 4906 1395 4965 anteactae
1421 4901 1509 4965 11166
1536 4897 1724 4963 recordatio.
1769 4898 1822 4961 Ita
1848 4899 1961 4980 procul
1989 4899 2087 4963 dubio
2109 4919 2201 4981 16116-

202 4990 354 5061 pereant,
382 5005 463 5067 quas
484 4982 634 5049 fidelibus
660 4985 730 5049 suis
755 4984 894 5049 virtutes
922 4985 1075 5068 eontulit)
1103 4987 1176 5050 iure
1227 4986 1358 5064 riemus,
1378 5006 1437 5050 nos
1457 4983 1626 5048 admisisse
1654 4980 1739 5065 quod
1762 4980 1897 5065 dignum
1924 4983 2082 5049 eiusmodi
2105 4984 2202 5050 casti·

203 5065 289 5143 faoit,
313 5067 392 5132 dum
413 5068 478 5134 illis
500 5067 682 5135 excitandis
703 5069 875 5133 materiam
897 5069 1091 5151 suppeditat,
1120 5092 1177 5153 op·
1498 5078 1500 5083 '

205 5150 320 5214 timam
340 5156 501 5220 rationem
520 5153 644 5221 habent
665 5162 853 5220 sanctorum
873 5155 1077 5234 afflictiones,
1106 5157 1177 5221 6166

204 5236 323 5318 quibus
352 5240 444 5304 nulla
470 5242 555 5305 foret
587 5261 701 5306 eorum
728 5240 895 5322 patientie.
944 5239 1008 5306 Ad
1026 5240 1178 5307 obedien-
1300 5254 1328 5321 1)
1346 5255 1386 5307 De
1405 5255 1558 5306 1161661611
1576 5268 1598 5306 6.
1616 5251 1658 5306 15.

277 5335 389 5392 Caluini
402 5357 495 5409 611616.
533 5343 590 5398 Vol.
607 5342 631 5398 1.

810 4237 889 4280 6616
899 4215 1019 4281 Petrus
1036 4237 1104 4281 non
1124 4239 1174 4283 se-
1227 4216 1304 4281 dum
1326 4217 1399 4282 vult
1419 4217 1566 4280 omnium
1594 4215 1727 4279 sanitati
1754 4212 1934 4292 consulere,
1962 4214 2127 4277 neminem
2149 4220 2199 4277 ta·
2301 4261 2315 4279 1
