4770 6030
194 351 254 410 isi
724 347 888 413 11111.
912 348 1003 433 (11.)
1047 350 1111 414 nu
1133 347 1674 416 1111111111111111111.
2046 310 2048 315 ’
2137 355 2198 415 rei

194 460 562 530 A2133B30130301.

192 559 253 602 nec
280 536 347 620 pilo
368 537 444 620 plus
465 448 685 620 profuduram,
714 557 812 619 quam
839 538 867 601 si
890 536 966 602 data
986 558 1053 601 non
1074 543 1169 617 esset,
1222 539 1308 617 boni,
1332 539 1420 603 omni
1442 544 1556 604 contra
1577 537 1739 603 malorum
1761 558 1880 621 genere
1897 538 2055 603 refertum
2072 547 2105 604 et
2121 561 2198 606 one·

193 624 268 704 quia
303 643 345 686 11
373 623 587 688 sanctissimis
614 620 744 705 quidem
770 623 834 687 Dei
866 624 969 689 servis
1001 624 1169 706 competit;
1222 631 1331 689 ratum
1352 625 1518 689 hominem
1540 624 1568 688 si
1589 630 1716 689 constat
1737 645 1821 702 esse,
1845 624 1902 689 ubi
1922 624 2065 706 primum
2087 648 2107 690 a
2127 626 2200 692 Dec

193 710 248 791 qui
270 708 383 790 procul
406 730 519 774 omnes
541 709 661 773 absunt
679 730 698 772 a
719 708 800 792 legis
818 708 1062 791 complemento,
1085 709 1170 774 mul-
1222 711 1410 792 suscipitur:
1441 731 1539 793 quam
1565 710 1606 774 ob
1634 709 1757 788 dotem,
1781 731 1915 792 quaeso,
1945 709 2082 794 dignum
2104 712 2200 777 illum

193 795 235 859 tis
253 815 331 858 vero
349 795 663 879 transgressionibus
681 801 758 859 sunt
775 794 973 860 circumdati.
1005 793 1072 859 Sed
1090 795 1170 860 dum
1222 796 1357 860 Domini
1384 797 1552 862 vocatione
1585 794 1751 861 dicemus?
1802 795 1959 860 Facessat
1985 818 2064 880 ergo
2091 799 2199 864 inanis

193 881 423 961 promissiones
455 880 662 965 evangelicae
695 881 951 959 substituuntur,
985 902 1067 963 quae
1095 903 1170 963 gra-
1222 884 1413 947 meritorum
1446 882 1652 966 imaginatio,
1690 882 1747 947 ubi
1785 882 1962 964 gratuitam
1993 882 2200 950 clementiam

193 967 312 1030 tuitam
349 973 557 1048 peccatorum
596 966 820 1030 remissionem
853 966 1061 1045 denuntient,
1102 989 1170 1031 non
1221 969 1384 1033 Dominus
1406 976 1474 1032 tani
1492 968 1659 1033 evidenter
1677 966 1890 1032 commendat
1925 968 2012 1032 Nam
2029 968 2115 1051 quod
2137 971 2198 1035 ibi·

193 1052 341 1117 efficiunt
373 1052 468 1116 modo
501 1060 538 1116 ut
564 1053 625 1134 ipsi
655 1052 727 1116 Deo
752 1053 875 1135 accepti
902 1053 1018 1131 simus,
1047 1053 1104 1117 sed
1132 1060 1170 1117 ut
1222 1054 1297 1117 dem
1318 1053 1480 1132 Cornelio,
1504 1053 1611 1137 angeli
1632 1074 1720 1131 voce,
1744 1052 1871 1132 dicitur,
1894 1054 2056 1119 orationes
2079 1056 2148 1121 cius
2166 1063 2200 1121 et

194 1139 345 1219 operibus
375 1160 501 1221 quoque
529 1139 648 1202 nostris
676 1139 719 1202 sit
740 1159 799 1202 sua
826 1139 945 1221 gratia;
973 1160 1078 1220 neque
1109 1139 1169 1204 hoc
1222 1140 1444 1223 eleemosynas
1467 1139 1650 1204 ascendisse
1672 1140 1707 1203 in
1726 1140 1792 1203 Dei
1813 1146 2037 1222 conspectum,
2060 1143 2199 1223 pessime

193 1231 339 1302 tantum,
362 1233 399 1287 ut
421 1245 459 1289 ca
481 1225 644 1289 Dominus
666 1231 759 1306 grata
780 1223 915 1301 habeat,
940 1223 997 1289 sed
1018 1223 1169 1290 benedic·
1223 1225 1433 1308 detorquetur
1464 1226 1505 1291 ab
1535 1226 1590 1303 iis,
1623 1226 1813 1308 praeparari
1841 1224 2008 1289 hominem
2042 1226 2084 1290 ad
2116 1228 2199 1292 reci·

194 1309 338 1373 tionibus
361 1310 470 1388 etiam,
493 1331 575 1392 quae
598 1332 637 1373 ex
660 1316 755 1392 pacto
773 1309 974 1375 debebantur
990 1310 1073 1393 legis
1091 1321 1169 1376 suae
1221 1311 1376 1394 piendam
1394 1312 1459 1376 Dei
1480 1311 1629 1394 gratiam,
1653 1311 1812 1375 bonorum
1829 1331 1964 1393 operum
1982 1311 2096 1377 studio.
2126 1313 2199 1378 Iam

194 1396 429 1469 observationi,
463 1403 686 1477 prosequatur.
741 1395 863 1460 Fateor
907 1417 984 1480 ergo
1022 1395 1169 1461 fidelium
1223 1399 1311 1461 enim
1339 1397 1455 1480 spiritu
1490 1398 1668 1479 sapientiae
1702 1396 1925 1460 illuminatum
1952 1397 2198 1463 1111110111-

195 1482 345 1563 operibus
374 1481 523 1563 rependi,
552 1502 634 1563 quae
663 1482 807 1546 iustitiae
834 1490 867 1546 et
892 1483 1074 1547 sanctitatis
1102 1482 1170 1547 cul·
1222 1483 1304 1547 lium
1321 1483 1471 1565 oportuit,
1490 1483 1546 1565 qui
1563 1503 1642 1547 vera
1659 1483 1827 1564 sapientia,
1849 1483 1965 1546 timore
1983 1485 2106 1549 scilicet
2123 1485 2197 1564 Dei,

193 1566 319 1630 toribus
346 1567 380 1630 in
410 1567 482 1650 lege
510 1589 569 1631 sua
596 1568 759 1632 Dominus
787 1568 943 1649 promisit.
988 1568 1116 1632 Verum
1135 1569 1170 1632 in
1222 1568 1389 1650 praeditus
1411 1575 1495 1647 erat3
1523 1567 1638 1634 eodem
1659 1569 1775 1650 spiritu
1796 1568 2049 1647 sanctificatum,
2071 1571 2125 1652 qui
2147 1571 2198 1634 iu-

193 1652 255 1717 hac
296 1652 507 1717 retributione
546 1652 781 1718 consideranda
819 1675 947 1736 semper
984 1661 1034 1718 est
1071 1675 1170 1720 causa
1222 1655 1330 1720 stitiae
1363 1654 1469 1720 cultor
1501 1661 1587 1730 erat,
1626 1674 1725 1736 quam
1756 1653 1846 1719 illius
1877 1655 2094 1722 certissimum
2128 1677 2198 1721 esse

193 1759 276 1821 quae
309 1739 449 1821 gratiam
476 1739 627 1821 operibus
654 1740 810 1804 conciliet.
866 1741 952 1803 Eam
983 1761 1079 1822 porro
1110 1740 1169 1804 tri·
1222 1741 1379 1818 fructum,
1415 1740 1577 1822 apostolus
1610 1739 1703 1805 docet
1736 1738 1826 1823 (Gal.
1851 1744 1880 1817 5,
1906 1740 1949 1823 5),
2005 1741 2056 1805 Ea
2089 1742 2198 1824 itaque

192 1824 310 1906 plicem
335 1845 406 1888 esse
434 1825 606 1889 cernimus.
651 1825 765 1889 Prima
792 1834 854 1902 est,
883 1825 969 1908 quod
995 1826 1168 1903 Dominus,
1222 1826 1347 1905 omnia,
1376 1847 1459 1908 quae
1480 1826 1552 1890 Deo
1573 1825 1735 1908 placuisse
1756 1827 1792 1889 in
1813 1846 1851 1890 1ο
1872 1827 2074 1905 referuntur,
2098 1827 2198 1892 habe-

195 1930 308 1974 averso
337 1930 356 1972 a
383 1911 470 1985 servi
501 1912 589 1994 1111)
612 1912 763 1991 operibus
785 1912 922 1991 intuitu,
951 1933 1034 1994 quae
1055 1913 1168 1977 confu-
1220 1913 1278 1977 bat
1309 1933 1329 1976 a
1356 1912 1421 1976 Dei
1449 1912 1571 1994 gratia;
1604 1920 1742 1975 tantum
1757 1911 1864 1989 abest,
1898 1919 1936 1976 ut
1957 1911 1999 1976 ad
2020 1933 2093 1976 eam
2115 1913 2197 1978 reci·

193 1997 316 2061 sionem
349 2016 403 2058 ma
430 1997 454 2060 's
493 2016 591 2078 quam
630 1995 760 2060 laudern
800 2007 958 2079 perpetuo
990 2004 1168 2075 merentur,
1221 1998 1374 2080 piendam
1395 1996 1460 2061 illis
1481 2018 1539 2061 suo
1560 2003 1665 2061 marte
1687 2018 1721 2062 se
1741 2005 1959 2080 praepararet.
1997 1998 2098 2063 Nulla
2119 2019 2199 2064 sane

192 2082 299 2163 ipsum
327 2081 362 2143 in
414 2081 518 2145 hristo
544 2081 783 2163 complectitur,
818 2103 855 2146 ac
884 2083 952 2148 sola
980 2082 1044 2148 fide
1066 2085 1168 2148 inter-
1222 2085 1401 2165 scripturae
1423 2082 1549 2182 syllaba
1571 2082 1761 2165 proferetur,
1784 2104 1868 2165 quae
1889 2104 1957 2147 non
1979 2083 2056 2149 huic
2079 2084 2198 2150 doctri·

192 2165 339 2243 cedente,
372 2167 453 2231 citra
480 2188 615 2249 operum
648 2167 843 2246 subsidium,
877 2168 1064 2234 reconciliat
1096 2170 1167 2235 sibi.
1221 2190 1284 2233 nae
1306 2175 1503 2233 consentiat:
1533 2189 1599 2232 non
1625 2189 1695 2234 esse
1724 2167 1822 2232 aliam
1843 2169 1916 2233 Deo
1938 2191 2071 2235 causam
2091 2170 2197 2234 homi-

192 2253 316 2328 Altcra,
339 2252 423 2334 quod
446 2273 553 2335 opera,
581 2274 647 2317 non
670 2255 840 2318 aestimata
862 2277 974 2319 eorum
1022 2256 1028 2268 '
1081 2257 1168 2333 tate,
1220 2255 1273 2319 nis
1295 2253 1336 2319 ad
1359 2274 1393 2320 se
1414 2253 1607 2337 recipiendi,
1637 2254 1701 2318 nisi
1722 2254 1799 2335 quia
1826 2253 1932 2318 modis
1953 2256 2103 2320 omnibus
2124 2277 2198 2338 per-

192 2347 329 2422 1111111
355 2338 557 2422 benignitate
584 2346 680 2421 atque
706 2338 910 2425 indulgentia
937 2341 1002 2407 huc
1059 2341 1169 2406 oneris
1222 2340 1326 2405 ditum
1359 2339 1463 2417 videt,
1496 2341 1525 2405 11
1558 2338 1619 2404 sibi
1646 2339 1863 2421 relinquatur3
1895 2340 2060 2421 perditum
2089 2350 2199 2406 autem

193 2424 325 2501 attollit,
354 2430 392 2485 ut
411 2423 548 2489 alicuius
570 2426 666 2506 pretii
693 2425 820 2490 habeat.
867 2427 992 2504 Tertia,
1022 2426 1108 2508 quod
1126 2433 1169 2491 'ea
1221 2428 1297 2509 quia
1328 2447 1394 2490 non
1421 2425 1507 2503 vult,
1540 2446 1634 2490 suam
1660 2426 1695 2488 in
1721 2425 1793 2507 ipso
1819 2423 1988 2489 liberando
2015 2429 2198 2492 misericor·

192 2511 263 2592 ipsa
291 2530 365 2573 1111
393 2511 491 2574 venia
524 2512 672 2593 suscipit,
707 2531 773 2575 non
805 2512 966 2593 imputata.
998 2512 1168 2594 imperfec-
1221 2511 1309 2576 diam
1331 2531 1491 2576 exercere.
1536 2510 1633 2576 Nunc
1654 2509 1803 2575 videmus
1824 2517 1862 2574 ut
1883 2510 1946 2574 ista
1968 2513 2111 2594 acceptio
2133 2533 2199 2578 non

191 2596 294 2674 tione,
321 2616 385 2677 qua
416 2596 526 2659 omnia
557 2598 741 2679 inquinata,
771 2599 911 2679 peccatis
940 2598 1045 2681 magis
1070 2618 1169 2680 quam
1222 2597 1363 2662 hominis
1395 2597 1555 2662 iustitiam
1587 2604 1725 2679 spectet,
1760 2595 1817 2662 sed
1849 2616 1970 2678 purum
1997 2598 2039 2661 sit
2066 2597 2199 2663 divinae

191 2681 369 2748 virtutibus
403 2680 604 2746 accensenda
635 2682 755 2766 alioqui
786 2684 900 2747 forent.
946 2684 1055 2766 Atque
1090 2683 1168 2750 hinc
1220 2704 1300 2767 erga
1321 2683 1456 2749 miseros
1477 2689 1632 2766 tantoque
1652 2682 1808 2746 beneficio
1837 2681 1934 2765 longe
1955 2681 2199 2766 indignissimos

192 2774 341 2852 apparet,
365 2774 564 2850 quantopere
588 2768 691 2833 delusi
713 2770 780 2834 sint
801 2769 981 2851 sophistae,
1005 2769 1060 2851 qui
1084 2768 1168 2834 belle
1220 2775 1405 2852 peccatores
1427 2769 1579 2834 bonitatis
1601 2767 1839 2834 documentum.
1937 2847 1939 2851 ¹

110 2859 112 2865 ’
191 2876 225 2919 11
260 2851 401 2918 absurda
433 2854 542 2918 omnia
575 2855 716 2919 evasisse
749 2862 923 2937 putarunt,
958 2876 1060 2937 quum
1082 2854 1168 2921 dice·
1307 2857 1357 2919 65.
1407 2856 1586 2938 Postquam
1627 2875 1704 2919 vero
1735 2853 1900 2918 Dominus
1939 2851 2122 2932 hominem,
2155 2876 2198 2920 ex

192 2946 281 3017 rent,
309 2960 377 3003 non
405 2939 582 3005 intrinseca
611 2963 671 3006 sua
698 2940 843 3005 bonitate
865 2941 976 3005 valere
1005 2961 1104 3024 opera
1127 2940 1168 3004 ad
1221 2941 1337 3026 abysso
1360 2939 1551 3022 perditionis
1573 2939 1751 3018 reductum,
1775 2939 1837 3005 sibi
1858 2959 1917 3022 por
1939 2941 2080 3023 gratiam
2098 2938 2198 3022 adop·
2302 2926 2314 2955 ⁸

191 3025 329 3089 salutem
358 3023 604 3105 demerendam,
638 3027 696 3090 sed
724 3048 766 3091 ex
797 3027 885 3110 pacti
915 3027 1057 3105 ratione,
1092 3028 1169 3109 quia
1220 3027 1317 3090 tionis
1350 3027 1550 3110 segregavit;
1589 3026 1665 3108 quia
1702 3024 1797 3089 illum
1835 3026 2043 3108 regeneravit
2076 3046 2114 3091 ac
2146 3047 2198 3092 re·

192 3111 355 3175 Dominus
388 3110 584 3177 liberalitate
618 3134 677 3176 sua
706 3113 789 3177 tanti
822 3112 1015 3178 aestimavit.
1066 3113 1169 3196 Atqui
1220 3112 1373 3176 formavit
1394 3112 1429 3175 in
1449 3131 1570 3176 novam
1591 3113 1702 3190 vitam,
1725 3111 1792 3176 iam
1808 3119 1846 3175 ut
1865 3131 1986 3176 novam
2003 3118 2197 3192 creaturam,

192 3217 260 3260 non
282 3196 498 3262 observabant
522 3198 662 3276 interim,
686 3220 768 3280 quac
789 3199 957 3263 meritoria
976 3219 1075 3280 opera
1097 3219 1168 3263 esse
1220 3220 1295 3264 cuin
1322 3197 1455 3279 spiritus
1482 3198 1534 3262 sui
1562 3195 1656 3261 donis
1684 3197 1899 3279 amplectitur.
1949 3196 2042 3262 Haec
2069 3197 2127 3263 illa
2148 3203 2199 3263 est

192 3282 359 3361 volebant,
388 3290 546 3364 quantum
569 3286 720 3350 abessent
742 3308 761 3349 a
782 3285 1034 3368 promissionum
1055 3283 1166 3350 condi·
1220 3283 1364 3366 acceptio
1385 3283 1477 3348 cuius
1498 3283 1649 3353 meminit
1670 3283 1804 3348 Petrus:
1833 3302 1897 3365 qua
1923 3290 1996 3364 post
2024 3304 2118 3347 suam
2139 3304 2197 3348 vo·

190 3369 287 3447 tione,
311 3369 374 3432 nisi
396 3375 429 3430 et
451 3368 635 3435 iustificatio
658 3371 726 3436 sola
744 3370 809 3435 fide
831 3371 981 3449 subnixa,
1004 3379 1037 3434 et
1052 3391 1166 3453 pecca-
1219 3370 1380 3435 echonem
1407 3370 1479 3433 Deo
1505 3367 1618 3434 fideles
1645 3369 1879 3452 approbantur,
1908 3389 2042 3449 operum
2070 3388 2198 3451 quoque

191 3462 299 3519 torum
327 3454 488 3533 remissio,
515 3475 574 3536 per
596 3477 695 3538 quam
716 3479 735 3521 a
762 3455 899 3522 maculis
926 3457 1013 3521 bona
1039 3477 1167 3539 quoque
1219 3461 1369 3538 respectu
1375 3478 1383 3533 ;
1407 3455 1483 3538 quia
1503 3453 1666 3519 Dominus
1687 3475 1756 3519 non
1776 3473 1887 3519 amare
1909 3460 1943 3517 et
1969 3452 2108 3518 osculari
2129 3474 2197 3518 non

190 3561 288 3622 opera
309 3540 452 3623 abstergi
473 3561 604 3605 necesse
625 3542 764 3621 habent,
787 3541 1004 3625 praecederet.
1050 3541 1167 3624 Itaque
1218 3548 1334 3623 potest,
1358 3561 1440 3623 quae
1462 3561 1521 3623 per
1542 3541 1695 3623 spiritum
1716 3560 1812 3605 suum
1833 3537 1954 3603 inillis
1976 3539 2194 3615 effecitbona.

190 3648 231 3691 ex
259 3627 365 3690 tribus
395 3624 526 3690 divinae
553 3626 757 3693 liberalitatis
784 3628 907 3705 caiisis,
935 3628 1051 3711 quibus
1072 3630 1111 3692 fit
1130 3635 1167 3691 ut
1218 3627 1347 3692 Verum
1381 3626 1415 3691 id
1449 3648 1577 3708 sempor
1608 3627 1765 3690 memoria
1792 3623 2005 3708 repetendum
2033 3632 2097 3704 est,
2129 3646 2196 3689 non

190 3720 321 3794 accepta
347 3713 414 3776 1111
438 3711 584 3775 fidelium
614 3735 728 3797 opera,
758 3735 858 3779 unam
880 3721 1009 3778 tantum
1031 3721 1166 3779 annota-
1220 3712 1314 3778 aliter
1336 3733 1471 3796 operum
1497 3713 1622 3776 ratione
1654 3711 1727 3776 illos
1749 3732 1820 3776 esse
1840 3710 1914 3774 Deo
1935 3717 2098 3793 acceptos,
2131 3712 2197 3776 nisi

189 3799 283 3876 bant;
307 3796 396 3874 diras,
417 3805 451 3861 et
468 3819 522 3862 eas
541 3799 672 3880 quidem
687 3802 888 3882 praecipuas,
908 3800 1164 3884 supprimebant.
1219 3799 1296 3882 quia
1322 3798 1453 3863 illorum
1481 3819 1579 3864 caiisa
1604 3804 1638 3862 11
1670 3798 1776 3881 gratia
1803 3796 1966 3861 Dominus
1999 3797 2070 3879 ipsa
2098 3816 2198 3879 opera

275 3888 325 3947 64.
371 3882 485 3948 Citant
511 3884 605 3948 Petri
633 3888 842 3964 sententiam,
870 3907 968 3974 quain
996 3886 1105 3951 Lucas
1130 3886 1166 3950 11
1219 3906 1280 3950 sua
1312 3885 1497 3968 acceptione
1533 3883 1696 3968 dignatur.
1751 3881 1848 3948 Unde
1887 3883 1975 3946 enim
2015 3881 2080 3947 illis
2111 3883 2198 3948 bona

192 3971 285 4035 Actis
315 3971 430 4036 recitat
452 3970 518 4053 (10,
539 3967 609 4053 34):
644 3972 680 4034 11
712 3972 850 4037 veritate
877 3972 1052 4054 comperio,
1080 3970 1166 4055 quod
1218 3991 1325 4053 opera,
1348 3971 1412 4035 nisi
1433 3969 1519 4054 quod
1539 3970 1702 4034 Dominus
1719 3968 1801 4047 illos,
1825 3967 2099 4050 quemadmodum
2117 3988 2198 4034 vasa

190 4077 256 4120 non
289 4055 331 4119 sit
363 4077 578 4138 personarum
610 4064 759 4140 acceptor
786 4059 894 4137 Deus;
927 4056 984 4122 sed
1014 4058 1050 4120 in
1077 4059 1166 4121 omni
1217 4055 1253 4120 in
1274 4055 1432 4121 honorem
1453 4054 1561 4140 elegit,
1584 4056 1631 4120 ita
1652 4055 1724 4120 vult
1745 4075 1825 4119 vera
1846 4054 1990 4137 puritate
2012 4053 2194 4119 exornare?

191 4146 301 4223 gente,
332 4143 387 4223 qui
414 4142 492 4207 facit
513 4143 686 4221 iustitiam,
712 4152 861 4226 acceptus
883 4151 933 4209 est
953 4143 1011 4207 illi.
1057 4144 1165 4227 Atque
1217 4141 1315 4207 Unde
1337 4142 1436 4207 etiam
1458 4143 1543 4207 bona
1562 4147 1770 4224 reputantur,
1794 4160 1832 4205 ac
1860 4139 1993 4205 sinihil
2016 4140 2082 4204 illis
2104 4139 2195 4204 dees-

188 4227 281 4303 hinc,
303 4225 393 4308 quod·
415 4228 549 4291 minime
572 4227 707 4293 dubium
727 4251 798 4295 esse
819 4229 964 4308 videtur,
994 4228 1164 4314 colligunt:
1219 4235 1281 4307 set3
1307 4228 1372 4293 nisi
1393 4227 1481 4310 quod
1501 4228 1615 4292 naevis
1637 4234 1670 4291 et
1694 4225 1846 4304 maculis,
1896 4247 1960 4290 uae
1986 4225 2051 4290 illis
2075 4224 2195 4289 adhae-

190 4314 217 4377 si
247 4313 343 4377 rectis
372 4313 488 4377 studiis
511 4314 662 4378 conciliat
683 4315 744 4379 sibi
766 4315 863 4380 homo
886 4316 1005 4392 Deum,
1026 4336 1093 4379 non
1115 4335 1166 4379 so·
1218 4321 1358 4392 recount,
1381 4314 1513 4378 veniam
1533 4313 1695 4396 benignus
1717 4319 1810 4395 pater
1832 4247 2001 4396 indulget?
2046 4310 2195 4375 1111111-

189 4398 252 4463 lius
275 4419 345 4462 1111
367 4399 432 4462 Dei
454 4399 656 4479 beneficium,
679 4401 764 4484 quod
786 4401 925 4466 salutem
943 4401 1165 4483 consequitur;
1217 4421 1286 4478 ma,
1320 4399 1404 4463 nihil
1438 4398 1526 4464 aliud
1559 4398 1722 4482 significat
1752 4397 1815 4463 hoc
1841 4397 1926 4474 loce,
1958 4418 2056 4479 quam
2084 4402 2195 4479 gratim

189 4485 254 4548 imo
287 4484 333 4549 sic
361 4505 420 4565 pro
447 4506 506 4548 sua
533 4486 757 4553 misericordia
778 4488 888 4550 Deum
909 4488 1069 4569 peccatori
1092 4507 1165 4552 suc·
1218 4507 1288 4551 1111
1309 4486 1391 4564 Deo,
1414 4491 1447 4549 et
1470 4484 1625 4550 amabiles
1646 4505 1721 4549 suos
1742 4483 1836 4562 filios,
1859 4484 1894 4546 in
1912 4482 2029 4565 quibus
2047 4487 2140 4546 notas
2162 4489 2195 4546 et

189 4590 331 4649 currere,
350 4578 387 4634 ut
404 4572 555 4652 operibus
574 4570 616 4635 ad
633 4571 888 4637 misericordiam
906 4575 1063 4638 flectatur.
1097 4572 1165 4636 Vc·
1216 4572 1415 4636 lineamenta
1436 4571 1547 4636 vultus
1569 4571 1619 4636 sui
1647 4569 1744 4635 videt
1789 4568 2085 4652 Regenerationcm
2107 4567 2196 4631 enim

187 4678 263 4720 rum
296 4657 475 4738 scripturas
508 4656 599 4721 nullo
631 4658 727 4723 modo
756 4657 927 4723 conciliare
955 4659 1073 4741 possis,
1102 4658 1165 4722 nisi
1208 4657 1310 4736 alibi,
1339 4657 1493 4741 imaginis
1520 4656 1650 4722 divinae
1672 4655 1911 4738 reparationem
1937 4653 1971 4717 in
1994 4653 2086 4718 nobis
2113 4673 2193 4732 1111,

189 4741 350 4825 duplicem
368 4742 511 4807 hominis
529 4743 615 4826 apud
628 4745 739 4808 Deum
757 4745 975 4827 acceptionem
992 4764 1165 4827 recognos-
1218 4741 1394 4808 docuimus.
1439 4741 1603 4824 Quoniam
1625 4762 1718 4826 ergo,
1747 4741 1929 4821 ubicunque
1955 4739 2073 4804 faciem
2100 4760 2195 4804 suam
2250 4749 2257 4763 '

188 4827 291 4912 1111)
342 4827 458 4909 Qualis
485 4830 574 4897 enim
607 4837 727 4895 natura
748 4837 798 4894 est
824 4830 935 4907 homo,
964 4829 1106 4893 nihilin
1128 4848 1166 4893 11
1218 4829 1310 4893 Deus
1341 4827 1594 4911 contemplatur,
1622 4834 1656 4891 11
1683 4827 1799 4891 merito
1827 4830 1931 4901 amat,
1959 4824 2048 4888 etin
2070 4824 2195 4889 honore

189 4915 311 4995 reperit
327 4915 430 4993 Deus,
453 4936 516 4998 quo
534 4914 576 4979 ad
593 4915 850 4980 misericordiam
867 4915 1052 4995 inclinetur,
1071 4936 1166 4998 prae·
1217 4914 1331 4978 habet:
1360 4935 1426 4978 non
1454 4915 1523 4979 sine
1550 4935 1649 4979 causa
1677 4911 1795 4977 dicitur
1821 4910 1871 4974 illi
1897 4910 2026 4992 plaeere
2046 4909 2194 4975 fidelium
2297 4949 2302 4963 ·

189 5005 239 5062 ter
256 5002 387 5066 unicam
404 5002 579 5067 miseriam.
609 5002 744 5067 Nudum
761 5023 839 5086 ergo
857 5009 890 5066 et
906 5023 1048 5087 egenum
1059 5001 1165 5066 omnis
1218 4999 1303 5079 vita,
1334 4999 1376 5064 ad
1407 5001 1613 5065 sanctitatem
1646 5005 1679 5063 et
1709 4997 1868 5061 iustitiam
1896 4996 2082 5078 composita
2125 4993 2194 5061 Sed

1217 5085 1294 5168 quia
1314 5085 1360 5168 pii
1382 5085 1512 5150 mortali
1536 5104 1634 5150 carne
1656 5081 1862 5161 circumdati,
1890 5081 1998 5147 adhuc
2020 5088 2098 5147 sunt
2118 5102 2193 5165 pec

257 5203 926 5277 1)111111111111....1111553111.
1019 5204 1049 5274 2)
1072 5208 1165 5259 ohser-
1217 5178 1407 5271 0310195191
1427 5191 1526 5254 ⁰P⁰r³
1547 5191 1660 5270 ffiruln
1681 5170 1775 5248 bona,
1797 5169 1950 5269 inchoata
1967 5166 2138 5268 duntaxat,
2160 5173 2194 5232 ⁰t

186 5289 234 5325 ves
253 5270 321 5325 1553
338 5288 391 5342 seq.
778 5318 781 5325 .
1217 5279 1325 5322 camis
1341 5256 1459 5323 vitium
1480 5254 1668 5335 redolentia,
1690 5275 1795 5339 nequo
1812 5254 1887 5334 11111,
1910 5274 2014 5336 neque
2033 5254 2095 5334 his,
2118 5273 2192 5337 pro·

187 5155 273 5162 —.
