<?xml version="1.0" encoding="UTF-8"?>
<!DOCTYPE html PUBLIC "-//W3C//DTD XHTML 1.0 Transitional//EN"
    "http://www.w3.org/TR/xhtml1/DTD/xhtml1-transitional.dtd">
<html xmlns="http://www.w3.org/1999/xhtml" xml:lang="en" lang="en">
 <head>
  <title>
</title>
<meta http-equiv="Content-Type" content="text/html;charset=utf-8" />
  <meta name='ocr-system' content='tesseract 3.04.00' />
  <meta name='ocr-capabilities' content='ocr_page ocr_carea ocr_par ocr_line ocrx_word'/>
</head>
<body>
  <div class='ocr_page' id='page_1' title='image "./ioanniscalvinio05calvgoog_0021.png"; bbox 0 0 4770 6030; ppageno 0'>
   <div class='ocr_carea' id='block_1_1' title="bbox 1170 306 1207 372">
    <p class='ocr_par' dir='ltr' id='par_1_1' title="bbox 1170 306 1207 372">
     <span class='ocr_line' id='line_1_1' title="bbox 1170 306 1207 372; baseline 0 0"><span class='ocrx_word' id='word_1_1' title='bbox 1170 306 1207 372; x_wconf 87' lang='lat' dir='ltr'>X</span> 
     </span>
    </p>
   </div>
   <div class='ocr_carea' id='block_1_2' title="bbox 47 499 2303 5283">
    <p class='ocr_par' dir='ltr' id='par_1_2' title="bbox 47 499 2303 5283">
     <span class='ocr_line' id='line_1_2' title="bbox 186 499 2183 616; baseline -0.002 -31"><span class='ocrx_word' id='word_1_2' title='bbox 186 503 257 587; x_wconf 86' lang='lat' dir='ltr'>vel</span> <span class='ocrx_word' id='word_1_3' title='bbox 286 501 463 585; x_wconf 77' lang='lat' dir='ltr'>tantilla</span> <span class='ocrx_word' id='word_1_4' title='bbox 484 499 627 583; x_wconf 88' lang='lat' dir='ltr'>iudicii</span> <span class='ocrx_word' id='word_1_5' title='bbox 656 501 874 612; x_wconf 89' lang='lat' dir='ltr'>praeditus</span> <span class='ocrx_word' id='word_1_6' title='bbox 906 502 1132 612; x_wconf 87' lang='lat' dir='ltr'>aequitate,</span> <span class='ocrx_word' id='word_1_7' title='bbox 1165 503 1236 611; x_wconf 92' lang='lat' dir='ltr'>qui</span> <span class='ocrx_word' id='word_1_8' title='bbox 1266 513 1614 612; x_wconf 89' lang='lat' dir='ltr'>argumentorum</span> <span class='ocrx_word' id='word_1_9' title='bbox 1645 521 1689 616; x_wconf 87' lang='lat' dir='ltr'>et</span> <span class='ocrx_word' id='word_1_10' title='bbox 1719 502 2025 585; x_wconf 88' lang='lat' dir='ltr'>sententiarum</span> <span class='ocrx_word' id='word_1_11' title='bbox 2056 501 2183 583; x_wconf 91' lang='lat' dir='ltr'>uber-</span> 
     </span>
     <span class='ocr_line' id='line_1_3' title="bbox 186 637 2186 750; baseline -0.001 -28"><span class='ocrx_word' id='word_1_12' title='bbox 186 652 332 745; x_wconf 91' lang='lat' dir='ltr'>tatem,</span> <span class='ocrx_word' id='word_1_13' title='bbox 363 639 668 750; x_wconf 74' lang='lat' dir='ltr'>proprietatem</span> <span class='ocrx_word' id='word_1_14' title='bbox 697 640 922 720; x_wconf 79' lang='lat' dir='ltr'>verborum</span> <span class='ocrx_word' id='word_1_15' title='bbox 947 667 1265 748; x_wconf 74' lang='lat' dir='ltr'>sermonemque</span> <span class='ocrx_word' id='word_1_16' title='bbox 1295 640 1569 750; x_wconf 87' lang='lat' dir='ltr'>castigatum,</span> <span class='ocrx_word' id='word_1_17' title='bbox 1601 639 1688 721; x_wconf 90' lang='lat' dir='ltr'>stili</span> <span class='ocrx_word' id='word_1_18' title='bbox 1715 638 1915 747; x_wconf 90' lang='lat' dir='ltr'>deniquo,</span> <span class='ocrx_word' id='word_1_19' title='bbox 1947 637 2186 720; x_wconf 90' lang='grc'>1616161161</span> 
     </span>
     <span class='ocr_line' id='line_1_4' title="bbox 188 764 2185 888; baseline -0.002 -29"><span class='ocrx_word' id='word_1_20' title='bbox 188 807 316 888; x_wconf 91' lang='lat' dir='ltr'>quam</span> <span class='ocrx_word' id='word_1_21' title='bbox 350 776 516 886; x_wconf 90' lang='lat' dir='ltr'>gallici,</span> <span class='ocrx_word' id='word_1_22' title='bbox 552 768 809 884; x_wconf 85' lang='lat' dir='ltr'>gravitatem</span> <span class='ocrx_word' id='word_1_23' title='bbox 846 786 891 856; x_wconf 91' lang='lat' dir='ltr'>et</span> <span class='ocrx_word' id='word_1_24' title='bbox 927 776 1191 858; x_wconf 75' lang='lat' dir='ltr'>luciditatem</span> <span class='ocrx_word' id='word_1_25' title='bbox 1227 805 1310 858; x_wconf 92' lang='lat' dir='ltr'>non</span> <span class='ocrx_word' id='word_1_26' title='bbox 1343 777 1600 886; x_wconf 45' lang='lat' dir='ltr'>admiretur,</span> <span class='ocrx_word' id='word_1_27' title='bbox 1646 774 1767 880; x_wconf 73' lang='lat' dir='ltr'>Quae</span> <span class='ocrx_word' id='word_1_28' title='bbox 1799 787 1949 858; x_wconf 89' lang='lat' dir='ltr'>cuncta</span> <span class='ocrx_word' id='word_1_29' title='bbox 1979 803 2112 885; x_wconf 90' lang='lat' dir='ltr'>quum</span> <span class='ocrx_word' id='word_1_30' title='bbox 2141 764 2185 856; x_wconf 91' lang='lat' dir='ltr'>in</span> 
     </span>
     <span class='ocr_line' id='line_1_5' title="bbox 188 911 2184 1025; baseline -0.003 -28"><span class='ocrx_word' id='word_1_31' title='bbox 188 914 369 1025; x_wconf 89' lang='lat' dir='ltr'>singulis</span> <span class='ocrx_word' id='word_1_32' title='bbox 399 914 489 995; x_wconf 85' lang='lat' dir='ltr'>fere</span> <span class='ocrx_word' id='word_1_33' title='bbox 522 912 706 1022; x_wconf 88' lang='lat' dir='ltr'>scriptis,</span> <span class='ocrx_word' id='word_1_34' title='bbox 745 924 838 993; x_wconf 92' lang='lat' dir='ltr'>tum</span> <span class='ocrx_word' id='word_1_35' title='bbox 868 913 1092 1023; x_wconf 80' lang='lat' dir='ltr'>praecipue</span> <span class='ocrx_word' id='word_1_36' title='bbox 1122 912 1388 995; x_wconf 83' lang='lat' dir='ltr'>relucentia</span> <span class='ocrx_word' id='word_1_37' title='bbox 1417 913 1645 996; x_wconf 88' lang='lat' dir='ltr'>immortali</span> <span class='ocrx_word' id='word_1_38' title='bbox 1675 913 1750 995; x_wconf 91' lang='lat' dir='ltr'>illa</span> <span class='ocrx_word' id='word_1_39' title='bbox 1779 912 2053 995; x_wconf 82' lang='lat' dir='ltr'>Institutione</span> <span class='ocrx_word' id='word_1_40' title='bbox 2084 911 2184 994; x_wconf 92' lang='lat' dir='ltr'>reli-</span> 
     </span>
     <span class='ocr_line' id='line_1_6' title="bbox 106 1049 2186 1164; baseline -0.002 -30"><span class='ocrx_word' id='word_1_41' title='bbox 106 1145 109 1153; x_wconf 33' lang='lat'>,</span> <span class='ocrx_word' id='word_1_42' title='bbox 186 1053 325 1163; x_wconf 89' lang='lat' dir='ltr'>gionis</span> <span class='ocrx_word' id='word_1_43' title='bbox 357 1051 621 1154; x_wconf 78' lang='lat' dir='ltr'>christianae,</span> <span class='ocrx_word' id='word_1_44' title='bbox 653 1078 760 1159; x_wconf 92' lang='lat' dir='ltr'>quae</span> <span class='ocrx_word' id='word_1_45' title='bbox 792 1078 936 1164; x_wconf 79' lang='lat' dir='ltr'>omnes</span> <span class='ocrx_word' id='word_1_46' title='bbox 968 1049 1157 1131; x_wconf 87' lang='lat' dir='ltr'>eiusdem</span> <span class='ocrx_word' id='word_1_47' title='bbox 1186 1051 1355 1159; x_wconf 90' lang='lat' dir='ltr'>generis</span> <span class='ocrx_word' id='word_1_48' title='bbox 1387 1052 1669 1160; x_wconf 84' lang='lat' dir='ltr'>expositiones</span> <span class='ocrx_word' id='word_1_49' title='bbox 1699 1052 1796 1133; x_wconf 90' lang='lat' dir='ltr'>inde</span> <span class='ocrx_word' id='word_1_50' title='bbox 1820 1052 1872 1133; x_wconf 90' lang='lat' dir='ltr'>ab</span> <span class='ocrx_word' id='word_1_51' title='bbox 1898 1049 2186 1160; x_wconf 89' lang='lat' dir='ltr'>apostolorum</span> 
     </span>
     <span class='ocr_line' id='line_1_7' title="bbox 188 1185 2185 1300; baseline -0.004 -28"><span class='ocrx_word' id='word_1_52' title='bbox 188 1189 449 1300; x_wconf 88' lang='lat' dir='ltr'>temporibus</span> <span class='ocrx_word' id='word_1_53' title='bbox 474 1186 742 1298; x_wconf 87' lang='lat' dir='ltr'>conscriptas,</span> <span class='ocrx_word' id='word_1_54' title='bbox 767 1186 955 1297; x_wconf 88' lang='lat' dir='ltr'>adeoque</span> <span class='ocrx_word' id='word_1_55' title='bbox 978 1186 1092 1296; x_wconf 88' lang='lat' dir='ltr'>ipsos</span> <span class='ocrx_word' id='word_1_56' title='bbox 1109 1186 1396 1270; x_wconf 88' lang='lat' dir='ltr'>Melanthonis</span> <span class='ocrx_word' id='word_1_57' title='bbox 1422 1188 1558 1271; x_wconf 86' lang='lat' dir='ltr'>Locos</span> <span class='ocrx_word' id='word_1_58' title='bbox 1586 1189 1863 1300; x_wconf 87' lang='lat' dir='ltr'>theologicos,</span> <span class='ocrx_word' id='word_1_59' title='bbox 1888 1188 2046 1295; x_wconf 91' lang='lat' dir='ltr'>absque</span> <span class='ocrx_word' id='word_1_60' title='bbox 2068 1185 2185 1300; x_wconf 27' lang='lat' dir='ltr'>,omni</span> 
     </span>
     <span class='ocr_line' id='line_1_8' title="bbox 189 1322 2184 1435; baseline -0.005 -24"><span class='ocrx_word' id='word_1_61' title='bbox 189 1327 473 1411; x_wconf 83' lang='lat' dir='ltr'>controversia</span> <span class='ocrx_word' id='word_1_62' title='bbox 503 1326 632 1435; x_wconf 90' lang='lat' dir='ltr'>longe</span> <span class='ocrx_word' id='word_1_63' title='bbox 664 1323 881 1405; x_wconf 88' lang='lat' dir='ltr'>antecellit</span> <span class='ocrx_word' id='word_1_64' title='bbox 913 1334 1041 1433; x_wconf 90' lang='lat' dir='ltr'>atque</span> <span class='ocrx_word' id='word_1_65' title='bbox 1074 1323 1289 1406; x_wconf 88' lang='lat' dir='ltr'>eruditum</span> <span class='ocrx_word' id='word_1_66' title='bbox 1319 1336 1364 1406; x_wconf 98' lang='grc'>61</span> <span class='ocrx_word' id='word_1_67' title='bbox 1393 1325 1626 1435; x_wconf 91' lang='lat' dir='ltr'>ingenuum</span> <span class='ocrx_word' id='word_1_68' title='bbox 1655 1326 1877 1431; x_wconf 91' lang='lat' dir='ltr'>lectorem,</span> <span class='ocrx_word' id='word_1_69' title='bbox 1910 1322 2075 1406; x_wconf 86' lang='lat' dir='ltr'>etiamsi</span> <span class='ocrx_word' id='word_1_70' title='bbox 2107 1322 2184 1403; x_wconf 88' lang='lat' dir='ltr'>ali-</span> 
     </span>
     <span class='ocr_line' id='line_1_9' title="bbox 189 1459 2184 1574; baseline -0.003 -27"><span class='ocrx_word' id='word_1_71' title='bbox 189 1465 298 1547; x_wconf 83' lang='lat' dir='ltr'>cubi·</span> <span class='ocrx_word' id='word_1_72' title='bbox 316 1493 436 1546; x_wconf 89' lang='lat' dir='ltr'>secus</span> <span class='ocrx_word' id='word_1_73' title='bbox 469 1462 659 1565; x_wconf 87' lang='lat' dir='ltr'>senserit,</span> <span class='ocrx_word' id='word_1_74' title='bbox 691 1461 900 1570; x_wconf 88' lang='lat' dir='ltr'>hodieque</span> <span class='ocrx_word' id='word_1_75' title='bbox 934 1461 1054 1570; x_wconf 91' lang='lat' dir='ltr'>quasi</span> <span class='ocrx_word' id='word_1_76' title='bbox 1084 1461 1272 1544; x_wconf 86' lang='lat' dir='ltr'>vinctum</span> <span class='ocrx_word' id='word_1_77' title='bbox 1302 1462 1436 1543; x_wconf 92' lang='lat' dir='ltr'>trahit</span> <span class='ocrx_word' id='word_1_78' title='bbox 1465 1473 1510 1544; x_wconf 95' lang='lat' dir='ltr'>et</span> <span class='ocrx_word' id='word_1_79' title='bbox 1540 1462 1610 1545; x_wconf 87' lang='lat' dir='ltr'>vel</span> <span class='ocrx_word' id='word_1_80' title='bbox 1632 1464 1812 1546; x_wconf 84' lang='lat' dir='ltr'>invitum</span> <span class='ocrx_word' id='word_1_81' title='bbox 1841 1462 1955 1574; x_wconf 90' lang='lat' dir='ltr'>rapit</span> <span class='ocrx_word' id='word_1_82' title='bbox 1983 1461 2027 1542; x_wconf 92' lang='lat' dir='ltr'>in</span> <span class='ocrx_word' id='word_1_83' title='bbox 2052 1459 2184 1541; x_wconf 87' lang='lat' dir='ltr'>admi-</span> 
     </span>
     <span class='ocr_line' id='line_1_10' title="bbox 188 1602 405 1686; baseline -0.014 -2"><span class='ocrx_word' id='word_1_84' title='bbox 188 1602 405 1686; x_wconf 89' lang='lat' dir='ltr'>rationem.</span> 
     </span>
     <span class='ocr_line' id='line_1_11' title="bbox 344 1735 2185 1846; baseline -0.002 -27"><span class='ocrx_word' id='word_1_85' title='bbox 344 1736 465 1842; x_wconf 73' lang='lat' dir='ltr'>Quae</span> <span class='ocrx_word' id='word_1_86' title='bbox 497 1765 629 1846; x_wconf 91' lang='lat' dir='ltr'>quum</span> <span class='ocrx_word' id='word_1_87' title='bbox 659 1735 720 1817; x_wconf 90' lang='lat' dir='ltr'>ita</span> <span class='ocrx_word' id='word_1_88' title='bbox 752 1736 848 1841; x_wconf 89' lang='lat' dir='ltr'>sint,</span> <span class='ocrx_word' id='word_1_89' title='bbox 880 1765 964 1844; x_wconf 90' lang='lat' dir='ltr'>quo</span> <span class='ocrx_word' id='word_1_90' title='bbox 995 1745 1132 1845; x_wconf 85' lang='lat' dir='ltr'>pacto,</span> <span class='ocrx_word' id='word_1_91' title='bbox 1165 1765 1433 1844; x_wconf 89' lang='lat' dir='ltr'>quaesumus,</span> <span class='ocrx_word' id='word_1_92' title='bbox 1465 1738 1625 1844; x_wconf 88' lang='lat' dir='ltr'>absque</span> <span class='ocrx_word' id='word_1_93' title='bbox 1657 1737 1828 1820; x_wconf 92' lang='lat' dir='ltr'>crimine</span> <span class='ocrx_word' id='word_1_94' title='bbox 1858 1736 1998 1819; x_wconf 88' lang='lat' dir='ltr'>laesae</span> <span class='ocrx_word' id='word_1_95' title='bbox 2020 1735 2185 1818; x_wconf 88' lang='lat' dir='ltr'>utilita-</span> 
     </span>
     <span class='ocr_line' id='line_1_12' title="bbox 188 1872 2184 1986; baseline -0.003 -28"><span class='ocrx_word' id='word_1_96' title='bbox 188 1877 245 1958; x_wconf 89' lang='lat' dir='ltr'>tis</span> <span class='ocrx_word' id='word_1_97' title='bbox 276 1876 481 1986; x_wconf 90' lang='lat' dir='ltr'>publicae,</span> <span class='ocrx_word' id='word_1_98' title='bbox 514 1874 654 1955; x_wconf 86' lang='lat' dir='ltr'>laesae</span> <span class='ocrx_word' id='word_1_99' title='bbox 685 1872 795 1953; x_wconf 90' lang='lat' dir='ltr'>tanti</span> <span class='ocrx_word' id='word_1_100' title='bbox 824 1873 903 1953; x_wconf 84' lang='lat' dir='ltr'>viri</span> <span class='ocrx_word' id='word_1_101' title='bbox 933 1872 1171 1978; x_wconf 82' lang='lat' dir='ltr'>memoriae,</span> <span class='ocrx_word' id='word_1_102' title='bbox 1202 1872 1341 1954; x_wconf 81' lang='lat' dir='ltr'>laesae</span> <span class='ocrx_word' id='word_1_103' title='bbox 1373 1872 1553 1982; x_wconf 90' lang='lat' dir='ltr'>denique</span> <span class='ocrx_word' id='word_1_104' title='bbox 1584 1874 1746 1984; x_wconf 88' lang='lat' dir='ltr'>gloriae</span> <span class='ocrx_word' id='word_1_105' title='bbox 1778 1875 1822 1956; x_wconf 91' lang='grc'>16</span> <span class='ocrx_word' id='word_1_106' title='bbox 1848 1875 2086 1956; x_wconf 83' lang='grc'>6611616616</span> <span class='ocrx_word' id='word_1_107' title='bbox 2117 1901 2184 1953; x_wconf 92' lang='grc'>66-</span> 
     </span>
     <span class='ocr_line' id='line_1_13' title="bbox 190 2009 2185 2127; baseline -0.003 -31"><span class='ocrx_word' id='word_1_108' title='bbox 190 2013 361 2097; x_wconf 88' lang='grc'>61661661</span> <span class='ocrx_word' id='word_1_109' title='bbox 392 2011 679 2122; x_wconf 85' lang='lat' dir='ltr'>evangelicam</span> <span class='ocrx_word' id='word_1_110' title='bbox 706 2009 993 2115; x_wconf 67' lang='lat' dir='ltr'>redundantia</span> <span class='ocrx_word' id='word_1_111' title='bbox 1025 2010 1270 2091; x_wconf 89' lang='lat' dir='ltr'>mandatum</span> <span class='ocrx_word' id='word_1_112' title='bbox 1301 2039 1406 2119; x_wconf 90' lang='lat' dir='ltr'>opus</span> <span class='ocrx_word' id='word_1_113' title='bbox 1438 2040 1521 2092; x_wconf 91' lang='grc'>666</span> <span class='ocrx_word' id='word_1_114' title='bbox 1552 2013 1773 2117; x_wconf 89' lang='lat' dir='ltr'>ambabus,</span> <span class='ocrx_word' id='word_1_115' title='bbox 1803 2022 1870 2092; x_wconf 52' lang='lat' dir='ltr'>ut«</span> <span class='ocrx_word' id='word_1_116' title='bbox 1885 2012 2020 2127; x_wconf 88' lang='lat' dir='ltr'>aiunt,</span> <span class='ocrx_word' id='word_1_117' title='bbox 2052 2009 2185 2091; x_wconf 91' lang='lat' dir='ltr'>mani-</span> 
     </span>
     <span class='ocr_line' id='line_1_14' title="bbox 189 2147 2185 2259; baseline -0.003 -26"><span class='ocrx_word' id='word_1_118' title='bbox 189 2153 270 2234; x_wconf 91' lang='lat' dir='ltr'>bus</span> <span class='ocrx_word' id='word_1_119' title='bbox 308 2148 492 2259; x_wconf 83' lang='lat' dir='ltr'>amplexi</span> <span class='ocrx_word' id='word_1_120' title='bbox 530 2149 746 2229; x_wconf 74' lang='lat' dir='ltr'>essemus?</span> <span class='ocrx_word' id='word_1_121' title='bbox 815 2147 1020 2228; x_wconf 88' lang='lat' dir='ltr'>Nonnihil</span> <span class='ocrx_word' id='word_1_122' title='bbox 1060 2147 1189 2229; x_wconf 90' lang='lat' dir='ltr'>etiam</span> <span class='ocrx_word' id='word_1_123' title='bbox 1230 2147 1411 2230; x_wconf 90' lang='lat' dir='ltr'>contulit</span> <span class='ocrx_word' id='word_1_124' title='bbox 1448 2149 1501 2228; x_wconf 88' lang='lat' dir='ltr'>ad</span> <span class='ocrx_word' id='word_1_125' title='bbox 1538 2149 1786 2231; x_wconf 91' lang='lat' dir='ltr'>firmandam</span> <span class='ocrx_word' id='word_1_126' title='bbox 1816 2147 2080 2230; x_wconf 85' lang='lat' dir='ltr'>voluntatem</span> <span class='ocrx_word' id='word_1_127' title='bbox 2109 2175 2185 2227; x_wconf 91' lang='lat' dir='ltr'>no-</span> 
     </span>
     <span class='ocr_line' id='line_1_15' title="bbox 192 2283 2186 2395; baseline -0.003 -26"><span class='ocrx_word' id='word_1_128' title='bbox 192 2299 324 2369; x_wconf 90' lang='lat' dir='ltr'>stram</span> <span class='ocrx_word' id='word_1_129' title='bbox 354 2287 439 2367; x_wconf 92' lang='lat' dir='ltr'>iam</span> <span class='ocrx_word' id='word_1_130' title='bbox 469 2285 655 2393; x_wconf 89' lang='lat' dir='ltr'>alioquin</span> <span class='ocrx_word' id='word_1_131' title='bbox 685 2313 949 2395; x_wconf 89' lang='lat' dir='ltr'>propensam,</span> <span class='ocrx_word' id='word_1_132' title='bbox 982 2285 1095 2394; x_wconf 91' lang='lat' dir='ltr'>quod</span> <span class='ocrx_word' id='word_1_133' title='bbox 1126 2285 1255 2367; x_wconf 89' lang='lat' dir='ltr'>etiam</span> <span class='ocrx_word' id='word_1_134' title='bbox 1285 2285 1397 2366; x_wconf 93' lang='lat' dir='ltr'>hunc</span> <span class='ocrx_word' id='word_1_135' title='bbox 1427 2285 1567 2395; x_wconf 90' lang='lat' dir='ltr'>ipsum</span> <span class='ocrx_word' id='word_1_136' title='bbox 1598 2284 1820 2367; x_wconf 78' lang='lat' dir='ltr'>Calvinum</span> <span class='ocrx_word' id='word_1_137' title='bbox 1845 2295 2038 2367; x_wconf 87' lang='lat' dir='ltr'>nostrum</span> <span class='ocrx_word' id='word_1_138' title='bbox 2069 2283 2186 2365; x_wconf 90' lang='lat' dir='ltr'>duci-</span> 
     </span>
     <span class='ocr_line' id='line_1_16' title="bbox 145 2421 2187 2532; baseline 0.001 -34"><span class='ocrx_word' id='word_1_139' title='bbox 145 2494 149 2498; x_wconf 84' lang='grc'><em>,</em></span> <span class='ocrx_word' id='word_1_140' title='bbox 191 2455 306 2531; x_wconf 69' lang='grc'>1666,</span> <span class='ocrx_word' id='word_1_141' title='bbox 337 2453 422 2505; x_wconf 91' lang='grc'>666</span> <span class='ocrx_word' id='word_1_142' title='bbox 453 2452 502 2505; x_wconf 86' lang='grc'>66</span> <span class='ocrx_word' id='word_1_143' title='bbox 532 2421 699 2503; x_wconf 91' lang='grc'>6616166</span> <span class='ocrx_word' id='word_1_144' title='bbox 730 2432 1013 2531; x_wconf 84' lang='lat' dir='ltr'>tantumquo</span> <span class='ocrx_word' id='word_1_145' title='bbox 1045 2451 1189 2504; x_wconf 91' lang='lat' dir='ltr'>omnes</span> <span class='ocrx_word' id='word_1_146' title='bbox 1228 2422 1324 2504; x_wconf 90' lang='lat' dir='ltr'>illos</span> <span class='ocrx_word' id='word_1_147' title='bbox 1355 2421 1467 2503; x_wconf 84' lang='lat' dir='ltr'>viros</span> <span class='ocrx_word' id='word_1_148' title='bbox 1499 2422 1551 2504; x_wconf 93' lang='lat' dir='ltr'>de</span> <span class='ocrx_word' id='word_1_149' title='bbox 1582 2423 1809 2532; x_wconf 83' lang='lat' dir='ltr'>profligata</span> <span class='ocrx_word' id='word_1_150' title='bbox 1838 2452 2010 2504; x_wconf 88' lang='lat' dir='ltr'>romana</span> <span class='ocrx_word' id='word_1_151' title='bbox 2040 2432 2187 2531; x_wconf 83' lang='lat' dir='ltr'>tyran-</span> 
     </span>
     <span class='ocr_line' id='line_1_17' title="bbox 117 2557 2185 2670; baseline -0.004 -26"><span class='ocrx_word' id='word_1_152' title='bbox 117 2583 120 2599; x_wconf 83' lang='lat'>·</span> <span class='ocrx_word' id='word_1_153' title='bbox 190 2562 287 2644; x_wconf 87' lang='lat' dir='ltr'>nido</span> <span class='ocrx_word' id='word_1_154' title='bbox 331 2572 653 2669; x_wconf 87' lang='lat' dir='ltr'>restaurataque</span> <span class='ocrx_word' id='word_1_155' title='bbox 698 2560 907 2670; x_wconf 83' lang='lat' dir='ltr'>evangelii</span> <span class='ocrx_word' id='word_1_156' title='bbox 944 2559 1143 2666; x_wconf 83' lang='lat' dir='ltr'>libertate</span> <span class='ocrx_word' id='word_1_157' title='bbox 1181 2570 1226 2640; x_wconf 93' lang='lat' dir='ltr'>et</span> <span class='ocrx_word' id='word_1_158' title='bbox 1263 2559 1442 2641; x_wconf 82' lang='lat' dir='ltr'>veritate</span> <span class='ocrx_word' id='word_1_159' title='bbox 1485 2571 1574 2641; x_wconf 92' lang='grc'>1616</span> <span class='ocrx_word' id='word_1_160' title='bbox 1610 2559 1824 2670; x_wconf 87' lang='lat' dir='ltr'>praeclare</span> <span class='ocrx_word' id='word_1_161' title='bbox 1862 2559 2056 2662; x_wconf 88' lang='lat' dir='ltr'>meritos,</span> <span class='ocrx_word' id='word_1_162' title='bbox 2097 2557 2185 2636; x_wconf 89' lang='lat' dir='ltr'>sine</span> 
     </span>
     <span class='ocr_line' id='line_1_18' title="bbox 47 2696 2184 2809; baseline -0.003 -28"><span class='ocrx_word' id='word_1_163' title='bbox 47 2738 50 2743; x_wconf 94' lang='grc'><em>·</em></span> <span class='ocrx_word' id='word_1_164' title='bbox 190 2698 469 2781; x_wconf 87' lang='lat' dir='ltr'>formularum</span> <span class='ocrx_word' id='word_1_165' title='bbox 506 2696 743 2778; x_wconf 89' lang='lat' dir='ltr'>discrimine</span> <span class='ocrx_word' id='word_1_166' title='bbox 780 2706 947 2778; x_wconf 86' lang='lat' dir='ltr'>nostros</span> <span class='ocrx_word' id='word_1_167' title='bbox 986 2698 1182 2806; x_wconf 80' lang='lat' dir='ltr'>dicimus3</span> <span class='ocrx_word' id='word_1_168' title='bbox 1228 2727 1375 2779; x_wconf 85' lang='lat' dir='ltr'>verum</span> <span class='ocrx_word' id='word_1_169' title='bbox 1412 2696 1615 2809; x_wconf 89' lang='lat' dir='ltr'>peculiari</span> <span class='ocrx_word' id='word_1_170' title='bbox 1660 2696 1789 2777; x_wconf 90' lang='lat' dir='ltr'>etiam</span> <span class='ocrx_word' id='word_1_171' title='bbox 1824 2696 2007 2806; x_wconf 90' lang='lat' dir='ltr'>quodam</span> <span class='ocrx_word' id='word_1_172' title='bbox 2045 2725 2184 2799; x_wconf 88' lang='grc'>66666,</span> 
     </span>
     <span class='ocr_line' id='line_1_19' title="bbox 191 2832 2185 2945; baseline -0.002 -27"><span class='ocrx_word' id='word_1_173' title='bbox 191 2837 325 2919; x_wconf 85' lang='lat' dir='ltr'>civem</span> <span class='ocrx_word' id='word_1_174' title='bbox 362 2835 523 2918; x_wconf 89' lang='lat' dir='ltr'>scilicet</span> <span class='ocrx_word' id='word_1_175' title='bbox 560 2844 960 2943; x_wconf 88' lang='lat' dir='ltr'>argentoratensem.</span> <span class='ocrx_word' id='word_1_176' title='bbox 1024 2832 1170 2938; x_wconf 76' lang='lat' dir='ltr'>Quum</span> <span class='ocrx_word' id='word_1_177' title='bbox 1210 2835 1321 2917; x_wconf 88' lang='lat' dir='ltr'>enim</span> <span class='ocrx_word' id='word_1_178' title='bbox 1360 2866 1385 2917; x_wconf 90' lang='lat' dir='ltr'>a</span> <span class='ocrx_word' id='word_1_179' title='bbox 1422 2834 1712 2918; x_wconf 75' lang='lat' dir='ltr'>Genevatibus</span> <span class='ocrx_word' id='word_1_180' title='bbox 1752 2833 2014 2945; x_wconf 88' lang='lat' dir='ltr'>disciplinam</span> <span class='ocrx_word' id='word_1_181' title='bbox 2052 2833 2185 2915; x_wconf 89' lang='lat' dir='ltr'>eecle-</span> 
     </span>
     <span class='ocr_line' id='line_1_20' title="bbox 192 2971 2189 3082; baseline -0.002 -27"><span class='ocrx_word' id='word_1_182' title='bbox 192 2973 403 3055; x_wconf 86' lang='lat' dir='ltr'>siasticam</span> <span class='ocrx_word' id='word_1_183' title='bbox 434 2971 767 3053; x_wconf 87' lang='lat' dir='ltr'>detrectantibus</span> <span class='ocrx_word' id='word_1_184' title='bbox 798 2973 903 3053; x_wconf 94' lang='lat' dir='ltr'>urbe</span> <span class='ocrx_word' id='word_1_185' title='bbox 935 2973 1138 3082; x_wconf 86' lang='lat' dir='ltr'>expulsus</span> <span class='ocrx_word' id='word_1_186' title='bbox 1162 2974 1303 3077; x_wconf 85' lang='lat' dir='ltr'>fuerit,</span> <span class='ocrx_word' id='word_1_187' title='bbox 1336 2972 1538 3054; x_wconf 88' lang='lat' dir='ltr'>anostris</span> <span class='ocrx_word' id='word_1_188' title='bbox 1561 2971 1814 3077; x_wconf 84' lang='lat' dir='ltr'>doctoribus,</span> <span class='ocrx_word' id='word_1_189' title='bbox 1845 2971 1999 3082; x_wconf 90' lang='lat' dir='ltr'>quibus</span> <span class='ocrx_word' id='word_1_190' title='bbox 2027 2972 2189 3053; x_wconf 90' lang='lat' dir='ltr'>dudum</span> 
     </span>
     <span class='ocr_line' id='line_1_21' title="bbox 64 3108 2187 3220; baseline -0.001 -29"><span class='ocrx_word' id='word_1_191' title='bbox 64 3207 68 3220; x_wconf 34' lang='grc' dir='ltr'><strong><em>Ι</em></strong></span> <span class='ocrx_word' id='word_1_192' title='bbox 190 3111 445 3213; x_wconf 89' lang='lat' dir='ltr'>innotuerat,</span> <span class='ocrx_word' id='word_1_193' title='bbox 478 3108 725 3189; x_wconf 89' lang='lat' dir='ltr'>amicissime</span> <span class='ocrx_word' id='word_1_194' title='bbox 756 3108 977 3215; x_wconf 82' lang='lat' dir='ltr'>invitatus,</span> <span class='ocrx_word' id='word_1_195' title='bbox 1010 3138 1035 3190; x_wconf 91' lang='lat' dir='ltr'>a</span> <span class='ocrx_word' id='word_1_196' title='bbox 1065 3109 1320 3219; x_wconf 91' lang='lat' dir='ltr'>magistratu</span> <span class='ocrx_word' id='word_1_197' title='bbox 1350 3110 1576 3192; x_wconf 89' lang='lat' dir='ltr'>honorifice</span> <span class='ocrx_word' id='word_1_198' title='bbox 1608 3109 1651 3190; x_wconf 95' lang='lat' dir='ltr'>in</span> <span class='ocrx_word' id='word_1_199' title='bbox 1683 3108 1836 3191; x_wconf 84' lang='lat' dir='ltr'>civium</span> <span class='ocrx_word' id='word_1_200' title='bbox 1865 3137 2090 3190; x_wconf 91' lang='lat' dir='ltr'>numerum</span> <span class='ocrx_word' id='word_1_201' title='bbox 2119 3137 2187 3189; x_wconf 94' lang='lat' dir='ltr'>re-</span> 
     </span>
     <span class='ocr_line' id='line_1_22' title="bbox 191 3246 2189 3358; baseline -0.002 -29"><span class='ocrx_word' id='word_1_202' title='bbox 191 3257 359 3358; x_wconf 87' lang='lat' dir='ltr'>ceptus,</span> <span class='ocrx_word' id='word_1_203' title='bbox 398 3274 475 3358; x_wconf 92' lang='lat' dir='ltr'>per</span> <span class='ocrx_word' id='word_1_204' title='bbox 511 3254 650 3326; x_wconf 90' lang='lat' dir='ltr'>totum</span> <span class='ocrx_word' id='word_1_205' title='bbox 687 3247 818 3327; x_wconf 88' lang='lat' dir='ltr'>ferme</span> <span class='ocrx_word' id='word_1_206' title='bbox 860 3246 1089 3328; x_wconf 89' lang='lat' dir='ltr'>triennium</span> <span class='ocrx_word' id='word_1_207' title='bbox 1125 3247 1168 3328; x_wconf 94' lang='lat' dir='ltr'>in</span> <span class='ocrx_word' id='word_1_208' title='bbox 1200 3247 1343 3329; x_wconf 79' lang='lat' dir='ltr'>schola</span> <span class='ocrx_word' id='word_1_209' title='bbox 1372 3258 1517 3328; x_wconf 90' lang='lat' dir='ltr'>nostra</span> <span class='ocrx_word' id='word_1_210' title='bbox 1547 3246 1714 3358; x_wconf 89' lang='lat' dir='ltr'>publice</span> <span class='ocrx_word' id='word_1_211' title='bbox 1746 3246 1908 3352; x_wconf 87' lang='lat' dir='ltr'>docuit,</span> <span class='ocrx_word' id='word_1_212' title='bbox 1947 3247 2113 3356; x_wconf 79' lang='lat' dir='ltr'>collega</span> <span class='ocrx_word' id='word_1_213' title='bbox 2142 3256 2189 3327; x_wconf 90' lang='lat' dir='ltr'>et</span> 
     </span>
     <span class='ocr_line' id='line_1_23' title="bbox 191 3381 2186 3493; baseline -0.002 -26"><span class='ocrx_word' id='word_1_214' title='bbox 191 3385 349 3467; x_wconf 88' lang='lat' dir='ltr'>amicus</span> <span class='ocrx_word' id='word_1_215' title='bbox 380 3382 636 3492; x_wconf 78' lang='lat' dir='ltr'>Wolfgangi</span> <span class='ocrx_word' id='word_1_216' title='bbox 667 3382 901 3493; x_wconf 78' lang='lat' dir='ltr'>Capitonis,</span> <span class='ocrx_word' id='word_1_217' title='bbox 935 3385 1110 3465; x_wconf 86' lang='lat' dir='ltr'>Martini</span> <span class='ocrx_word' id='word_1_218' title='bbox 1140 3384 1314 3488; x_wconf 90' lang='lat' dir='ltr'>Buoeri,</span> <span class='ocrx_word' id='word_1_219' title='bbox 1344 3383 1514 3466; x_wconf 89' lang='lat' dir='ltr'>Ioannis</span> <span class='ocrx_word' id='word_1_220' title='bbox 1546 3381 1743 3487; x_wconf 83' lang='lat' dir='ltr'>Sturmii,</span> <span class='ocrx_word' id='word_1_221' title='bbox 1770 3382 2044 3492; x_wconf 87' lang='lat' dir='ltr'>aliorumque</span> <span class='ocrx_word' id='word_1_222' title='bbox 2075 3382 2186 3464; x_wconf 92' lang='lat' dir='ltr'>mul-</span> 
     </span>
     <span class='ocr_line' id='line_1_24' title="bbox 191 3519 2187 3632; baseline -0.001 -29"><span class='ocrx_word' id='word_1_223' title='bbox 191 3533 352 3627; x_wconf 87' lang='lat' dir='ltr'>torum,</span> <span class='ocrx_word' id='word_1_224' title='bbox 394 3531 444 3603; x_wconf 92' lang='grc'>61</span> <span class='ocrx_word' id='word_1_225' title='bbox 475 3520 625 3602; x_wconf 88' lang='grc'>6161116</span> <span class='ocrx_word' id='word_1_226' title='bbox 657 3519 709 3601; x_wconf 84' lang='grc'>(16</span> <span class='ocrx_word' id='word_1_227' title='bbox 741 3549 790 3600; x_wconf 90' lang='grc'>66</span> <span class='ocrx_word' id='word_1_228' title='bbox 821 3531 1025 3630; x_wconf 78' lang='lat' dir='ltr'>‚tanquam</span> <span class='ocrx_word' id='word_1_229' title='bbox 1056 3521 1108 3602; x_wconf 92' lang='lat' dir='ltr'>de</span> <span class='ocrx_word' id='word_1_230' title='bbox 1139 3521 1350 3632; x_wconf 78' lang='lat' dir='ltr'>gymnasii</span> <span class='ocrx_word' id='word_1_231' title='bbox 1387 3521 1522 3602; x_wconf 89' lang='lat' dir='ltr'>nostri</span> <span class='ocrx_word' id='word_1_232' title='bbox 1553 3519 1783 3629; x_wconf 78' lang='lat' dir='ltr'>theologici</span> <span class='ocrx_word' id='word_1_233' title='bbox 1814 3533 2059 3603; x_wconf 89' lang='lat' dir='ltr'>ornamento</span> <span class='ocrx_word' id='word_1_234' title='bbox 2090 3520 2187 3630; x_wconf 89' lang='lat' dir='ltr'>glo-</span> 
     </span>
     <span class='ocr_line' id='line_1_25' title="bbox 191 3657 2188 3769; baseline -0.001 -29"><span class='ocrx_word' id='word_1_235' title='bbox 191 3660 358 3741; x_wconf 92' lang='lat' dir='ltr'>riemur.</span> <span class='ocrx_word' id='word_1_236' title='bbox 405 3659 499 3741; x_wconf 88' lang='lat' dir='ltr'>Hac</span> <span class='ocrx_word' id='word_1_237' title='bbox 530 3657 747 3740; x_wconf 83' lang='lat' dir='ltr'>nostruin</span> <span class='ocrx_word' id='word_1_238' title='bbox 778 3658 883 3739; x_wconf 90' lang='lat' dir='ltr'>urbe</span> <span class='ocrx_word' id='word_1_239' title='bbox 917 3658 1143 3740; x_wconf 88' lang='lat' dir='ltr'>secundam</span> <span class='ocrx_word' id='word_1_240' title='bbox 1174 3657 1420 3769; x_wconf 89' lang='lat' dir='ltr'>conscripsit</span> <span class='ocrx_word' id='word_1_241' title='bbox 1450 3671 1495 3739; x_wconf 95' lang='lat' dir='ltr'>et</span> <span class='ocrx_word' id='word_1_242' title='bbox 1525 3657 1639 3767; x_wconf 85' lang='lat' dir='ltr'>typis</span> <span class='ocrx_word' id='word_1_243' title='bbox 1663 3658 1879 3739; x_wconf 81' lang='lat' dir='ltr'>mandavit</span> <span class='ocrx_word' id='word_1_244' title='bbox 1902 3657 2188 3739; x_wconf 90' lang='lat' dir='ltr'>Institutionis</span> 
     </span>
     <span class='ocr_line' id='line_1_26' title="bbox 193 3794 2188 3907; baseline -0.001 -29"><span class='ocrx_word' id='word_1_245' title='bbox 193 3826 292 3879; x_wconf 87' lang='lat' dir='ltr'>suae</span> <span class='ocrx_word' id='word_1_246' title='bbox 325 3796 551 3878; x_wconf 90' lang='lat' dir='ltr'>editionem</span> <span class='ocrx_word' id='word_1_247' title='bbox 582 3826 635 3878; x_wconf 86' lang='lat' dir='ltr'>ex</span> <span class='ocrx_word' id='word_1_248' title='bbox 666 3795 834 3905; x_wconf 88' lang='lat' dir='ltr'>integro</span> <span class='ocrx_word' id='word_1_249' title='bbox 865 3807 1150 3902; x_wconf 87' lang='lat' dir='ltr'>retractatam,</span> <span class='ocrx_word' id='word_1_250' title='bbox 1183 3797 1281 3907; x_wconf 88' lang='lat' dir='ltr'>plus</span> <span class='ocrx_word' id='word_1_251' title='bbox 1313 3795 1443 3906; x_wconf 92' lang='lat' dir='ltr'>duplo</span> <span class='ocrx_word' id='word_1_252' title='bbox 1475 3804 1643 3876; x_wconf 90' lang='lat' dir='ltr'>auctam</span> <span class='ocrx_word' id='word_1_253' title='bbox 1673 3806 1718 3876; x_wconf 92' lang='lat' dir='ltr'>et</span> <span class='ocrx_word' id='word_1_254' title='bbox 1747 3806 1849 3878; x_wconf 91' lang='lat' dir='ltr'>tunc</span> <span class='ocrx_word' id='word_1_255' title='bbox 1881 3794 2063 3900; x_wconf 91' lang='lat' dir='ltr'>demum,</span> <span class='ocrx_word' id='word_1_256' title='bbox 2095 3796 2188 3906; x_wconf 87' lang='lat' dir='ltr'>ipso</span> 
     </span>
     <span class='ocr_line' id='line_1_27' title="bbox 191 3924 2187 4042; baseline -0.001 -28"><span class='ocrx_word' id='word_1_257' title='bbox 191 3944 395 4037; x_wconf 89' lang='lat' dir='ltr'>testante,</span> <span class='ocrx_word' id='word_1_258' title='bbox 434 3931 561 4013; x_wconf 90' lang='lat' dir='ltr'>titulo</span> <span class='ocrx_word' id='word_1_259' title='bbox 602 3962 677 4014; x_wconf 91' lang='lat' dir='ltr'>suo</span> <span class='ocrx_word' id='word_1_260' title='bbox 717 3934 1053 4042; x_wconf 85' lang='lat' dir='ltr'>respondentem</span> <span class='ocrx_word' id='word_1_261' title='bbox 1122 3935 1216 4018; x_wconf 87' lang='lat' dir='ltr'>Hac</span> <span class='ocrx_word' id='word_1_262' title='bbox 1257 3946 1402 4016; x_wconf 89' lang='lat' dir='ltr'>nostra</span> <span class='ocrx_word' id='word_1_263' title='bbox 1437 3934 1481 4014; x_wconf 92' lang='lat' dir='ltr'>in</span> <span class='ocrx_word' id='word_1_264' title='bbox 1512 3933 1617 4014; x_wconf 92' lang='lat' dir='ltr'>urbe</span> <span class='ocrx_word' id='word_1_265' title='bbox 1656 3931 1700 4013; x_wconf 91' lang='lat' dir='ltr'>in</span> <span class='ocrx_word' id='word_1_266' title='bbox 1735 3931 1874 4015; x_wconf 90' lang='lat' dir='ltr'>lucem</span> <span class='ocrx_word' id='word_1_267' title='bbox 1905 3931 2045 4014; x_wconf 90' lang='lat' dir='ltr'>emisit</span> <span class='ocrx_word' id='word_1_268' title='bbox 2075 3924 2187 4014; x_wconf 89' lang='lat' dir='ltr'>com-</span> 
     </span>
     <span class='ocr_line' id='line_1_28' title="bbox 192 4069 2187 4180; baseline -0.001 -29"><span class='ocrx_word' id='word_1_269' title='bbox 192 4069 446 4151; x_wconf 91' lang='lat' dir='ltr'>mentarium</span> <span class='ocrx_word' id='word_1_270' title='bbox 483 4098 607 4149; x_wconf 90' lang='lat' dir='ltr'>suum</span> <span class='ocrx_word' id='word_1_271' title='bbox 645 4069 687 4148; x_wconf 92' lang='lat' dir='ltr'>in</span> <span class='ocrx_word' id='word_1_272' title='bbox 719 4069 941 4178; x_wconf 90' lang='lat' dir='ltr'>epistolam</span> <span class='ocrx_word' id='word_1_273' title='bbox 973 4072 1026 4152; x_wconf 89' lang='lat' dir='ltr'>ad</span> <span class='ocrx_word' id='word_1_274' title='bbox 1064 4073 1296 4176; x_wconf 90' lang='lat' dir='ltr'>Romanos,</span> <span class='ocrx_word' id='word_1_275' title='bbox 1336 4071 1498 4153; x_wconf 89' lang='lat' dir='ltr'>nobiles</span> <span class='ocrx_word' id='word_1_276' title='bbox 1529 4070 1846 4180; x_wconf 83' lang='lat' dir='ltr'>exegeticorum</span> <span class='ocrx_word' id='word_1_277' title='bbox 1875 4070 2069 4152; x_wconf 88' lang='lat' dir='ltr'>laborum</span> <span class='ocrx_word' id='word_1_278' title='bbox 2100 4069 2187 4180; x_wconf 94' lang='lat' dir='ltr'>pri-</span> 
     </span>
     <span class='ocr_line' id='line_1_29' title="bbox 192 4204 2187 4320; baseline -0.001 -31"><span class='ocrx_word' id='word_1_279' title='bbox 192 4207 347 4310; x_wconf 90' lang='lat' dir='ltr'>mitias,</span> <span class='ocrx_word' id='word_1_280' title='bbox 379 4234 403 4285; x_wconf 90' lang='lat' dir='ltr'>a</span> <span class='ocrx_word' id='word_1_281' title='bbox 435 4235 517 4313; x_wconf 87' lang='lat' dir='ltr'>quo</span> <span class='ocrx_word' id='word_1_282' title='bbox 545 4233 696 4315; x_wconf 89' lang='lat' dir='ltr'>nempe</span> <span class='ocrx_word' id='word_1_283' title='bbox 727 4204 901 4314; x_wconf 91' lang='lat' dir='ltr'>longam</span> <span class='ocrx_word' id='word_1_284' title='bbox 931 4207 1048 4288; x_wconf 91' lang='lat' dir='ltr'>illam</span> <span class='ocrx_word' id='word_1_285' title='bbox 1072 4209 1223 4290; x_wconf 90' lang='lat' dir='ltr'>seriem</span> <span class='ocrx_word' id='word_1_286' title='bbox 1254 4210 1508 4319; x_wconf 85' lang='lat' dir='ltr'>scriptorum</span> <span class='ocrx_word' id='word_1_287' title='bbox 1530 4208 1771 4320; x_wconf 89' lang='lat' dir='ltr'>auspicatus</span> <span class='ocrx_word' id='word_1_288' title='bbox 1794 4218 1861 4290; x_wconf 89' lang='lat' dir='ltr'>est</span> <span class='ocrx_word' id='word_1_289' title='bbox 1882 4207 2035 4317; x_wconf 91' lang='lat' dir='ltr'>quibus</span> <span class='ocrx_word' id='word_1_290' title='bbox 2063 4207 2187 4288; x_wconf 90' lang='lat' dir='ltr'>editis</span> 
     </span>
     <span class='ocr_line' id='line_1_30' title="bbox 193 4341 2189 4457; baseline 0 -30"><span class='ocrx_word' id='word_1_291' title='bbox 193 4344 380 4427; x_wconf 90' lang='lat' dir='ltr'>omnium</span> <span class='ocrx_word' id='word_1_292' title='bbox 418 4342 483 4422; x_wconf 89' lang='lat' dir='ltr'>sui</span> <span class='ocrx_word' id='word_1_293' title='bbox 522 4341 678 4424; x_wconf 89' lang='lat' dir='ltr'>saeculi</span> <span class='ocrx_word' id='word_1_294' title='bbox 716 4342 996 4452; x_wconf 90' lang='lat' dir='ltr'>interpretum</span> <span class='ocrx_word' id='word_1_295' title='bbox 1034 4345 1227 4457; x_wconf 89' lang='lat' dir='ltr'>princeps</span> <span class='ocrx_word' id='word_1_296' title='bbox 1259 4348 1403 4430; x_wconf 88' lang='lat' dir='ltr'>evasit.</span> <span class='ocrx_word' id='word_1_297' title='bbox 1472 4347 1567 4429; x_wconf 89' lang='lat' dir='ltr'>Hac</span> <span class='ocrx_word' id='word_1_298' title='bbox 1604 4346 1784 4453; x_wconf 89' lang='lat' dir='ltr'>denique</span> <span class='ocrx_word' id='word_1_299' title='bbox 1822 4345 1866 4426; x_wconf 91' lang='lat' dir='ltr'>in</span> <span class='ocrx_word' id='word_1_300' title='bbox 1896 4346 2001 4427; x_wconf 93' lang='lat' dir='ltr'>urbe</span> <span class='ocrx_word' id='word_1_301' title='bbox 2043 4356 2189 4427; x_wconf 89' lang='lat' dir='ltr'>nostra</span> 
     </span>
     <span class='ocr_line' id='line_1_31' title="bbox 191 4479 2188 4596; baseline 0.001 -33"><span class='ocrx_word' id='word_1_302' title='bbox 191 4483 472 4592; x_wconf 86' lang='lat' dir='ltr'>profugorum</span> <span class='ocrx_word' id='word_1_303' title='bbox 504 4479 729 4561; x_wconf 79' lang='lat' dir='ltr'>Gallorum</span> <span class='ocrx_word' id='word_1_304' title='bbox 759 4480 1021 4563; x_wconf 88' lang='lat' dir='ltr'>ecclesiolam</span> <span class='ocrx_word' id='word_1_305' title='bbox 1053 4485 1290 4590; x_wconf 89' lang='lat' dir='ltr'>constituit,</span> <span class='ocrx_word' id='word_1_306' title='bbox 1334 4485 1579 4596; x_wconf 89' lang='lat' dir='ltr'>primusque</span> <span class='ocrx_word' id='word_1_307' title='bbox 1611 4483 1700 4565; x_wconf 93' lang='lat' dir='ltr'>eius</span> <span class='ocrx_word' id='word_1_308' title='bbox 1731 4491 1876 4596; x_wconf 80' lang='lat' dir='ltr'>pastor</span> <span class='ocrx_word' id='word_1_309' title='bbox 1913 4481 2014 4588; x_wconf 77' lang='grc'>1611,</span> <span class='ocrx_word' id='word_1_310' title='bbox 2052 4511 2188 4593; x_wconf 90' lang='lat' dir='ltr'>usque</span> 
     </span>
     <span class='ocr_line' id='line_1_32' title="bbox 193 4607 2204 4733; baseline 0 -33"><span class='ocrx_word' id='word_1_311' title='bbox 193 4621 296 4700; x_wconf 89' lang='lat' dir='ltr'>adeo</span> <span class='ocrx_word' id='word_1_312' title='bbox 327 4628 569 4699; x_wconf 88' lang='lat' dir='ltr'>nostrorum</span> <span class='ocrx_word' id='word_1_313' title='bbox 600 4646 775 4698; x_wconf 91' lang='lat' dir='ltr'>numero</span> <span class='ocrx_word' id='word_1_314' title='bbox 805 4617 975 4700; x_wconf 89' lang='lat' dir='ltr'>habitus</span> <span class='ocrx_word' id='word_1_315' title='bbox 1004 4632 1049 4700; x_wconf 91' lang='lat' dir='ltr'>et</span> <span class='ocrx_word' id='word_1_316' title='bbox 1079 4651 1104 4702; x_wconf 92' lang='grc'>6</span> <span class='ocrx_word' id='word_1_317' title='bbox 1132 4623 1341 4733; x_wconf 90' lang='lat' dir='ltr'>primariis</span> <span class='ocrx_word' id='word_1_318' title='bbox 1372 4607 1434 4704; x_wconf 89' lang='lat' dir='ltr'>rei</span> <span class='ocrx_word' id='word_1_319' title='bbox 1464 4622 1656 4733; x_wconf 91' lang='lat' dir='ltr'>publicae</span> <span class='ocrx_word' id='word_1_320' title='bbox 1688 4619 1795 4700; x_wconf 82' lang='lat' dir='ltr'>viris&#39;</span> <span class='ocrx_word' id='word_1_321' title='bbox 1819 4619 1928 4700; x_wconf 89' lang='lat' dir='ltr'>tanti</span> <span class='ocrx_word' id='word_1_322' title='bbox 1957 4620 2108 4726; x_wconf 85' lang='lat' dir='ltr'>factus,</span> <span class='ocrx_word' id='word_1_323' title='bbox 2140 4632 2204 4701; x_wconf 72' lang='lat' dir='ltr'>ut·</span> 
     </span>
     <span class='ocr_line' id='line_1_33' title="bbox 192 4752 2240 4866; baseline 0.001 -30"><span class='ocrx_word' id='word_1_324' title='bbox 192 4785 276 4836; x_wconf 90' lang='grc'>666</span> <span class='ocrx_word' id='word_1_325' title='bbox 302 4785 398 4836; x_wconf 91' lang='grc'>6616</span> <span class='ocrx_word' id='word_1_326' title='bbox 427 4754 580 4836; x_wconf 89' lang='lat' dir='ltr'>Iacobo</span> <span class='ocrx_word' id='word_1_327' title='bbox 606 4752 795 4836; x_wconf 85' lang='lat' dir='ltr'>Sturmio</span> <span class='ocrx_word' id='word_1_328' title='bbox 827 4755 1036 4839; x_wconf 89' lang='lat' dir='ltr'>consulari</span> <span class='ocrx_word' id='word_1_329' title='bbox 1068 4759 1340 4843; x_wconf 90' lang='lat' dir='ltr'>celeberrimo</span> <span class='ocrx_word' id='word_1_330' title='bbox 1372 4772 1417 4842; x_wconf 93' lang='lat' dir='ltr'>et</span> <span class='ocrx_word' id='word_1_331' title='bbox 1447 4790 1543 4843; x_wconf 89' lang='lat' dir='ltr'>oum</span> <span class='ocrx_word' id='word_1_332' title='bbox 1568 4757 1733 4839; x_wconf 91' lang='lat' dir='ltr'>Bueero</span> <span class='ocrx_word' id='word_1_333' title='bbox 1755 4755 2191 4866; x_wconf 87' lang='lat' dir='ltr'>Argentoratensium</span> <span class='ocrx_word' id='word_1_334' title='bbox 2239 4861 2240 4864; x_wconf 4' lang='grc' dir='ltr'><strong><em>Ν</em></strong></span> 
     </span>
     <span class='ocr_line' id='line_1_34' title="bbox 193 4890 2303 5009; baseline 0.001 -35"><span class='ocrx_word' id='word_1_335' title='bbox 193 4902 333 4974; x_wconf 87' lang='grc'>616161</span> <span class='ocrx_word' id='word_1_336' title='bbox 372 4893 426 4974; x_wconf 92' lang='lat' dir='ltr'>ad</span> <span class='ocrx_word' id='word_1_337' title='bbox 456 4890 624 4974; x_wconf 91' lang='lat' dir='ltr'>comitia</span> <span class='ocrx_word' id='word_1_338' title='bbox 660 4891 825 5001; x_wconf 88' lang='lat' dir='ltr'>imperii</span> <span class='ocrx_word' id='word_1_339' title='bbox 862 4891 1154 5006; x_wconf 88' lang='lat' dir='ltr'>colloquiaque</span> <span class='ocrx_word' id='word_1_340' title='bbox 1193 4898 1435 5009; x_wconf 87' lang='lat' dir='ltr'>theologica</span> <span class='ocrx_word' id='word_1_341' title='bbox 1468 4925 1565 4978; x_wconf 92' lang='lat' dir='ltr'>cum</span> <span class='ocrx_word' id='word_1_342' title='bbox 1593 4893 1816 5005; x_wconf 87' lang='lat' dir='ltr'>pontificiis</span> <span class='ocrx_word' id='word_1_343' title='bbox 1847 4895 2042 4976; x_wconf 89' lang='lat' dir='ltr'>habenda</span> <span class='ocrx_word' id='word_1_344' title='bbox 2072 4894 2190 4976; x_wconf 90' lang='lat' dir='ltr'>dele-</span> <span class='ocrx_word' id='word_1_345' title='bbox 2298 4967 2303 4976; x_wconf 76' lang='grc'><strong><em>,</em></strong></span> 
     </span>
     <span class='ocr_line' id='line_1_35' title="bbox 191 5027 2189 5142; baseline 0.002 -32"><span class='ocrx_word' id='word_1_346' title='bbox 191 5038 386 5140; x_wconf 90' lang='lat' dir='ltr'>garetur,</span> <span class='ocrx_word' id='word_1_347' title='bbox 429 5039 474 5110; x_wconf 93' lang='lat' dir='ltr'>et</span> <span class='ocrx_word' id='word_1_348' title='bbox 505 5027 794 5111; x_wconf 74' lang='lat' dir='ltr'>Generatibus</span> <span class='ocrx_word' id='word_1_349' title='bbox 830 5029 986 5112; x_wconf 90' lang='lat' dir='ltr'>iterum</span> <span class='ocrx_word' id='word_1_350' title='bbox 1023 5042 1151 5142; x_wconf 88' lang='lat' dir='ltr'>atque</span> <span class='ocrx_word' id='word_1_351' title='bbox 1188 5036 1345 5118; x_wconf 92' lang='lat' dir='ltr'>iterum</span> <span class='ocrx_word' id='word_1_352' title='bbox 1379 5032 1672 5117; x_wconf 82' lang='lat' dir='ltr'>revocantibus</span> <span class='ocrx_word' id='word_1_353' title='bbox 1703 5031 1952 5140; x_wconf 84' lang='lat' dir='ltr'>veniamque</span> <span class='ocrx_word' id='word_1_354' title='bbox 1982 5032 2189 5142; x_wconf 89' lang='lat' dir='ltr'>praeteri-</span> 
     </span>
     <span class='ocr_line' id='line_1_36' title="bbox 192 5164 2190 5283; baseline 0 -33"><span class='ocrx_word' id='word_1_355' title='bbox 192 5183 334 5250; x_wconf 89' lang='lat' dir='ltr'>torum</span> <span class='ocrx_word' id='word_1_356' title='bbox 354 5164 689 5275; x_wconf 86' lang='lat' dir='ltr'>deprecantibus,</span> <span class='ocrx_word' id='word_1_357' title='bbox 716 5165 1072 5250; x_wconf 90' lang='lat' dir='ltr'>intercedentibus</span> <span class='ocrx_word' id='word_1_358' title='bbox 1098 5184 1318 5283; x_wconf 86' lang='lat' dir='ltr'>praeterea</span> <span class='ocrx_word' id='word_1_359' title='bbox 1337 5172 1606 5274; x_wconf 87' lang='grc' dir='ltr'>Β6166111166,</span> <span class='ocrx_word' id='word_1_360' title='bbox 1633 5169 1946 5282; x_wconf 84' lang='grc' dir='ltr'>Τ611666611166,</span> <span class='ocrx_word' id='word_1_361' title='bbox 1970 5165 2190 5250; x_wconf 89' lang='lat' dir='ltr'>Basileen-</span> 
     </span>
    </p>
   </div>
   <div class='ocr_carea' id='block_1_3' title="bbox 0 0 2396 6020">
    <p class='ocr_par' dir='ltr' id='par_1_3' title="bbox 0 0 2396 6020">
     <span class='ocr_line' id='line_1_37' title="bbox 0 0 2396 6020; baseline 0 0"><span class='ocrx_word' id='word_1_362' title='bbox 0 0 2396 6020; x_wconf 95' lang='lat' dir='ltr'> </span> 
     </span>
    </p>
   </div>
  </div>
 </body>
</html>
