4770 6030
176 358 232 419 rcr
759 349 858 416 cnr.
882 350 924 415 v.
967 351 1031 415 na
1053 302 1221 416 erasis
1244 349 1582 418 0100οΜ0Νο10.
2118 356 2178 420 rea

173 544 282 619 10001,
305 541 363 607 001
372 548 505 624 0000010
514 541 655 623 peccatis
673 539 889 619 accumulant,
913 540 1145 616 donecomnia,
1198 540 1339 620 peccatis
1365 540 1559 605 mandatum
1590 547 1626 605 01
1652 541 1709 606 illa
1740 541 1936 626 deligando
1961 549 1995 607 et
2021 542 2178 608 solvendo

172 638 210 695 01
229 630 421 712 opinantur,
449 626 547 692 simul
568 634 730 691 evomant
775 626 841 693 Ubi
863 632 973 691 autem
995 646 1147 690 0001000-
1198 626 1298 689 Petro
1313 626 1399 690 facta
1414 627 1593 708 promissio,
1616 648 1685 692 non
1702 627 1766 692 alio
1787 640 1866 692 sunt
1875 628 2055 706 referenda,
2078 649 2178 711 quam

172 727 265 794 runt,
294 715 423 780 sarcina
449 735 509 778 sua
536 713 705 777 exonerati
732 713 793 778 sibi
815 713 969 777 ridentur
990 709 1147 776 iudicium
1199 710 1240 774 ad
1261 710 1353 776 verbi
1374 711 1593 778 ministerium
1599 735 1607 793 ;
1629 713 1716 796 quod
1733 713 1812 778 dum
1830 714 1982 796 000010110
2000 716 2067 780 0010
2089 734 2178 779 ccm-

172 825 193 868 a
212 802 286 865 Deo
306 799 528 878 transtulisse,
557 797 643 881 quod
666 798 824 863 sacerdoti
846 798 1047 875 detulerunt3
1074 797 1147 861 Dec
1198 797 1348 861 mittebat
1367 798 1541 878 Dominus,
1564 799 1662 864 simul
1684 805 1717 863 et
1734 800 1796 865 hcc
1812 799 1938 883 ligandi
1962 797 2002 886 [p.
2016 798 2092 886 330]
2112 799 2178 865 sol-

172 887 368 953 cblivionem
389 884 566 964 induxisse,
588 884 646 949 ubi
663 885 828 950 conscium
845 883 1045 950 sacerdotem
1063 883 1147 948 fece-
1198 881 1361 964 000110οθ
1388 904 1526 948 munere
1546 886 1633 967 ipsos
1657 886 1849 951 instruebat
1895 883 1989 966 Quae
2015 887 2105 971 00110
2126 894 2178 951 est

172 979 259 1037 runt.
1199 989 1328 1032 summa
1355 969 1531 1053 evangelii,
1561 971 1626 1035 nisi
1647 971 1734 1053 quod
1755 992 1868 1037 omnes
1890 972 1977 1036 servi
1998 972 2123 1053 peccati
2144 979 2178 1036 et

258 1060 362 1123 Porro
383 1058 456 1140 quis
477 1056 687 1121 confessionis
713 1055 800 1119 diem
823 1055 929 1119 laetus
955 1055 1079 1119 instare
1098 1055 1147 1118 vi-
1197 1055 1313 1118 mcrtis
1345 1055 1503 1120 solvimur
1545 1077 1582 1122 ac
1614 1057 1793 1122 liberamur
1833 1078 1893 1139 per
1918 1057 2177 1139 redemptionem

173 1144 247 1210 det?
292 1142 375 1224 Quis
397 1143 439 1207 ad
461 1140 682 1208 confitendum
704 1141 804 1206 alacri
826 1142 935 1205 animo
956 1141 1080 1224 pergit,
1110 1161 1148 1205 ac
1199 1160 1282 1221 quae
1303 1141 1409 1205 estin
1430 1139 1563 1207 Christo
1590 1142 1688 1207 Iesu?
1717 1143 1773 1225 qui
1795 1142 2069 1209 veroOhristum
2097 1143 2178 1208 libe-

173 1252 240 1295 ncn
260 1231 377 1314 001100,
399 1228 492 1310 quasi
508 1228 633 1292 obtcrtc
651 1227 732 1292 collo
753 1228 788 1289 in
806 1247 970 1292 carcerem
986 1226 1147 1304 trahatur,
1199 1232 1341 1291 ratcrem
1370 1247 1408 1293 aa
1435 1226 1675 1309 redemptorem
1701 1250 1769 1293 non
1798 1234 1982 1313 agnoscunt
2006 1250 2044 1294 ac
2076 1229 2179 1294 susci·

172 1319 296 1382 invitus
318 1336 355 1380 ac
378 1314 551 1379 reluctanti
572 1312 687 1377 similis
704 1314 804 1390 venit,
827 1313 891 1378 uisi
912 1312 994 1376 forte
1016 1312 1078 1394 ipsi
1096 1332 1147 1376 00
1200 1312 1309 1393 01001,
1343 1333 1397 1377 000
1430 1314 1570 1379 aeternis
1603 1314 1744 1379 vinculis
1769 1313 1940 1380 damnatos
1968 1313 2179 1396 addictosque
2270 1334 2274 1343 ¹

172 1402 317 1479 crificuli,
342 1397 384 1486 [p.
397 1397 472 1498 328]
491 1399 547 1480 qui
568 1399 691 1463 mutuis
712 1400 893 1464 facinorum
915 1418 1050 1462 sucrum
1071 1419 1148 1462 nar-
1199 1396 1292 1462 csse?
1328 1398 1426 1464 Hanc
1442 1398 1640 1482 legationem
1657 1421 1733 1465 cum
1757 1400 1909 1483 apostolis
1926 1401 1994 1466 0010
2011 1402 2048 1464 10
2065 1419 2180 1465 omues

173 1488 361 1562 rationibus,
374 1506 468 1568 quaer
485 1485 599 1550 iocosis
615 1484 743 1562 fabulis,
766 1506 802 1549 se
819 1483 955 1548 delicate
973 1482 1146 1549 oblectant.
1199 1483 1347 1549 nationes
1364 1484 1590 1567 perferendam
1600 1485 1746 1550 traderet
1754 1487 1926 1566 Dominus,
1944 1493 1982 1550 ut
1992 1507 2086 1551 suam
2096 1506 2179 1564 esse,

172 1574 259 1639 Non
275 1572 397 1637 multas
423 1570 554 1636 chartas
581 1571 725 1634 inficiam
750 1569 929 1634 referendis
955 1568 1148 1652 prodigiosis
1199 1576 1237 1632 ut
1264 1589 1284 1633 a
1309 1591 1345 1635 se
1366 1571 1558 1653 profectam,
1591 1579 1629 1636 01
1653 1592 1674 1636 0
1699 1593 1734 1636 00
1755 1571 1944 1637 mandatam
1973 1573 2178 1654 approbaret,

174 1657 481 1735 abominationibus,
504 1656 621 1738 quibus
642 1661 745 1720 scatet
766 1655 958 1720 auricularis
979 1655 1145 1721 confessio.
1200 1654 1262 1720 hcc
1288 1656 1456 1738 praeclaro
1481 1657 1666 1722 testimonio
1693 1678 1766 1721 eam
1793 1658 1979 1736 honoravit,
2013 1656 2110 1740 idque
2142 1658 2179 1723 in

174 1747 318 1810 Tantum
341 1743 424 1809 dieo:
444 1744 471 1807 si
489 1763 557 1806 non
568 1741 751 1816 inconsulte
768 1741 845 1806 fecit
860 1750 993 1806 sanctus
1009 1741 1065 1805 ille
1087 1742 1147 1821 vir,
1201 1741 1401 1824 singularem
1417 1742 1677 1821 consolationem,
1700 1750 1772 1807 tum
1788 1743 2005 1825 apostolorum
2021 1744 2176 1825 ipsorum,

173 1832 228 1914 qui
249 1831 290 1896 cb
307 1851 412 1894 unum
430 1827 633 1894 scortationis
651 1847 825 1906 rumorem,
848 1827 1084 1892 confessionem
1107 1849 1149 1892 ex
1200 1833 1271 1891 tum
1293 1827 1478 1892 auditonrm
1495 1830 1603 1908 etiam,
1627 1828 1669 1894 ad
1690 1850 1771 1912 quos
1786 1835 1984 1910 perventura
2001 1829 2179 1894 essethaec

71 1986 77 1995 ,
172 1917 308 1983 ecclesia
327 1935 400 1994 sua,
430 1913 482 1980 vel
504 1914 611 1996 potius
633 1933 651 1976 e
673 1934 807 1977 suorum
828 1913 986 1977 memoria
1007 1912 1147 1992 sustulit,
1199 1912 1327 1995 legatio.

173 2003 322 2067 infinitus
343 2000 440 2065 hodic
462 1999 592 2081 stupris,
616 1997 796 2077 adulteriis,
819 1998 1006 2077 incestibus,
1028 1998 1148 2064 lenoci-
1285 1998 1462 2063 Referebat
1493 2008 1531 2063 01
1564 1999 1699 2083 apostoli
1732 2007 1936 2066 constantem
1969 2021 2008 2066 ac
2040 1999 2184 2065 solidam·

173 2089 246 2167 niis,
291 2086 348 2151 uid
369 2087 458 2152 factu
479 2106 561 2168 opus
583 2085 634 2163 sit,
658 2083 880 2149 admonemur.
1201 2105 1279 2148 0000
1300 2084 1548 2167 praedicationis
1559 2085 1789 2151 certitudinem
1806 2087 1974 2166 baberent,
1997 2107 2097 2168 quam
2110 2106 2178 2149 non

258 2108 356 2238 lianc
382 2171 563 2238 ridendum
597 2170 637 2234 de
667 2176 826 2252 potestate
853 2170 995 2236 clavium
1020 2171 1056 2234 in
1084 2191 1150 2252 000
1200 2169 1296 2234 modo
1317 2171 1455 2235 infinitis
1481 2169 1661 2251 laboribus,
1689 2173 1789 2251 curis,
1818 2172 1990 2249 molestiis,
2015 2170 2177 2255 periculis,

173 2280 313 2342 proram,
335 2268 374 2323 01
395 2259 496 2336 01001,
517 2265 551 2321 01
567 2257 703 2339 puppim
719 2255 961 2320 confessionarii
983 2257 1034 2320 sui
1055 2256 1150 2340 regni
1201 2255 1320 2320 obituri
1341 2263 1445 2336 erant,
1467 2254 1526 2321 sed
1547 2277 1605 2321 suo
1628 2256 1760 2322 demum
1782 2259 1942 2341 sanguine
1964 2258 2176 2341 obsignaturi.

174 2346 290 2411 locant
334 2345 424 2428 Ergo
446 2345 652 2419 sinecausa,
676 2341 843 2423 10001001,
868 2341 963 2407 datae
984 2347 1063 2406 sunt
1084 2341 1150 2407 cla·
1199 2342 1326 2424 100000,
1355 2343 1502 2424 inquam,
1530 2363 1596 2406 uon
1617 2363 1738 2407 vanam
1765 2365 1836 2409 esse
1857 2365 1919 2409 nec
1945 2344 2094 2420 inanem,
2122 2342 2180 2408 aed

176 2429 256 2496 ves?
299 2430 389 2513 Ergo
411 2431 482 2495 sine
504 2449 604 2494 00000
621 2427 744 2492 11010ιο
765 2435 827 2491 est:
852 2447 1064 2510 quaecunque
1085 2427 1149 2492 sol·
1202 2428 1367 2509 potentiae
1387 2448 1424 2493 ac
1445 2428 1578 2494 virtutis
1597 2426 1737 2510 plenam.
1772 2429 1949 2493 Referebat
1970 2431 2064 2494 utin
2085 2435 2180 2494 tanta

175 2517 287 2581 veritis
319 2537 417 2598 super
451 2521 586 2591 terram,
626 2521 725 2577 erunt
754 2512 860 2576 soluta
892 2519 926 2577 ct
957 2514 993 2576 iu
1028 2512 1147 2578 0001101
1202 2509 1367 2578 anxietate
1388 2519 1423 2577 et
1442 2534 1555 2577 rerum
1575 2513 1775 2592 difficultate,
1798 2516 1961 2597 tantisque
1984 2514 2181 2580 discrimini·

174 2604 387 2667 Frustramus
409 2623 487 2684 ergo
509 2600 647 2664 verbum
668 2596 814 2663 Christi?
842 2598 1050 2681 Respondeo:
1075 2620 1149 2681 gra
1201 2599 1271 2677 bus,
1293 2600 1358 2663 Dei
1380 2621 1415 2665 se
1431 2600 1598 2684 negotium
1620 2620 1717 2683 agere
1737 2601 1885 2682 persuasi
1906 2608 2030 2679 essent,
2053 2611 2092 2665 ut
2112 2608 2181 2666 tete

173 2710 249 2754 vem
259 2688 358 2752 fuisse
380 2708 521 2765 causam,
544 2707 603 2750 cur
613 2684 772 2749 darentur
792 2678 908 2750 clave's.
942 2685 1018 2749 Duo
1040 2691 1151 2749 antem
1201 2684 1324 2748 mundo
1342 2685 1536 2751 adversante
1554 2692 1587 2751 01
1603 2694 1815 2769 repugnante,
1838 2686 1949 2750 Deum
1966 2702 2025 2768 pro
2047 2708 2082 2751 00
2094 2694 2182 2751 stare

174 2781 251 2840 sunt
266 2773 337 2852 loci,
350 2773 466 2856 quibus
481 2776 620 2837 testatur
630 2771 803 2848 Dominus,
814 2770 954 2854 ligatum
964 2775 997 2834 et
1007 2769 1150 2835 solutum
1202 2778 1435 2854 cognoscerent
1441 2794 1450 2850 ;
1472 2779 1509 2836 ut
1526 2770 1696 2836 Obristum
1716 2770 1882 2837 doctrinae
1903 2793 1981 2836 suae
2003 2778 2179 2850 auctorem,

174 2861 215 2924 iri
232 2860 268 2923 in
285 2859 382 2938 coelo,
405 2857 491 2941 quod
508 2858 558 2923 sui
576 2859 612 2920 10
629 2864 718 2921 terra
733 2855 911 2940 ligaverint
927 2863 961 2920 01
982 2855 1148 2935 solverint,
1202 2857 1237 2921 in
1264 2861 1354 2920 terra
1380 2864 1512 2939 aspectu
1538 2865 1744 2940 praesentem
1771 2879 1839 2921 000
1866 2857 2038 2934 babentes,
2071 2859 2182 2940 ipsum

173 2945 271 3028 00010
298 2944 425 3010 diverso
451 2966 564 3021 sensu,
591 2963 672 3025 quos
698 2941 823 3006 insulse
847 2943 936 3023 porci
964 2942 1019 3005 isti
1045 2950 1079 3006 et
1098 2943 1149 3006 in-
1202 2962 1274 3007 esse
1294 2943 1331 3006 in
1353 2943 1441 3008 coelo
1462 2943 1696 3027 intelligerent,
1721 2943 1763 3008 ad
1784 2942 1982 3008 firmandam
2003 2943 2073 3008 eius
2095 2944 2182 3007 veri·

175 3032 254 3097 scite
276 3029 329 3113 (01
350 3030 456 3095 001001
474 3028 600 3113 omnia)
621 3027 834 3093 0001001001
874 3027 971 3092 Alter
991 3035 1042 3092 001
1063 3027 1150 3111 0001
1201 3034 1312 3094 tatem.

174 3118 334 3181 Ioannem
356 3115 461 3201 (Ioan.
485 3114 556 3198 20),
575 3115 632 3179 ubi
654 3112 806 3178 Christus
826 3114 986 3178 missurus
1008 3113 1149 3196 discipu·
1290 3111 1331 3199 [p.
1346 3112 1421 3200 311]
1446 3112 1627 3197 Oportebat
1647 3136 1780 3180 rursum
1797 3123 1830 3180 et
1847 3115 2048 3179 auditoribus
2066 3116 2180 3181 certis-

173 3202 224 3267 lcs
245 3223 320 3266 suos
342 3201 384 3266 ad
406 3200 674 3283 praedicandum,
696 3199 845 3264 insufflat
864 3200 899 3262 in
922 3219 976 3264 000
997 3221 1036 3265 ac
1057 3199 1148 3265 dicit:
1203 3200 1284 3265 sime
1304 3201 1513 3264 testificatum
1531 3222 1610 3278 esse,
1631 3201 1724 3266 illam
1740 3222 1824 3266 evan
1849 3201 1903 3265 elii
1914 3200 2095 3266 doctrinam
2112 3221 2181 3266 non

174 3288 310 3371 accipite
331 3288 483 3370 spiritum
504 3293 670 3364 sanctum;
698 3304 966 3368 quorumcunque
987 3286 1150 3351 remiseri-
1202 3284 1421 3369 apostolorum
1448 3307 1519 3350 esse
1551 3306 1749 3366 sermonem,
1783 3223 1848 3352 sed
1867 3287 1932 3351 Dei
1963 3287 2065 3368 ipsius
2072 3308 2081 3365 ;
2113 3307 2182 3351 non

174 3376 218 3439 110
242 3380 388 3456 0000010,
417 3373 631 3436 remittuntur
652 3372 714 3448 cis,
743 3380 777 3436 et
806 3392 944 3452 quorum
976 3372 1150 3436 retinueri·
1202 3392 1316 3436 vocem
1336 3372 1372 3434 in
1394 3378 1483 3436 terra
1504 3379 1632 3450 natam,
1656 3371 1751 3437 0010
1773 3373 1861 3438 coelo
1883 3372 2058 3453 delapsam.
2103 3371 2181 3436 Non

174 3461 227 3538 tis,
260 3466 388 3524 retenta
421 3455 462 3543 [p.
485 3454 562 3543 329]
592 3466 678 3521 sunt.
718 3454 837 3521 (11ον00
859 3457 954 3539 regni
976 3458 1148 3533 coelorum,
1203 3458 1292 3521 enim
1319 3457 1354 3520 in
1381 3456 1524 3522 hominis
1550 3464 1710 3540 potestate
1730 3459 1811 3523 haec
1833 3479 1904 3522 0000
1925 3463 2077 3538 possunt,
2104 3452 2181 3538 pec»

175 3567 259 3628 quae
274 3545 376 3610 Petro
394 3551 492 3608 antea
507 3543 687 3627 promissae
699 3542 908 3627 (1110111016),
921 3564 1010 3608 0000
1022 3542 1151 3608 illiuna
1203 3551 1351 3608 ceterum
1371 3543 1534 3624 remissio,
1562 3544 1733 3626 promissio
1757 3545 1845 3610 vitae
1871 3550 2038 3620 aeternae,
2065 3541 2181 3608 0010110

176 3653 251 3697 cum
269 3630 405 3696 caeteris
423 3628 575 3712 apostolis
592 3627 803 3706 exhibentur;
825 3649 886 3694 nec
907 3627 956 3691 illi
973 3627 1151 3711 quidquam
1203 3629 1353 3694 0000100.
1403 3629 1610 3695 Testiticatus
1642 3636 1693 3694 001
1724 3649 1802 3714 ergo
1830 3627 1997 3706 Christus,
2029 3623 2113 3691 nibil
2144 3627 2182 3693 in

174 3717 371 3800 promissum
393 3723 472 3795 crat,
495 3714 581 3797 quod
602 3735 669 3779 non
691 3713 745 3779 hic
762 3734 804 3777 ex
825 3734 928 3796 aequo
949 3734 1025 3779 cum
1046 3715 1151 3778 omni·
1204 3713 1366 3797 evangelii
1375 3713 1615 3796 praedicatione
1631 3716 1849 3797 apostolorum
1865 3735 1945 3792 esse,
1967 3722 2099 3797 praeter
2119 3714 2183 3779 mia

174 3803 236 3868 bus
269 3803 413 3885 accipiat.
469 3801 524 3866 Illi
556 3800 681 3865 dictum
713 3807 796 3863 erat:
836 3799 918 3864 dabo
951 3799 1011 3864 tibi
1043 3799 1151 3865 claves
1204 3800 1389 3878 nisterium3
1412 3821 1447 3864 se
1466 3821 1546 3880 esse,
1568 3802 1624 3883 qui
1641 3821 1702 3883 per
1720 3822 1834 3865 eorum
1851 3820 1917 3877 cra,
1940 3800 2031 3864 velut
2047 3821 2107 3883 per
2128 3821 2183 3873 cr·¹

176 3889 272 3971 regni
291 3888 469 3965 coelorum;
496 3887 549 3951 his
576 3885 709 3963 dicitur,
731 3891 770 3948 01
794 3885 1001 3968 evangelium
1023 3885 1151 3967 praedi·
1204 3905 1305 3968 gana,
1332 3885 1520 3968 loqueretur
1546 3887 1657 3950 omnia
1678 3893 1711 3951 01
1729 3886 1947 3968 promitteret;
1975 3893 2184 3968 peccatorum

175 3981 266 4052 cent;
293 3973 379 4055 quod
404 3974 512 4054 ipsum
535 3978 585 4036 est
605 3971 751 4036 coelestis
772 3972 866 4053 regni
887 3971 1004 4036 ianuas
1018 3973 1151 4054 aperire
1204 3972 1442 4049 remissionem,
1475 3992 1573 4054 quam
1599 3972 1662 4054 ipsi
1690 3972 1943 4048 annunciarent,
1970 3991 2084 4035 reram
2111 3991 2183 4036 esse

174 4061 224 4140 110,
245 4060 301 4142 001
311 4080 370 4141 000
381 4059 551 4124 Christum
569 4078 735 4122 accessum
751 4055 794 4121 ad
804 4063 932 4140 patrem
943 4058 1150 4138 quaesierint,
1203 4057 1267 4121 Dei
1278 4057 1540 4138 promissionem3
1558 4055 1803 4122 damnationem
1818 4077 1917 4138 quam
1934 4055 2181 4137 denunciarent,

175 4142 948 4224 0100100000000101000000110,0010111100
969 4143 1025 4207 vic
1044 4142 1151 4208 diver-
1204 4148 1331 4208 certum
1352 4157 1423 4207 esse
1444 4142 1509 4207 Dei
1535 4141 1699 4208 iudicium.
1743 4142 1837 4208 Haec
1861 4149 1972 4206 autem
1997 4143 2182 4208 testificatio

176 4233 284 4296 tarint
309 4230 364 4294 Illi
386 4230 510 4295 dictum
531 4236 614 4293 emt:
643 4227 859 4310 quodcunque
880 4228 1033 4312 ligaveris
1054 4250 1153 4312 super
1204 4229 1355 4293 omnibus
1376 4228 1514 4293 saeculis
1534 4227 1611 4292 data
1627 4236 1677 4293 001
1693 4229 1853 4311 firmaque
1869 4233 1989 4307 manet,
2012 4249 2095 4310 quae
2113 4246 2184 4291 cer·

175 4326 312 4393 terram,
334 4317 397 4380 erit
418 4315 557 4400 ligatum
577 4315 613 4378 10
635 4312 747 4392 ccelis;
770 4314 985 4396 quodcunque
1006 4314 1150 4394 solveris,
1204 4315 1302 4397 tiores
1329 4333 1442 4378 omncs
1469 4334 1663 4396 securosque
1683 4313 1813 4380 reddat:
1848 4313 2011 4397 evangelii
2032 4311 2179 4389 verbum,

175 4405 239 4466 erit
263 4403 414 4467 solutum.
460 4401 557 4466 Nunc
583 4398 736 4481 apostolis
763 4400 929 4476 omnibus,
957 4401 1045 4484 inter
1071 4420 1152 4483 quos
1205 4419 1431 4483 aquocunque
1446 4399 1581 4464 tandem
1599 4400 1733 4464 homine
1749 4398 1965 4483 praedicatur,
1983 4396 2182 4480 ipsissimam

175 4496 210 4552 01
240 4489 309 4570 ipse
344 4495 408 4566 est,
442 4486 572 4551 dicitur:
613 4505 752 4567 quorum
783 4486 973 4551 remiseritis
1009 4492 1151 4569 peccata,
1204 4507 1275 4550 esse
1301 4486 1367 4550 Dei
1393 4486 1604 4564 sententiam,
1639 4485 1726 4569 apud
1743 4506 1919 4551 “summum
1945 4484 2009 4547 Dei
2037 4482 2183 4547 tribunal

175 4575 313 4639 remissa
337 4579 450 4651 erunt,
478 4592 617 4655 quorum
644 4572 860 4650 retinueritis,
888 4579 1017 4637 retenta
1044 4579 1150 4638 erunt.
1204 4571 1459 4655 promulgatam,
1487 4573 1524 4635 in
1549 4571 1633 4637 libro
1654 4573 1742 4637 ritae
1763 4571 1932 4652 scriptam,
1959 4569 1996 4631 in
2017 4567 2105 4633 coelo
2125 4588 2183 4632 ra·

175 4660 298 4743 Ligure
322 4661 431 4742 itaque
457 4666 591 4740 peccata
612 4657 753 4721 retinere
775 4665 840 4737 est3
862 4657 1009 4737 solvere,
1040 4660 1152 4723 remit-
1203 4664 1289 4738 tam,
1315 4659 1419 4722 fixam
1445 4664 1478 4722 ct
1498 4659 1637 4722 firmam
1682 4656 1866 4733 Habemus,
1893 4660 2087 4736 potestatem
2114 4653 2183 4719 cla-

175 4753 252 4810 tere.
296 4746 343 4809 Et
364 4766 442 4809 sane
468 4750 676 4827 peccatorum
704 4743 893 4807 remissione
914 4765 991 4809 vere
1019 4744 1152 4809 001000-
1204 4744 1296 4809 vium
1318 4765 1389 4809 esse
1410 4743 1600 4825 simpliciter
1620 4741 1782 4826 evangelii
1803 4739 2091 4824 praedicationem,
2119 4762 2182 4806 nec

175 4838 230 4895 100
247 4852 265 4896 0
282 4830 464 4895 durissimis
490 4828 699 4912 compedibus
722 4829 947 4908 conscientiae,
966 4836 1004 4893 ut
1020 4851 1153 4894 rursum
1204 4836 1273 4892 tam
1294 4833 1494 4910 potestatem
1506 4849 1697 4912 essequam
1713 4825 1941 4900 ministerium,
1965 4823 2053 4888 siad
2075 4825 2183 4889 homi-

174 4918 356 4981 retentione
384 4915 572 4981 arctissimis
598 4912 739 4980 vinculis
764 4913 911 4997 ligantur
936 4922 970 4979 01
991 4916 1152 4980 constrin·
1205 4934 1264 4978 nes
1286 4916 1486 4997 respicimus.
1516 4914 1592 4979 Non
1614 4915 1700 4979 enim
1725 4910 1912 4976 hominibus
1933 4909 2019 4973 hanc
2040 4917 2183 4992 potesta·

175 5010 308 5086 guntur.
1129 5080 1134 5085 .
1204 5006 1272 5063 tem
1298 5001 1429 5083 proprie
1456 4998 1609 5065 Christus
1637 4998 1738 5076 dedit,
1773 4994 1832 5061 scd
1859 4995 1959 5060 verbo
1986 5016 2060 5073 suc,
2089 4995 2184 5061 00100

261 5088 410 5152 Affcram
446 5086 748 5168 interpretationem
788 5106 856 5149 non
885 5092 1050 5169 argutam,
1085 5106 1154 5150 non
1205 5084 1355 5151 homines
1376 5086 1544 5151 ministros
1565 5085 1649 5150 fecit.
2141 5147 2144 5152 .

175 5181 335 5248 coactam,
364 5194 433 5237 non
454 5172 632 5251 detortam,
654 5168 712 5236 sed
734 5171 929 5253 simplicem,
952 5192 1152 5255 germanam,
1291 5170 1387 5236 Alter
1402 5170 1502 5250 locus,
1525 5190 1623 5253 quem
1638 5170 1673 5233 in
1696 5167 1795 5233 aliam
1813 5175 1942 5250 partem
1959 5165 2186 5250 accipiendum

175 5260 341 5337 fluentem,
364 5260 503 5324 obviam.
537 5256 611 5322 Hoc
632 5256 674 5321 de
694 5256 899 5322 remittendis
921 5265 955 5322 ct
975 5255 1154 5322 retinendis
1207 5255 1360 5336 diximus,
1384 5254 1471 5339 apud
1488 5256 1695 5322 Matthaeum
1712 5254 1853 5336 scriptus
1870 5261 1929 5332 est,
1950 5253 2007 5318 ubi
2024 5254 2071 5318 011
2086 5251 2189 5318 Obri-

248 5359 359 5415 Caluini
371 5376 464 5430 opera.
503 5357 559 5413 Vol.
577 5356 602 5411 1.
1022 5416 1029 5439 κ
1931 5355 1965 5410 11
