4732 6030
1137 315 1224 381 XIV

267 492 273 512 ⁶
333 511 480 621 Atque
520 510 573 594 de
611 511 689 594 hac
727 519 848 621 parte
889 511 1028 623 operis
1066 511 1283 623 speciatim
1321 510 1485 594 dicendi
1525 510 1738 593 occasione
1776 509 1919 593 oblata
1956 509 2071 591 haud
2102 509 2177 591 abs

93 699 96 707 =
178 679 224 732 re
270 649 351 731 erit
393 647 573 730 lectores
615 649 814 731 certiores
853 649 990 732 facere
1029 650 1080 730 de
1118 648 1168 730 iis
1207 677 1316 758 quae
1348 647 1469 753 olim,
1501 648 1670 730 favente
1701 647 1814 751 Deo,
1853 659 2070 756 praestare
2100 675 2177 729 nos

48 890 53 897 ν
177 815 301 899 posse
333 785 590 868 confidimns.
658 785 798 867 Notus
830 797 896 867 est
934 786 1127 868 omnibus
1162 785 1294 882 codex
1334 784 1408 866 illc
1440 783 1680 894 epistolaris
1719 812 1847 893 quem
1883 783 2027 893 paucis
2059 783 2178 864 annis

177 933 276 1033 post
299 922 463 1004 Oalvini
493 951 713 1005 excessum
736 923 850 1004 Beza
879 923 1039 1033 publici
1068 922 1171 1004 iuris
1203 921 1315 1027 fecit,
1346 921 1462 1002 haud
1494 921 1777 1033 spernendum
1806 949 2031 1002 numerum
2057 919 2178 1003 sohe-

178 1061 328 1142 darum
359 1059 647 1164 exhibentem,
680 1061 754 1142 sed
785 1060 903 1141 nullo
935 1073 1177 1171 temporum
1207 1058 1364 1141 ordinis
1395 1069 1591 1168 respectu
1623 1069 1669 1140 et
1702 1058 1829 1139 variis
1861 1058 1913 1140 de
1951 1057 2087 1139 causis
2125 1086 2179 1138 ex

177 1196 333 1278 maiore
365 1196 484 1307 copia
514 1197 678 1278 cautius
711 1208 755 1278 et
786 1197 1128 1308 circumspectius
1160 1195 1329 1277 delectu
1360 1195 1484 1302 facto,
1515 1224 1817 1305 nonnunquam
1848 1196 1977 1277 etiam
1999 1196 2179 1276 fortasse

178 1333 428 1445 suppressis
445 1333 496 1414 iis
528 1362 637 1443 quae
667 1363 778 1416 nunc
809 1335 915 1416 citra
946 1334 1077 1416 ullius
1111 1333 1178 1415 vel
1209 1332 1389 1413 hominis
1421 1331 1491 1413 vel
1522 1332 1722 1415 ecclesiae
1744 1332 1974 1414 laesionem
1995 1331 2039 1412 in
2069 1331 2179 1414 inte-
2247 1367 2250 1371 ’

176 1502 305 1582 grum
334 1470 508 1558 restitui
533 1482 713 1582 possunt
742 1482 787 1552 et
817 1471 984 1554 debent.
1032 1472 1192 1553 Postea
1224 1469 1390 1579 saepius
1423 1499 1448 1550 a
1481 1468 1579 1550 viris
1610 1468 1744 1552 doctis
1767 1471 1986 1581 pauciores
2018 1480 2063 1551 et
2093 1470 2180 1551 sin·

177 1609 306 1720 gulae
337 1607 487 1690 literae
518 1608 716 1718 operibus
747 1608 1051 1714 miscellaneis,
1091 1606 1394 1718 biographicis,
1434 1606 1656 1716 periodicis
1696 1606 1880 1690 insertae
1912 1617 2023 1689 sunt.
2089 1606 2133 1687 N
2133 1636 2180 1689 o-

179 1755 267 1828 stro
299 1745 466 1827 saeculo
496 1745 707 1851 nonnulli,
748 1746 860 1828 inter
891 1775 996 1856 quos
1026 1745 1107 1827 Iul.
1139 1744 1398 1826 Bonnctium
1428 1754 1473 1824 et
1509 1743 1650 1853 ipsum
1680 1743 2082 1826 Bretschneiderum
2112 1743 2180 1828 hio

178 1883 415 1965 nominasse
438 1882 631 1988 sufficiat,
657 1912 785 1965 novas
809 1892 853 1964 et
874 1882 1091 1993 aliquanto
1116 1881 1289 1963 ditiores
1312 1879 1581 1963 collectiones
1607 1880 1895 1962 instituerunt.
1946 1879 2067 1985 Quae
2095 1882 2181 1965 iam

178 2019 318 2101 omnia
346 2020 532 2130 undique
571 2019 854 2130 conquirenda
893 2031 938 2102 et
976 2019 1209 2130 digerenda
1245 2028 1346 2099 sunt
1380 2018 1442 2099 ita
1472 2029 1523 2098 ut
1560 2018 1727 2099 unicam
1766 2018 1919 2101 seriem
1949 2021 2182 2102 secundum
2227 2132 2230 2135 μ

179 2185 385 2238 annorum
414 2157 604 2240 ordinem
634 2157 882 2268 dispositam
911 2166 1253 2269 repraesentent,
1294 2155 1421 2254 simul
1462 2156 1516 2237 ad
1546 2155 1738 2238 codicum
1767 2185 1895 2237 manu
1927 2157 2180 2266 scriptorum

179 2292 325 2399 fidem,
363 2294 603 2403 ubicunque
634 2294 678 2375 id
714 2295 807 2376 fieri
837 2295 1044 2405 potuerit,
1082 2293 1339 2403 castiganda.
1402 2289 1569 2395 Quibus
1601 2292 1782 2402 denique
1814 2293 1963 2375 eadem
1995 2294 2179 2404 exlege

180 2429 439 2541 disponenda
469 2433 669 2514 accedent
698 2432 835 2515 multo
865 2432 1011 2542 plures
1045 2431 1181 2512 adhuc
1213 2430 1395 2511 ineditae
1427 2429 1655 2538 epistolae,
1687 2441 1733 2512 et
1764 2428 1929 2512 Oalvini
1959 2430 2013 2512 ed
2042 2431 2181 2513 varios

180 2567 246 2650 sui
275 2567 478 2678 temporis
510 2568 620 2651 viros
656 2569 779 2651 datae
812 2580 857 2650 et
887 2569 1100 2650 variorum
1132 2567 1185 2649 ad
1227 2568 1367 2677 ipsum
1405 2567 1578 2671 missae,
1618 2595 1723 2676 quas
1755 2566 1956 2650 Genevae
1986 2568 2182 2676 maxime,

179 2714 274 2787 tum
310 2705 531 2810 Neocomi,
571 2706 756 2812 Bernae,
788 2705 952 2811 Turici,
984 2705 1199 2809 Basileae,
1232 2702 1467 2812 Sangallis,
1501 2704 1691 2809 (1611166,
1729 2704 1811 2814 ipsi
1840 2704 2021 2786 vidimus
2054 2723 2182 2788 etex

179 2853 301 2953 parte
331 2842 416 2923 iam
437 2842 747 2955 descripsimus,
778 2853 872 2925 tum
896 2843 1025 2924 etiam
1046 2841 1301 2952 Hamburgi,
1328 2840 1625 2946 Vratislaviae,
1646 2841 1835 2947 Parisiis,
1861 2842 2041 2950 denique
2069 2843 2184 2955 apud

181 2979 355 3088 Belgas,
385 2978 555 3089 Anglos
588 2992 633 3062 et
663 2979 832 3077 Samos,
870 2992 959 3063 tam
989 2980 1033 3060 in
1066 2979 1331 3067 bibliothecis
1362 2978 1543 3090 publicis
1576 2990 1620 3060 et
1650 2978 1859 3088 privatis,
1879 3008 2006 3088 quam
2040 2979 2084 3058 in
2114 2960 2197 3060 ar·x

181 3115 312 3197 chivis
344 3126 389 3196 et
418 3116 638 3198 tabulariis
652 3157 656 3168 ·
670 3118 876 3200 asservari
906 3117 1164 3222 rescivimus,
1197 3147 1280 3197 non
1311 3115 1462 3198 minori
1493 3144 1594 3197 cura
1623 3146 1722 3197 mox
1753 3115 2016 3225 relegendas.

334 3251 427 3334 Iam
459 3253 493 3334 si
525 3253 619 3362 quis
652 3282 786 3364 aequo
818 3256 955 3338 animo
985 3254 1250 3365 perpendere
1280 3237 1386 3335 velit
1425 3281 1553 3362 quam
1582 3252 1817 3364 longinqua
1847 3264 1892 3334 et
1921 3253 2183 3364 impendiosa

177 3389 329 3471 itinera
359 3389 620 3472 instituenda
652 3390 737 3472 sint
766 3402 817 3473 ut
848 3421 1026 3474 aureum
1060 3391 1169 3473 illud
1198 3392 1337 3473 vellus
1368 3390 1490 3472 nulla
1520 3420 1573 3471 ex
1605 3401 1727 3509 parte
1762 3420 1959 3474 mancum
1989 3391 2033 3473 in
2064 3421 2182 3473 sacro

116 3628 118 3633 ,
179 3525 376 3608 scientiae
415 3527 593 3610 delubro
631 3527 941 3639 appendamus,
981 3557 1192 3638 quamque
1231 3528 1395 3610 curiosa
1433 3528 1489 3610 sit
1527 3527 1765 3610 adhibenda
1803 3528 2007 3611 sedulitas
2038 3528 2108 3610 vel
2138 3528 2183 3609 in
2279 3627 2287 3641 ι

178 3661 359 3745 minimis
390 3676 479 3747 tam
508 3665 618 3748 vasti
655 3665 793 3777 operis
821 3665 1054 3769 elementis,
1086 3666 1122 3747 is
1154 3695 1238 3746 non
1274 3665 1416 3775 inique
1449 3668 1559 3746 feret
1592 3665 1628 3746 si
1653 3665 1764 3747 viros
1793 3665 1938 3749 doctos
1966 3695 2110 3748 omnes
2138 3676 2184 3746 et

177 3797 240 3878 rei
277 3802 545 3910 evangelicae
578 3805 766 3886 fautores
800 3803 925 3885 enixe
961 3832 1164 3912 rogamus
1202 3813 1253 3882 ut
1284 3803 1403 3885 nobis
1444 3803 1591 3885 adesse
1626 3802 1761 3884 velint
1796 3802 1944 3911 quovis
1979 3812 2184 3913 poterunt

177 3935 315 4041 mode,
345 3937 412 4017 vel
437 3939 609 4021 notitias
635 3940 688 4022 de
714 3971 843 4024 manu
856 3940 1032 4052 scriptis
1053 3938 1364 4051 exemplaribus
1392 3939 1544 4022 alicubi
1570 3938 1802 4022 latentibus
1829 3939 2047 4021 nobiscum
2068 3968 2182 4021 com-

177 4072 440 4189 municando,
475 4075 553 4156 vel
571 4077 625 4156 ad
659 4077 806 4159 eadem
837 4077 1096 4187 inspicienda
1127 4076 1357 4159 faciliorem
1383 4077 1546 4159 aditmn
1571 4077 1691 4158 nobis
1719 4077 1954 4187 aperiendo.
2009 4075 2181 4159 Sincere

67 4263 73 4285 .
179 4220 223 4293 et
249 4210 423 4294 candide
449 4210 725 4317 declaramus,
759 4243 843 4295 non
869 4214 964 4294 vilis
991 4213 1098 4296 lucri
1125 4243 1262 4319 causa,
1297 4214 1410 4324 quod
1437 4213 1604 4296 omnino
1631 4213 1799 4296 nullum
1826 4214 1919 4319 erit,
1958 4214 2033 4296 sed
2058 4213 2180 4296 unice

177 4348 240 4430 161
265 4348 398 4459 ipsius
425 4348 634 4458 dignitate
662 4367 707 4431 et
739 4350 926 4432 utilitate
952 4361 1167 4461 permotos
1193 4381 1270 4433 nos
1305 4363 1392 4433 tam
1418 4363 1587 4433 vastum
1614 4350 1798 4432 stadium
1831 4352 2045 4462 ingressos
2073 4379 2180 4457 esse,

180 4485 366 4595 satisque
400 4486 618 4567 habituros
655 4487 690 4567 si
723 4516 801 4597 pro
835 4487 946 4569 virili
978 4498 1101 4599 parte
1132 4487 1176 4568 in
1207 4489 1476 4571 exstruendo·
1496 4487 1660 4570 Calvini
1690 4499 1962 4571 monumento
1994 4488 2183 4571 defuncti

181 4649 272 4703 esse
303 4622 531 4705 videamur.
1662 4723 1665 4735 Ι
2134 4619 2137 4626 ’

334 4760 499 4843 Verum
529 4789 637 4869 quae
668 4760 858 4844 fortassis
891 4792 913 4844 6
945 4774 1036 4845 tam
1066 4761 1212 4844 audaci
1243 4762 1409 4874 incepto
1441 4764 1510 4845 vel
1541 4765 1585 4845 in
1615 4757 1809 4845 nostrum
1840 4792 1992 4844 nomen
2023 4761 2179 4844 redun-

179 4893 299 4976 dabit
335 4899 493 5007 gloria,
524 4897 615 4979 -iam
652 4899 967 5016 senescentibus
1005 4899 1165 4981 incerta
1205 4900 1342 5009 magis
1371 4929 1502 5010 quam
1539 4900 1820 5012 aspemauda,
1860 4900 1968 4982 hanc
2008 4898 2180 4982 minime

180 5033 301 5140 quasi
337 5035 509 5117 unicum
545 5034 701 5118 laboris
740 5037 874 5143 nostri
910 5037 1097 5119 fructum
1135 5036 1397 5143 affectamus,
1440 5068 1572 5147 quum
1610 5036 1695 5119 alio
1734 5038 1918 5146 quodam
1955 5048 2000 5119 et
2041 5036 2179 5119 multo

179 5170 356 5252 certiore
387 5174 648 5282 gaudeamus
680 5186 726 5256 et
754 5174 1106 5286 praesentissimo.
1154 5172 1353 5256 Calvinus
1386 5175 1497 5289 enim
1528 5173 1601 5254 ille
1630 5204 1786 5255 novum
1818 5187 1864 5256 et
1893 5175 2180 5257 firmissimum
