4770 6030
187 341 251 404 sor
762 328 1029 434 nummo
1051 333 1157 399 Βαα.
1179 330 1360 399 oflmsn
1385 334 1616 397 nso-1⁵54.
2130 335 2193 398 eso

190 527 293 604 sinos,
315 544 391 606 quos
411 524 479 603 ipse
499 521 654 603 mosmos
674 540 735 585 sua
757 521 893 586 oratione
912 488 1060 585 nminat.
1104 520 1169 586 Hic
1308 526 1359 586 44.
1405 519 1479 584 Iam
1499 539 1568 583 uero
1588 540 1685 601 quum
1705 520 1812 585 ordine
1830 521 1935 585 ornnia
1946 431 1983 584 [eli
1997 444 2196 587 ddbbibb

190 614 258 678 ium
279 608 502 676 obseruandum
522 612 580 686 est,
607 626 662 670 uos
689 606 835 672 badenus
861 607 985 671 nonnisi
1006 627 1043 671 ea
1065 606 1169 688 officia
1218 627 1308 672 sacro
1330 612 1412 671 coetu
1430 605 1564 688 pereunda
1590 606 1653 670 siut
1674 603 1707 689 (1
1729 604 1802 670 Gor.
1825 606 1964 687 11140),
1993 606 2074 670 nibd
2094 611 2138 671 est
2158 608 2194 672 in

188 696 386 774 recensuisse,
408 695 539 775 quaein
559 692 644 757 uerbi
664 693 836 756 ministerio
856 694 1042 772 consistunt·
1062 713 1116 758 nee
1132 692 1169 757 de
1220 713 1279 774 qno
1309 691 1345 758 id
1375 691 1495 756 suocri
1521 690 1700 773 diliqerdius
1727 697 1873 773 oporteat,
1903 713 1998 773 mam
2024 693 2060 756 in
2085 695 2194 758 musti·

190 784 267 850 aliis
291 780 417 846 Paulus
438 779 578 844 meminit
603 778 657 844 illo
684 782 794 858 quarto
821 778 864 842 ad
885 777 1040 860 prenos
1061 780 1168 860 capite,
1220 779 1334 844 tuenda
1357 777 1590 862 pubeructiono,¹
1617 778 1694 858 quia
1713 797 1869 858 nusquam
1889 779 1995 842 nicius
2016 779 2194 860 periculum
2286 770 2308 795 ⁸

189 868 272 952 quod
298 868 472 932 citavimus.
529 864 645 930 Verum
671 865 706 928 iu
728 863 856 944 epistda
876 864 920 929 ad
942 863 1114 943 Romanos,
1141 868 1169 928 et
1220 870 1280 943 est,
1309 865 1339 928 si
1366 864 1443 945 quid
1468 864 1644 928 inordinato
1667 863 1794 946 peritur.
1846 862 1972 945 Itaque,
1997 885 2036 929 nc
2056 864 2195 929 mininis

183 954 293 1037 priore
313 953 356 1017 ad
379 949 562 1028 Corintbios,
586 951 652 1015 alia
673 955 845 1028 enumerat,
867 954 902 1012 ut
917 954 1096 1031 potestates,
1119 949 1170 1014 do
1220 950 1350 1032 inquieti
1372 969 1408 1013 ac
1429 948 1594 1012 turbulenti
1616 947 1711 1033 (quod
1727 949 1811 1014 alias
1825 952 1969 1031 tutumcm
1985 954 2065 1032 erat)
2086 956 2194 1016 terrere

188 1060 266 1105 uum
287 1040 495 1116 sanationum,
513 1037 799 1119 iterpretationcm,
816 1034 1073 1118 qubmndimm,
1086 1056 1169 1116 pau
1220 1057 1253 1101 se
1281 1037 1323 1101 ad
1351 1035 1517 1101 docendum
1542 1035 1589 1099 oel
1615 1036 1779 1119 rependum
1799 1036 1982 1119 inpererent,
2011 1038 2195 1101 nominatim

182 1145 299 1208 perum
326 1124 514 1189 curationem
540 1121 573 1207 (1
595 1121 669 1187 (lor.
691 1125 739 1200 12,
760 1119 843 1205 28).Ὶ
875 1120 930 1184 Ea
957 1122 1070 1202 quibus
1090 1142 1169 1203 quae
1220 1127 1342 1188 cautum
1364 1126 1421 1200 est,
1448 1122 1583 1201 nequis
1609 1121 1677 1184 sine
1699 1122 1852 1185 vocatione
1872 1121 2033 1203 publicum
2054 1123 2089 1187 in
2108 1123 2194 1187 eccle

189 1212 381 1293 temporaria
404 1211 547 1290 sumunt,
571 1209 692 1272 omitto:
720 1208 797 1286 quia
823 1206 945 1271 nullum
966 1229 1075 1288 operae
1095 1228 1170 1288 pre-
1220 1210 1271 1273 sia
1291 1228 1407 1272 munus
1427 1208 1489 1271 sibi
1507 1211 1618 1271 summi
1662 1206 1749 1290 Erpa
1778 1212 1813 1270 ut
1833 1208 1905 1288 quis
1926 1213 2084 1272 censeatur
2102 1228 2194 1272 verus

189 1298 270 1361 tium
290 1300 334 1360 est
355 1297 390 1359 iu
410 1296 453 1358 iis
474 1295 647 1358 irnmorari.
690 1291 766 1356 Duo
787 1297 891 1357 auton
912 1297 984 1356 sunt
1006 1314 1085 1374 quae
1096 1314 1169 1374 per-
1220 1293 1360 1358 ecclesim
1376 1294 1525 1372 minister,
1541 1294 1648 1373 primo
1664 1294 1724 1357 rite
1740 1298 1864 1356 uocatus
1880 1295 1923 1357 sit
1938 1298 2068 1375 oportot;
2085 1294 2195 1358 deinde

184 1387 279 1464 petuo
300 1385 440 1445 manent:
464 1379 655 1463 probematro,
678 1383 705 1442 et
726 1398 803 1442 cura
818 1397 1005 1459 pauperum.
1052 1378 1170 1443 Guber-
1219 1385 1254 1442 ut
1275 1399 1352 1443 suae
1371 1380 1520 1445 unctioni
1536 1380 1724 1459 respondeat,
1744 1380 1780 1443 id
1796 1385 1847 1457 est,
1866 1380 2023 1443 iniunctus
2040 1379 2102 1444 sibi
2118 1401 2195 1462 par-

191 1473 314 1532 uatores
337 1467 438 1549 fuisse
465 1466 605 1530 existimo
632 1465 765 1528 seniores
792 1486 808 1528 e
832 1464 918 1545 plebe
944 1464 1084 1543 delectos,
1113 1464 1169 1544 qui
1220 1469 1264 1529 tes
1291 1466 1442 1545 suscipiat
1468 1469 1496 1528 ct
1517 1469 1709 1546 exsequatur.
1758 1465 1825 1530 Hoc
1851 1466 1937 1546 apud
1960 1464 2100 1530 Paulum
2127 1467 2196 1529 aui-

191 1573 338 1619 censurae
365 1573 485 1617 morum
511 1556 539 1614 et
572 1551 753 1615 coercendae
784 1550 968 1631 disciplinae
998 1571 1064 1614 una
1098 1570 1169 1613 cum
1219 1551 1406 1616 maduertere
1430 1552 1558 1631 saepius
1584 1550 1666 1628 licet,
1706 1550 1761 1631 qui
1787 1551 1841 1614 ubi
1867 1570 1961 1615 suurn
1993 1551 2196 1632 apostolatum

191 1640 342 1721 episcopis
368 1642 555 1720 praeessent.
600 1636 709 1716 Neque
740 1636 822 1701 enim
852 1656 941 1699 secus
969 1636 1169 1717 irrterpretari
1219 1636 1283 1700 uult
1309 1636 1493 1717 approbare,
1519 1656 1589 1699 cum
1609 1654 1671 1700 sua
1692 1636 1728 1699 in
1755 1657 1880 1701 munere
1900 1636 2034 1701 obeundo
2050 1636 2197 1718 fidelitate

191 1745 287 1806 queen
308 1724 389 1805 quod
410 1724 485 1787 dicit
507 1722 616 1806 (Rom.
640 1726 688 1801 12,
708 1720 761 1804 8).·
782 1723 837 1803 qui
853 1727 993 1804 praeest,
1015 1722 1051 1785 id
1070 1722 1168 1802 saciat
1220 1723 1403 1786 uocationem
1423 1742 1542 1803 semper
1561 1722 1626 1802 sere
1647 1722 1767 1805 allepot.
1812 1721 1851 1787 Si
1871 1727 1975 1787 tannis
1999 1720 2117 1788 Christi
2137 1724 2196 1786 mi·

190 1813 227 1874 in
253 1809 464 1874 sollieitudine.
513 1807 636 1872 Habuit
663 1808 761 1890 iqitur
787 1808 826 1871 ab
850 1808 939 1871 initio
966 1828 1169 1889 unaquaeque
1219 1809 1316 1871 nister
1343 1809 1538 1872 autoritatem
1564 1807 1626 1871 sibi
1654 1828 1802 1891 amoqare
1829 1829 1889 1873 non
1910 1808 2016 1887 audet,
2041 1810 2130 1873 utin
2151 1827 2196 1873 eo-

191 1897 317 1962 ecdesia
337 1915 431 1959 sucum
446 1898 601 1972 senatum,
630 1894 834 1975 cornuiptum
854 1914 892 1958 ea
913 1894 994 1957 uiris
1012 1895 1078 1974 piis
1096 1914 1168 1977 pra
1220 1895 1314 1958 alesia
1336 1894 1502 1972 audiatur,
1528 1894 1592 1957 nisi
1620 1895 1697 1974 quia
1719 1899 1746 1958 et
1767 1894 1899 1958 Domini
1919 1895 2063 1959 umidam
2085 1895 2120 1958 in
2140 1894 2195 1959 boo

191 1981 281 2046 uibus
302 1986 331 2045 et
350 1981 481 2057 sanetis,
502 2000 598 2060 peries
618 1999 707 2060 quem
728 1984 794 2043 crat
819 1978 891 2058 illa,
919 1979 956 2043 de
977 2000 1040 2060 qua
1059 1984 1168 2062 posteo
1220 1984 1264 2044 est
1285 1982 1476 2061 constitutus,
1510 1985 1537 2044 et
1563 1981 1695 2061 fideliter
1715 1981 1841 2064 peropto
1867 1981 1948 2060 quod
1973 1979 2034 2044 sibi
2056 1981 2196 2044 mminis-
2280 2055 2284 2064 ,

191 2068 359 2148 loquemur,
382 2066 557 2130 iurisdictio
578 2066 613 2128 in
634 2065 935 2147 corripendis'oitiis.
970 2065 1070 2129 Porro
1087 2066 1168 2128 eius-
1219 2086 1290 2130 sum
1311 2071 1370 2130 est:
1397 2070 1513 2146 quanta
1540 2066 1733 2146 impudentia
1753 2067 1824 2144 erit,
1853 2068 1884 2129 si
1905 2067 2064 2148 quispiam
2083 2071 2196 2130 uocita-

191 2153 278 2218 modi
308 2152 446 2216 ordinem
477 2170 538 2214 riou
568 2152 665 2214 unius
695 2150 813 2214 saeculi
837 2151 951 2233 fuisse,
979 2152 1168 2233 experientia
1219 2152 1311 2230 lium,
1339 2157 1467 2232 utroque
1493 2152 1539 2215 uel
1564 2152 1658 2216 altero
1679 2152 1810 2216 istorum
1836 2153 2012 2230 destitutus,
2043 2152 2196 2217 eiusmodi

191 2239 264 2320 ipsa
286 2238 428 2302 declaret.
472 2235 534 2300 Est
558 2237 656 2319 ipitur
677 2240 705 2300 et
725 2235 779 2300 boc
798 2235 1029 2319 qrtbemationis
1051 2256 1167 2301 munus
1218 2237 1362 2301 lunarem
1394 2237 1455 2301 sibi
1476 2237 1632 2318 postulet?
1683 2237 1797 2301 Verum
1822 2239 1899 2317 quia
1920 2238 1958 2301 de
1978 2237 2109 2302 ebenum
2129 2258 2196 2302 mu·

191 2323 326 2388 socculis
345 2322 486 2388 unibus
506 2321 724 2386 necessarium.
1218 2325 1304 2388 neris
1323 2324 1499 2388 necessitate
1518 2323 1665 2404 superius
1686 2323 1860 2406 ottiqimus,
1881 2343 1964 2388 nuuc
1984 2325 2022 2388 de
2043 2325 2197 2388 montione

278 2413 329 2472 43.
387 2406 472 2474 Oura
509 2429 690 2489 pauperum
731 2408 871 2472 diaconis
908 2408 1059 2472 iciandata
1095 2409 1166 2489 suit.
1218 2413 1338 2473 tantum
1359 2429 1498 2492 mamus.

195 2495 382 2576 Quanquam
413 2494 457 2557 ad
483 2493 641 2558 Βανααααα
667 2495 729 2558 duo
751 2498 914 2574 ponuntur
945 2494 1085 2558 ordines:
1112 2495 1167 2575 qui
1305 2499 1356 2557 45.
1401 2494 1486 2558 Eius
1508 2499 1609 2559 autem
1629 2495 1769 2558 tractatio
1791 2495 1826 2558 in
1842 2499 1975 2575 quatuor
1991 2501 2151 2559 uersatur:
2169 2495 2195 2580 ¹)

191 2581 339 2663 turpitur,
361 2581 463 2661 inquit
483 2579 548 2643 illic
571 2579 710 2658 Paulus,
734 2579 768 2642 id
787 2579 885 2660 faciat
906 2579 942 2642 in
961 2579 1166 2660 simplicitate,
1219 2585 1254 2643 ut
1274 2582 1411 2645 edamus
1432 2581 1552 2661 quales,
1573 2584 1600 2645 et
1621 2580 1767 2661 muner,
1790 2586 1817 2645 et
1839 2580 1992 2662 aquibus
2012 2582 2196 2645 instituendi

191 2662 257 2747 qui
273 2667 450 2744 miseretur,
473 2667 508 2729 iu
528 2665 695 2729 hilaritate.
743 2665 846 2746 Quum
866 2666 904 2729 de
923 2665 1061 2746 prrblicis
1082 2665 1168 2730 eccle-
1219 2667 1282 2730 sint
1308 2667 1460 2745 ministri,
1488 2671 1595 2747 etqua
1621 2667 1686 2729 ritu
1706 2686 1804 2747 quare
1824 2668 2015 2732 caeremonia
2034 2666 2194 2731 initiandi.
2289 2684 2295 2703 “

190 2753 258 2816 siae
289 2751 469 2816 ucuneribus
500 2772 569 2815 eum
595 2751 679 2832 loqui
700 2755 816 2814 certum
844 2752 899 2829 sit,
930 2755 1041 2832 oportet
1067 2752 1168 2832 fuisse
1219 2752 1270 2815 Do
1290 2752 1409 2816 sounni
1435 2752 1589 2817 vocatione
1609 2752 1730 2832 loquor,
1757 2771 1836 2834 quae
1862 2752 1905 2817 ad
1926 2753 2087 2834 pubinum
2107 2752 2195 2816 ecele-

190 2838 270 2903 duos
305 2838 426 2920 modus
457 2838 624 2901 distinctos.
682 2836 760 2900 Nisi
797 2857 846 2901 me
881 2836 966 2917 fallit
1003 2837 1166 2916 iudicium,
1219 2838 1287 2902 siae
1313 2838 1452 2902 aretinam
1476 2843 1604 2920 spedat;
1631 2857 1781 2902 arcanam
1801 2858 1870 2903 uero
1891 2838 1993 2918 illam
2023 2834 2112 2902 cuius
2132 2837 2195 2903 sibi

184 2925 295 3006 priore
315 2923 448 2987 numbro
469 2923 614 2988 diaconos
633 2923 789 3006 dosiqnut,
812 2923 868 3004 qui
889 2922 1091 3006 eleemosynas
1113 2924 1169 2987 ad-
1219 2925 1349 3005 quisque
1377 2925 1519 2988 minister
1544 2944 1648 2989 coram
1679 2923 1748 2988 Deo
1780 2925 1920 2989 conscius
1946 2929 2005 3003 est,
2038 2924 2196 2990 ocdosiam

190 3009 430 3088 ministrabant,-
448 3009 540 3072 altero
559 3013 661 3073 autem
678 3028 736 3086 eos,
753 3008 809 3089 qui
819 3008 1016 3091 pauperibus
1027 3014 1055 3073 et
1065 3029 1169 3092 aepre-
1219 3015 1321 3074 αναίανα
1352 3030 1414 3074 non
1441 3009 1544 3090 babet,
1577 3010 1687 3074 muido.
1742 3009 1804 3075 Est
1830 3015 1932 3074 auten
1955 3011 2067 3075 uuum
2094 3001 2219 3075 cordis‘

191 3094 232 3158 tis
261 3096 411 3158 curandis
435 3114 500 3158 sese
527 3090 759 3159 dedicaverant:
793 3095 900 3175 quales
930 3100 1019 3160 orarit
1046 3096 1166 3174 uiduae,
1218 3097 1316 3161 nostri
1336 3097 1559 3175 testimonium,
1580 3097 1777 3177 quodnequi
1799 3096 1975 3175 ambitiose,
2004 3118 2100 3178 neque
2121 3117 2196 3160 cua-

190 3200 326 3262 quorum
347 3181 527 3244 mentionem
546 3181 623 3262 facit
643 3181 685 3244 ad
705 3181 898 3245 Timotheum
909 3178 948 3266 “(l
970 3181 1052 3244 Tim.
1074 3186 1102 3260 5,
1123 3179 1167 3266 9).
1218 3182 1311 3261 ritia,
1340 3201 1435 3263 neque
1461 3182 1529 3246 ulla
1552 3182 1621 3246 alio
1647 3183 1829 3264 cupiditate,
1859 3182 1914 3247 sed
1934 3183 2052 3248 sincero
2073 3183 2137 3247 Dei
2158 3183 2197 3247 ti-

192 3266 328 3331 Nullum
355 3268 436 3332 enim
462 3266 554 3330 uliud
576 3265 737 3349 publicum
763 3267 899 3348 officium
920 3266 1003 3332 obire
1023 3267 1168 3331 niulieres
1218 3288 1314 3346 more,
1342 3272 1369 3331 et
1390 3268 1600 3350 aedificandae
1619 3268 1760 3332 ecelesiae
1780 3269 1898 3347 studio,
1926 3268 2059 3333 oblatum
2080 3288 2196 3333 munus

53 3413 57 3425 ,
185 3358 342 3437 poterant,
368 3373 469 3434 quam
496 3354 581 3417 siin
603 3352 778 3433 obsequium
793 3373 973 3434 pauperum
994 3374 1028 3417 se
1048 3354 1166 3417 dorent.
1218 3355 1413 3434 recipiamus.
1463 3354 1506 3419 Id
1532 3355 1657 3435 quidun
1682 3355 1850 3435 urcicuiqne
1874 3360 2029 3434 nostrum,
2056 3360 2091 3418 ut
2116 3354 2196 3434 diui,

193 3440 231 3506 Si
257 3440 312 3504 boc
337 3440 519 3521 recipiucus,
552 3443 587 3502 ut
620 3440 743 3502 minino
773 3439 983 3520 recipiendum
1011 3444 1071 3517 est,
1106 3440 1167 3503 duo
1218 3441 1248 3504 si
1269 3440 1410 3505 uolumus
1437 3441 1647 3504 ministerium
1673 3444 1812 3504 nostrum
1840 3438 1908 3504 Deo
1934 3440 2118 3522 approbare,
2145 3460 2197 3504 no-

191 3531 281 3590 erunt
319 3547 432 3609 ponera
463 3527 678 3589 cliocarmum:
718 3543 850 3605 quorum
883 3525 972 3590 alteri
1008 3526 1043 3588 in
1075 3525 1167 3589 rebus
1218 3526 1389 3591 cessarium
1408 3532 1459 3590 est.
1505 3526 1618 3592 Geram
1639 3526 1765 3590 ecelesia
1784 3531 1886 3590 tamen
1912 3527 1971 3590 rite
1991 3525 2197 3590 nibilominus

185 3633 366 3693 pauperum
395 3612 667 3690 administrandis,
696 3610 787 3675 alteri
814 3612 849 3674 in
869 3610 1064 3693 pauperibus
1085 3612 1167 3692 ipsis
1217 3617 1341 3676 uocatus
1373 3616 1430 3691 est,
1463 3615 1520 3695 qui
1546 3613 1631 3677 mala
1661 3612 1842 3677 nescientia
1874 3632 1907 3676 eo
1935 3613 2073 3691 amessit,
2107 3611 2197 3676 modo

191 3698 341 3760 curandis
374 3698 515 3762 ecclesiae
542 3699 681 3762 serment.
728 3697 865 3761 Tametsi
892 3702 994 3760 autem
1020 3717 1128 3761 nomen
1142 3696 1166 3780 ¹)
1218 3719 1278 3762 non
1299 3700 1341 3761 sit
1362 3705 1470 3780 aperta
1491 3700 1560 3763 eius
1578 3699 1725 3778 nequitia.
1761 3696 1864 3762 Solent
1884 3697 1978 3760 etiam
1998 3696 2125 3781 unlqo²)
2148 3698 2197 3761 di-

191 3783 297 3862 ipsum
330 3781 479 3856 διακονίας
510 3784 608 3848 latius
635 3788 735 3864 patet,
774 3783 828 3846 bos
857 3783 1033 3864 specialiter
1063 3788 1166 3848 tancen
1218 3805 1283 3849 cere
1308 3785 1351 3849 ad
1377 3787 1587 3849 ministerium
1613 3789 1731 3848 uocatos
1758 3785 1851 3847 etiam
1878 3783 2022 3864 priuatos
2048 3783 2196 3862 mmincs,

191 3868 336 3931 diaconos
357 3870 512 3950 scriptura
533 3875 703 3951 numupat,
732 3889 807 3949 quos
828 3868 1024 3956 eleemosynis
1044 3869 1168 3951 dispen-
1218 3890 1294 3951 quos
1323 3875 1410 3952 aptos
1440 3876 1469 3934 et
1497 3871 1619 3934 idoneos
1647 3870 1689 3934 ad
1716 3870 1751 3933 id
1774 3869 1945 3934 obeundum
1971 3868 2088 3933 viduit:
2118 3870 2198 3948 quia

191 3953 302 4016 sandis
322 3955 528 4034 perendaeque
550 3976 729 4038 pauperum
751 3976 844 4019 curae
865 3955 1010 4036 praeficit
1032 3955 1166 4035 ecclesia,
1218 3957 1332 4021 scilicet
1358 3957 1490 4020 eruditio
1519 3957 1679 4020 coniuncta
1700 3975 1770 4019 cum
1788 3957 1904 4037 pietate
1924 3958 1952 4018 et
1972 3953 2102 4035 reliquis
2124 3954 2197 4018 boni

191 4038 319 4102 etoelut
331 4039 452 4120 publici
465 4062 644 4122 pauperum
665 4041 785 4106 aerarii
805 4060 977 4105 oeconomos
997 4043 1167 4106 constituit:
1213 4043 1354 4124 pastoris
1380 4042 1514 4121 dotibrcs,
1542 4042 1696 4122 quaedam
1723 4043 1766 4106 sit
1787 4042 1829 4106 ad
1855 4041 1959 4121 psum
1979 4042 2193 4122 praeparatio.

191 4144 323 4206 quorum
351 4127 449 4207 oripo,
477 4127 629 4191 institutio
651 4148 688 4191 ac
717 4127 834 4208 functio
861 4148 882 4190 α
904 4126 994 4190 Luca
1020 4128 1055 4190 in
1076 4129 1167 4192 Actis
1223 4129 1305 4208 eros
1326 4130 1408 4191 enim
1428 4133 1512 4193 tanto
1528 4129 1652 4191 inuneri
1667 4129 1833 4192 destinauit
1849 4125 2015 4205 Dominus,
2034 4147 2083 4190 eos
2096 4127 2194 4207 prius

191 4212 237 4297 (6,
265 4210 297 4297 1)
329 4210 520 4276 describitur.
529 4211 558 4295 ‘·')
605 4214 708 4294 Quum
739 4214 821 4276 enim
847 4233 992 4276 murmur
1025 4235 1046 4276 a
1070 4214 1167 4277 Grae·
1218 4215 1262 4279 iis
1289 4216 1389 4278 armis
1416 4215 1557 4292 instruit,
1584 4234 1663 4294 quae
1695 4216 1738 4279 ad
1763 4212 1953 4295 implendum
1979 4214 2193 4295 requiruntur,

191 4299 237 4364 cis
268 4299 432 4362 excitatum
464 4303 553 4375 esset,
597 4299 678 4379 quod
709 4299 743 4361 iu
777 4319 958 4380 pauperum
994 4300 1167 4363 ministerio
1218 4322 1256 4364 ue
1281 4301 1390 4365 inanes
1416 4306 1445 4364 et
1466 4301 1616 4381 imparati
1644 4301 1776 4364 ueniant.
1835 4298 1922 4364 Unde
1947 4303 1975 4363 et
1998 4297 2121 4362 Paulus
2149 4297 2194 4361 ad

190 4405 296 4450 eorum
316 4383 429 4447 uiduae
449 4382 680 4466 rreqliqerentur,
702 4385 832 4465 apostoli
853 4389 1032 4448 cremantes
1052 4405 1085 4448 se
1105 4404 1167 4448 non
1220 4386 1408 4466 Corinthios,
1442 4406 1538 4466 quum
1569 4387 1607 4450 de
1638 4386 1719 4466 ipsis
1751 4385 1864 4469 officiis
1902 4384 1989 4448 uellet
2023 4384 2192 4465 disputare,

184 4490 278 4552 posse
304 4469 444 4551 sufficere
471 4469 596 4550 utrique
620 4471 758 4549 muneri,
788 4475 817 4533 et
831 4470 1061 4551 praedicationi
1081 4470 1165 4535 uerbi
1216 4475 1297 4538 dona
1318 4474 1415 4555 prius
1441 4473 1600 4550 recensuit,
1628 4472 1740 4551 quibus
1765 4471 1883 4552 pollere
1904 4469 2021 4548 debent,
2050 4471 2105 4551 qui
2126 4470 2193 4551 otti·

189 4560 217 4620 d
241 4576 420 4621 mensarum
452 4556 637 4634 ministerio,
662 4556 818 4638 petierunt
847 4577 869 4619 a
900 4557 1099 4622 midtitndine
1130 4563 1166 4622 ut
1216 4559 1275 4623 ciis
1299 4560 1475 4641 funpuntur
1500 4556 1533 4642 (l
1554 4558 1629 4624 Oor.
1653 4562 1700 4635 12,
1720 4562 1738 4619 4
1758 4556 1870 4638 seqq).
1922 4556 1984 4622 Sed
2008 4557 2084 4637 quia
2111 4555 2193 4620 illud

189 4640 371 4724 eliqerentur
400 4643 465 4708 oiri
491 4640 584 4722 probi
610 4647 736 4723 septen,
769 4641 881 4723 quibus
907 4642 943 4705 id
973 4664 1089 4724 operae
1115 4645 1165 4708 de·
1215 4650 1268 4710 est*
1279 4646 1422 4725 primum
1447 4666 1485 4709 ea
1510 4648 1643 4726 quatuor
1672 4643 1826 4725 capitibus
1852 4663 1932 4723 quae
1953 4643 2121 4725 proposui,
2148 4640 2192 4704 ad

188 4730 381 4793 mandarent.
433 4727 487 4792 En
513 4727 620 4808 quales
651 4726 791 4791 babuerit
823 4728 967 4792 dmcorws
999 4731 1163 4811 apostolica
1214 4730 1295 4794 illud
1315 4732 1382 4795 iarn
1396 4751 1575 4813 perqamus.

187 4812 326 4891 ecclesia,
364 4814 471 4895 quales
505 4813 548 4877 ad
578 4813 646 4878 eius
673 4813 844 4894 exemplum
870 4808 979 4878 babere
1009 4837 1065 4881 uos
1097 4837 1163 4880 eon-
1301 4821 1352 4882 46.
1401 4819 1514 4899 Quales
1533 4816 1643 4899 dique
1663 4816 1819 4898 episcopos
1839 4814 1948 4892 doceat,
1973 4812 2097 4878 Paulus
2115 4811 2190 4876 duo·

186 4898 297 4963 uariat.
1215 4902 1273 4966 bus
1299 4903 1373 4968 locis
1402 4903 1481 4989 (wie
1503 4907 1530 4981 l,
1551 4908 1578 4966 9.
1614 4902 1735 4966 l'Pim.
1757 4905 1785 4980 3,
1807 4899 1940 4983 lseqq.)
1963 4901 2080 4980 copiose
2108 4918 2220 4963 ease·

1215 4990 1330 5069 quitur.
1378 4989 1509 5054 Summa
1530 4993 1632 5054 tamen
1659 4987 1718 5052 buc
1738 4987 1834 5052 redit:
1861 5008 1922 5050 nori
1943 5006 2009 5050 csse
2029 4984 2191 5069 elipendos,

257 5186 287 5255 1)
309 5194 399 5241 autom
417 5190 468 5243 hoc
485 5208 581 5244 verum
604 5195 648 5244 est
669 5207 821 5261 nomenque
841 5187 915 5242 1543.
1003 5190 1034 5258 2)
1052 5189 1097 5244 De
1114 5192 1163 5246 boc
1285 5193 1314 5260 1)
1337 5193 1416 5246 Haeo
1443 5197 1612 5246 tractaverat
1636 5194 1716 5260 prior
1742 5193 1862 5245 recensio
1889 5192 1946 5244 loco
1968 5190 2048 5243 modo
2077 5189 2191 5243 mudule

186 5253 245 5306 1000
263 5257 297 5321 cf·
317 5273 375 5324 cap.
396 5258 480 5311 xcx.
500 5259 613 5335 (xre.)
630 5259 671 5314 se
1218 5261 1283 5330 cap.
1304 5261 1386 5316 xr1.
1404 5260 1504 5330 (xcx.
1522 5268 1583 5329 pou
1601 5262 1624 5328 §-
1643 5259 1700 5327 αα).
1768 5259 1799 5328 2)
1816 5261 1897 5329 vulgo
1915 5260 1998 5314 aion
2017 5257 2087 5312 1550
2103 5271 2173 5328 seqq.
