4770 6030
186 331 305 398 XLV]
730 320 995 390 INSTITUTIO
1018 323 1294 391 RELIGIONIS
1318 324 1644 391 CHRISTIANAE.

182 519 340 604 percipere
361 520 504 599 5515551
524 514 657 592 lectores,
676 516 801 595 5555151
821 513 855 577 ld
875 511 957 592 qood
977 534 1025 578 me
1041 534 1120 579 5555
1141 518 1169 580 et
1186 513 1375 596 experientia
1395 513 1496 578 docuit
1516 514 1552 576 ia
1572 513 1753 578 5515515551
1774 512 1937 592 ammom,
1959 533 2035 593 qaas
2057 512 2099 577 ad
2114 511 2185 592 pri·

187 635 260 697 calo
280 629 385 694 obedia
406 632 434 692 el
454 626 695 692 exercitationem
717 625 752 688 15
773 623 986 689 laslilaliouee
1008 630 1099 690 aclea
1119 626 1219 690 editas
1239 626 1366 706 5511551,
1389 626 1434 689 eie
1454 645 1593 691 asserere
1614 645 1745 707 5555551
1762 625 1829 707 sore
1849 628 1885 688 at
1905 624 2094 688 labisebaam
2116 622 2184 687 adi·

187 744 254 807 lam
273 740 431 805 iaceolaat
446 737 669 820 propleelarem
691 741 718 801 el
739 735 944 818 apostoloram
964 737 1080 818 5511515
1102 736 1278 818 5551155551
1299 744 1392 802 55511.
1437 737 1488 802 Ac
1516 759 1558 802 ne
1579 737 1616 802 in
1636 736 1811 802 verborum
1838 757 1937 801 sensu
1959 735 2094 800 haereas
2116 733 2186 817 gal·

186 854 249 919 lica
270 873 396 936 quoquc
418 849 633 934 adponemus:
667 846 811 929 555515
832 846 951 911 l’atiliie'
972 869 1030 928 que
1051 848 1094 913 les
1116 848 1243 913 leeleurs
1263 853 1415 930 poarrocd
1435 852 1596 930 ropporler
1617 849 1654 912 de
1675 868 1706 912 ce
1726 848 1808 911 mian
1828 846 1949 926 155555,
1972 851 2057 912 outre
2077 866 2108 911 ee
2129 866 2188 928 qao

186 963 380 1047 leepbrlenee
406 961 467 1026 m’a
492 959 631 1043 55551555
651 980 716 1040 par
742 958 918 1023 semblables
945 960 1061 1024 5511555
1081 981 1139 1040 qae
1161 960 1223 1042 i’ay
1242 959 1351 1040 subeles
1372 979 1548 1041 55515555
1569 960 1672 1024 551555
1693 959 1871 1024 desereire
1890 978 1947 1022 sar
1968 957 2011 1022 les
2036 956 2187 1022 11115515-
2221 1041 2222 1044 ¹

185 1076 342 1143 5111511555
362 1095 429 1156 par
448 1074 477 1138 ci
497 1073 610 1138 deuant
631 1069 808 1153 5551155555
830 1078 888 1136 etc.
933 1072 988 1135 Ex
1010 1072 1125 1153 quibus
1147 1079 1238 1153 patet
1258 1071 1429 1136 Marlorati
1451 1071 1575 1137 indices
1598 1092 1680 1154 opus
1706 1091 1828 1135 novum
1850 1076 1882 1134 et
1903 1069 2065 1151 peculiare
2087 1072 2188 1137 fuisse

186 1190 221 1254 in
254 1209 350 1253 usum
383 1186 566 1269 theologiae
592 1183 809 1249 studiosorum
838 1189 871 1246 et
897 1183 946 1248 sui
973 1183 1076 1265 ipsius
1105 1184 1318 1263 destinatum,
1346 1183 1412 1248 tale
1439 1185 1506 1248 fere
1534 1183 1619 1266 quod
1644 1182 1796 1247 manuale
1817 1180 2188 1268 biblico-dogmaticum

188 1299 310 1366 dixeris
338 1297 380 1363 ad
402 1296 533 1362 05151111
553 1297 675 1362 1151515
697 1293 973 1360 accommodatum
994 1293 1139 1376 quidem,
1169 1293 1226 1359 sed
1255 1316 1322 1360 non
1343 1295 1527 1360 necessario
1549 1294 1654 1360 eidem
1676 1314 1805 1378 semper
1825 1292 2053 1358 adhaesurum.
2098 1293 2186 1360 Sub-

188 1410 320 1493 scriptio
342 1431 419 1492 crgo
446 1408 623 1490 illaquam
645 1408 847 1484 notavimus,
875 1406 1009 1470 minime
1031 1406 1125 1472 docet
1152 1406 1327 1471 editionem
1354 1406 1491 1471 latinam
1518 1407 1683 1471 exstitisse
1705 1406 1774 1471 eius
1802 1406 1881 1469 anui
1902 1426 1966 1487 quo
1985 1406 2186 1471 Marloratus

188 1544 281 1588 suam
308 1521 541 1605 praefationem
569 1520 706 1600 scripsit.
758 1517 860 1583 Cuius
886 1516 939 1580 vel
967 1524 1094 1581 textum
1121 1518 1261 1581 latinum
1288 1519 1419 1581 omnino
1444 1519 1656 1600 posthumum
1684 1514 1917 1582 crediderimus
1946 1524 2043 1582 etex
2070 1518 2188 1602 gallico

99 1635 102 1644 '
189 1634 311 1699 autoris
332 1654 478 1711 versum;
500 1631 589 1696 hune
611 1630 748 1706 55111551,
777 1635 815 1693 51
837 1628 995 1707 diximus,
1017 1629 1083 1692 iam
1106 1629 1207 1695 habes
1235 1631 1271 1693 in
1293 1629 1433 1694 editione
1460 1629 1681 1694 Institutionis
1710 1628 1886 1712 genevensi
1912 1650 1940 1693 5.
1967 1632 2064 1707 1562,
2092 1629 2188 1694 illum

187 1747 327 1811 latinum
347 1744 489 1828 primus,
513 1749 671 1825 quantum
698 1739 829 1824 quidem
850 1761 910 1823 pro
932 1746 1076 1823 tempore
1103 1741 1237 1821 scimus,
1259 1741 1457 1807 Francisous
1478 1741 1598 1805 Perrin
1620 1740 1823 1806 Genevensis
1846 1763 1873 1806 a
1900 1744 1981 1804 1568
2003 1741 2188 1808 calviniana

180 1859 279 1941 operi
300 1855 478 1923 subiunxit.
523 1854 576 1919 Ita
598 1860 632 1919 et
649 1853 800 1937 Haagius
821 1852 858 1917 in
878 1853 1002 1918 1151155
1025 1872 1083 1917 555
1105 1851 1314 1935 biographico
1337 1852 1460 1917 Fraace
1475 1855 1660 1934 5151555515
1681 1853 1743 1917 ΙΠ.
1771 1856 1839 1917 143.
1861 1853 1940 1917 VH.
1964 1856 2035 1917 259.
2081 1851 2188 1933 Quid-

187 1967 267 2052 quid
288 1970 344 2047 sit,
371 1961 536 2033 nemihem
565 1966 723 2031 habemus
751 1965 806 2046 qui
836 1963 1011 2028 editionem
1040 1963 1177 2028 latinam
1204 1964 1423 2030 Institutionis
1451 1965 1531 2028 5551
1556 1967 1636 2027 1562
1660 1986 1680 2028 5
1708 1986 1743 2030 55
1761 1965 1867 2030 visam
1895 1964 2036 2029 affirmet
2062 1956 2186 2048 nosque

148 2079 150 2083 ’
187 2082 252 2164 1551
274 2079 382 2146 adhue
403 2099 564 2162 nusquam
590 2078 626 2142 15
654 2076 754 2141 151551
780 2075 960 2141 incidimus.
1006 2074 1101 2140 Adde
1127 2074 1213 2157 quod
1245 2076 1316 2158 ipse
1343 2074 1430 2141 Olar.
1454 2075 1605 2142 Clamant
1630 2075 1817 2159 possidebat
1838 2076 2006 2159 exemplar
2033 2076 2186 2142 editionis

188 2193 378 2261 1555115555
401 2191 509 2274 (1561.
533 2188 578 2275 8.)
606 2189 697 2255 cuius
726 2188 806 2252 55151
829 2187 1052 2254 adhaerebant
1079 2186 1202 2252 indices
1224 2187 1395 2252 Mariorati
1417 2210 1492 2253 cum
1516 2169 1718 2271 praefatione
1739 2208 1825 2252 anno
1847 2187 1979 2253 demum
2000 2188 2186 2271 insequenti

188 2305 318 2386 scripta.
363 2303 417 2367 Ex
439 2302 555 2385 quibus
577 2300 670 2365 facile
692 2299 860 2382 collegeris
882 2299 970 2363 hune
992 2298 1204 2382 appendicem
1226 2299 1401 2382 separatim
1423 2308 1456 2364 et
1475 2299 1687 2383 probabiliter
1707 2300 1836 2383 saepius
1855 2300 2052 2383 impressum
2073 2299 2184 2379 151555,

188 2421 227 2480 51
247 2415 390 2480 55155515
411 2413 533 2479 1511555
555 2411 750 2477 editionibus
771 2410 865 2494 iungi
884 2418 1002 2492 posset,
1026 2411 1104 2475 anni
1124 2415 1202 2475 nota
1223 2430 1290 2474 non
1311 2416 1445 2476 mutata.
1491 2411 1642 2479 Vidimus
1665 2411 1730 2476 tale
1752 2411 1919 2495 exemplar
1936 2410 2090 2477 Aureliae
2108 2409 2186 2495 (Or-

187 2525 289 2612 lbaas)
312 2548 338 2602 a.
365 2529 445 2589 1565
468 2526 672 2606 impressum.

1045 2985 1249 3070 OAPU'P
1280 2988 1334 3070 V.

643 3206 950 3306 NOSTRAE
976 3207 1319 3306 EDITIONIS
1347 3206 1724 3306 CONSILIUM.
1814 3282 1816 3286 ,
1951 3282 1952 3285 κ

341 3412 441 3478 Petet
470 3434 512 3477 ex
545 3432 644 3494 supra
671 3411 765 3476 dietis
789 3411 1032 3476 Institutionem
1056 3410 1222 3495 religionis
1249 3412 1448 3477 christianae
1476 3412 1694 3478 551515155551
1721 3434 1781 3479 555
1807 3413 1875 3478 fata
1907 3412 2074 3493 habuisse,
2101 3435 2186 3498 quae

190 3525 336 3592 virorum
357 3525 525 3591 doctorum
547 3523 691 3589 examini
712 3523 926 3588 subiiciantur
944 3523 1079 3588 minime
1106 3522 1256 3606 indigna,
1290 3545 1391 3605 55555
1420 3523 1462 3588 ad
1488 3525 1590 3608 ipsius
1618 3525 1740 3590 autoris
1762 3525 1932 3590 historiam
1957 3527 2089 3608 penitus
2110 3548 2187 3610 per-

189 3635 386 3701 noscendam
411 3637 524 3720 magni
550 3657 620 3701 5555
649 3635 813 3699 momenti
863 3634 971 3718 Igitur
997 3636 1139 3716 profecto
1167 3643 1310 3700 nonest
1338 3634 1423 3717 quod
1449 3656 1621 3701 vereamur
1642 3657 1685 3701 ne
1711 3637 1783 3718 quis
1811 3637 1904 3702 nobis
1926 3637 2057 3703 crimini
2077 3645 2189 3705 vertat

189 3768 273 3831 quae
300 3749 336 3812 in
362 3748 425 3814 hac
447 3769 537 3813 nova
565 3747 706 3812 editione
732 3745 931 3830 praestanda
959 3747 1051 3812 nobis
1072 3747 1271 3829 sumpsimus
1292 3767 1459 3829 nunquam
1481 3747 1620 3813 antehac
1644 3753 1785 3826 tentata,
1813 3749 1906 3830 quasi
1935 3748 2033 3814 nimis
2059 3750 2188 3816 5511555

190 3864 300 3924 essent
321 3866 417 3940 atque
438 3859 575 3923 15511115.
619 3856 712 3925 Scias
732 3858 766 3923 id
788 3859 882 3924 55515
904 3859 941 3922 15
962 3859 1071 3924 551155
1093 3880 1164 3925 esse
1185 3864 1224 3922 ut
1244 3879 1357 3924 omnes
1378 3859 1484 3942 operis
1506 3858 1636 3938 formas,
1659 3865 1815 3942 quotquot
1836 3860 2041 3940 exstiterunt,
2064 3860 2188 3927 harum

189 3989 302 4035 rerum
322 3969 474 4036 studiosis
499 3991 718 4053 proponamus
740 3971 799 4035 1511
825 3970 922 4037 modo
943 3991 1114 4053 expressas
1132 3977 1185 4050 ut,
1213 3976 1372 4054 quantum
1392 3970 1464 4034 fieri
1491 3970 1647 4052 potuerit,
1676 3971 1880 4054 singularum
1902 3971 1944 4036 ad
1964 3978 2110 4038 55515155
2131 3994 2187 4038 15-

189 4081 312 4146 tionem
332 4080 427 4146 facile
447 4083 629 4164 perspicere
648 4088 777 4162 queant.
823 4080 897 4162 Quo
918 4088 1013 4165 55515
1039 4082 1074 4146 id
1096 4084 1177 4148 51115
1198 4082 1327 4148 15515115
1354 4081 1521 4147 fastidium
1541 4081 1740 4166 nimiamque
1761 4103 1934 4165 operarum
1954 4083 2074 4148 molem
2096 4105 2186 4150 asse-

190 4200 347 4275 quuturos
368 4214 428 4258 nos
450 4214 616 4275 speremus
637 4192 748 4275 paucis
769 4192 835 4255 iam
858 4191 1103 4258 declarabimus.

345 4302 440 4383 Sunt,
463 4310 500 4367 ut
522 4302 674 4382 diximus,
696 4309 764 4367 tres
785 4304 892 4384 operis
914 4302 1154 4370 diversissimae
1185 4306 1388 4370 recensiones
1409 4326 1547 4388 quarum
1574 4304 1718 4371 secunda
1738 4305 1899 4371 trifariam
1918 4312 2045 4370 mutata
2065 4313 2185 4387 exstat,

190 4416 237 4480 115
257 4421 296 4480 51
317 4423 467 4498 55155515
488 4415 573 4480 mato
596 4414 707 4480 decem
735 4415 810 4481 illas
831 4436 912 4498 quas
934 4417 1199 4480 enumeravimus
1227 4416 1430 4482 authenticas
1456 4416 1614 4483 editiones
1643 4417 1685 4482 ad
1706 4418 1864 4501 quinque,
1893 4425 1926 4481 51
1945 4418 2129 4483 necessario
2153 4425 2188 4484 et

190 4528 283 4594 facile
306 4526 569 4612 distinguendas,
592 4526 746 4592 reducere
765 4527 878 4610 555515.
923 4527 966 4591 In
984 4528 1100 4609 quibus
1122 4528 1404 4612 repraesentandis
1425 4527 1512 4593 hano
1533 4530 1621 4594 viam
1641 4530 1783 4613 ingrcssi
1804 4549 1925 4594 sumus.

273 4640 279 4651 '
343 4639 532 4705 Editionem
552 4639 733 4723 principem
754 4638 946 4723 simpliciter
962 4645 996 4703 et
1012 4639 1255 4705 accuratissime
1272 4639 1518 4706 describendam
1535 4662 1615 4722 5555,
1639 4650 1672 4706 51
1692 4662 1752 4707 555
1774 4641 1815 4706 55
1832 4640 1926 4705 151115
1943 4640 2063 4706 1555115
2079 4644 2187 4708 555111

190 4756 301 4834 151551
321 4757 509 4833 certumque
530 4751 713 4830 habuimus,
736 4772 840 4834 neque
861 4771 1057 4835 quemquam
1078 4757 1191 4817 555115
1213 4773 1387 4844 sensurum
1408 4753 1612 4819 arbitramur.
1657 4752 1803 4818 (laeteris
1826 4754 1946 4830 causis,
1969 4752 2088 4834 quibus
2109 4740 2186 4836 551-

190 4862 271 4926 moti
293 4862 361 4927 eius
383 4864 431 4928 rei
452 4863 622 4929 consilium
644 4863 803 4945 cepimus,
826 4868 859 4927 et
880 4863 961 4928 haec
983 4863 1118 4928 accessit
1139 4862 1227 4927 haud
1248 4864 1360 4930 infimo
1381 4865 1450 4930 loco
1470 4862 1635 4947 ponenda:
1665 4885 1828 4929 summam
1849 4864 1987 4930 dicimus
2008 4864 2109 4931 libelli
2131 4888 2186 4932 ra-

191 4972 322 5037 ritatem
341 4975 397 5057 qui
419 4974 516 5039 hodie
537 4996 604 5040 non
625 4976 690 5040 nisi
712 4975 748 5039 in
768 4975 974 5058 paucioribus
996 4974 1200 5041 bibliothecis
1220 4976 1358 5057 55511515
1378 4978 1547 5060 155511151,
1571 4995 1591 5039 5
1612 4975 1739 5040 55115115
1761 4977 1898 5059 privatis
1921 4982 2030 5041 autem
2052 4978 2186 5044 5155155

192 5083 303 5149 abesse
325 5083 471 5164 videtur,
501 5108 602 5169 quum
630 5087 796 5151 rarissime
821 5087 937 5152 venale
959 5094 1090 5169 prostat
1136 5084 1243 5167 Quem
1269 5109 1376 5170 nuper
1396 5089 1475 5153 55115
1495 5086 1622 5154 modico
1648 5089 1751 5170 pretio
1774 5088 1877 5153 soluto
1898 5093 2048 5153 nostrum
2069 5088 2185 5155 fecisse

190 5214 389 5278 magnopere
416 5197 507 5262 nobis
534 5192 747 5282 gratulamur.
797 5197 871 5262 Iam
897 5198 1049 5281 opusculo
1069 5200 1191 5263 1151551
1212 5199 1298 5266 edito
1325 5221 1494 5282 speramus
1521 5199 1589 5263 fore
1610 5204 1648 5261 ut
1673 5198 1823 5280 plurimis
1842 5201 1878 5277 15
1898 5200 1978 5266 15515
2000 5201 2070 5265 5155
2092 5203 2187 5284 55515
