4770 6030
178 366 240 427 aaa
273 382 275 386 Α
417 360 516 427 cir.
537 356 635 423 mv.
659 358 788 444 (vm.)

177 460 559 550 mmmmoem

177 551 326 631 Namque
347 549 376 612 is
397 549 453 629 qni
474 549 577 612 vitam
604 555 750 612 nostram
772 550 840 613 suis
861 551 1009 614 terminis
1031 549 1151 617 limita·

176 637 233 713 vit,
257 636 326 699 eius
354 634 449 698 matut
470 654 582 697 curam
605 633 692 715 apud
713 655 772 698 nos
795 634 957 716 deposuit;
984 636 1053 701 eins
1075 659 1151 702 eon-

177 719 358 786 servandae
384 720 565 784 rationibus
587 719 803 802 subsidiisque
825 721 996 800 instruxit3
1024 725 1151 805 pericu·

176 806 283 870 lorum
302 826 429 887 quoqne
451 806 612 885 praescios
633 806 725 883 fecit;
751 829 793 870 ne
821 808 968 872 incautos
989 809 1151 889 opprime-

176 899 259 968 rent,
283 892 449 955 cautiones
471 912 507 956 ae
530 890 674 955 remedia
693 894 863 975 suggessit.
908 892 1004 957 Nunc
1025 895 1151 977 perspi·

176 998 275 1043 cuum
298 984 362 1054 est,
392 975 470 1057 qnid
493 976 536 1039 sit
557 978 660 1041 nostri
682 978 787 1042 officii.
836 978 968 1058 Nempe,
998 979 1025 1042 si
1047 980 1151 1044 vitam

175 1063 269 1127 nobis
291 1070 438 1126 nostram
459 1061 630 1125 tutandam
652 1063 813 1127 commisit
829 1064 1001 1143 Dominus,
1024 1072 1061 1128 ut
1078 1087 1151 1129 cam

176 1154 342 1224 tueamur3
365 1148 393 1211 si
416 1146 562 1211 subsidia
584 1148 687 1225 offert,
703 1148 726 1233 ¹)
753 1156 791 1212 nt
812 1150 853 1213 iis
875 1157 1021 1229 utamur3
1045 1152 1072 1215 si
1094 1173 1150 1233 po-

176 1235 279 1299 ricula
300 1238 555 1314 praemonstrat,
583 1254 625 1296 ne
647 1242 767 1298 temere
789 1236 969 1313 irruamus;
997 1237 1025 1301 si
1046 1258 1150 1301 reme-

176 1319 230 1383 dia
264 1318 463 1399 suppeditat,
498 1339 540 1381 ne
574 1318 787 1402 negligamus.
836 1322 939 1403 Atqui
971 1322 1151 1404 pericnlum

175 1405 304 1468 nullum
324 1403 443 1481 oberit,
465 1404 531 1466 ‘nisi
551 1403 663 1469 fatale:
693 1405 778 1487 quod
798 1406 1005 1472 incluctabile
1027 1415 1078 1472 est
1099 1430 1151 1472 re·

176 1489 291 1553 mediis
323 1488 482 1552 omnibus.
534 1486 623 1568 Quid
651 1500 761 1554 autem
789 1493 817 1556 si
844 1492 916 1556 ideo
944 1493 1056 1557 fatalia
1084 1515 1151 1558 non

176 1583 254 1639 sunt
283 1573 486 1650 discrimina,
517 1575 593 1656 quia
614 1575 655 1640 iis
680 1578 910 1659 propulsandis
935 1600 972 1643 ac
994 1600 1151 1660 superan-

176 1660 226 1724 dis
258 1659 403 1723 remedia
433 1660 494 1723 tibi
520 1661 688 1725 Dominus·
715 1664 914 1746 assignavit?
964 1664 1050 1728 Vide
1072 1687 1150 1747 quo·

175 1745 270 1809 modo
293 1752 368 1808 tuae
391 1745 629 1809 ratiocinationi
648 1769 722 1812 cum
740 1748 852 1813 ordine
871 1749 1001 1815 divinae
1019 1749 1150 1832 dispen-

176 1832 311 1895 sationis
340 1831 520 1894 eonveniat.
566 1831 617 1896 Tu
637 1833 819 1898 cavendnm
843 1856 909 1899 non
931 1857 1001 1902 csse
1022 1838 1150 1919 pericu-

174 1916 244 1979 lum
266 1915 399 1998 colligis,
423 1917 500 1997 quia
521 1916 620 1982 fatale
638 1940 739 2000 quum
761 1942 828 1984 non
850 1921 901 1999 sit,
925 1923 1026 1986 simus
1050 1923 1149 1986 etiam

174 2003 256 2066 citra
283 2002 468 2065 cautionem
502 2004 645 2067 evasuri:
679 2006 842 2071 Dominus
871 2014 981 2071 autem
1013 2005 1086 2071 idco
1113 2017 1151 2072 ut

174 2108 289 2152 caveas
321 2087 482 2169 iniungit,
515 2089 591 2169 quia
618 2090 716 2155 fatale
743 2092 801 2156 tibi
837 2114 907 2157 esse
934 2093 1022 2158 nolit
1075 2094 1149 2174 Non

158 2171 364 2253 expendunt
390 2173 498 2236 insani
526 2175 580 2237 isti
607 2175 692 2255 quod
720 2184 770 2241 cst
799 2179 858 2243 sub
881 2178 996 2257 oculis,
1019 2179 1149 2244 consul·

174 2257 266 2321 tandi
287 2257 487 2339 cavendique
516 2266 603 2324 artes
631 2262 806 2345 inspiratas
834 2264 1009 2329 bominibus
1037 2286 1150 2331 essee

172 2343 330 2421 Domino,
364 2344 480 2424 quibus
512 2345 738 2427 providentiae
765 2350 835 2414 eius
863 2351 1082 2429 subserviant,
1111 2351 1148 2414 in

172 2431 259 2495 vitae
280 2429 432 2511 propriae
459 2433 712 2498 conservatione.
758 2433 1043 2515 Quemadmodum
1070 2458 1143 2501 con·

127 2524 132 2531 '
172 2522 225 2579 tra
249 2514 400 2597 neglectu
427 2523 460 2578 et
486 2517 647 2597 socordia,
679 2540 761 2601 quae
788 2521 853 2607 illis
879 2522 1024 2585 iniunxit
1051 2523 1147 2601 mala,

172 2601 235 2666 sibi
257 2607 436 2664 accersunt.
482 2599 549 2681 Qui
572 2604 609 2666 fit
633 2606 721 2668 enim
744 2614 782 2670 ut
802 2608 854 2671 vir
875 2606 1046 2689 providus,
1070 2607 1148 2671 dnm

172 2688 233 2752 sibi
256 2687 407 2764 consulit,
431 2687 675 2755 imminentibus
698 2692 797 2755 etiam
818 2693 914 2758 malis
936 2715 971 2757 sc
993 2692 1147 2775 explicet;

172 2772 305 2850 stultus,
335 2773 519 2837 inconsulta
548 2765 729 2841 temeritate
756 2787 882 2860 pereat;
911 2779 976 2843 nisi
1002 2778 1086 2860 quod
1115 2785 1148 2843 et

172 2859 313 2922 stultitia
346 2866 379 2921 et
415 2858 591 2940 prudentia
624 2861 754 2927 divinae
787 2872 865 2928 sunt
897 2864 1147 2946 dispensationis

171 2945 389 3007 instrumenta
417 2946 453 3008 in
478 2957 806 3031 utramquepartem.
850 2950 929 3014 Ideo
952 2971 1011 3015 nos
1038 2950 1146 3015 celare

171 3031 282 3092 futura
303 3031 412 3093 omnia
432 3030 537 3095 voluit
557 3033 658 3112 Deus,
682 3042 720 3098 ut
737 3044 893 3117 tanquam
911 3035 1017 3101 dubiis
1036 3058 1147 3101 occur-

172 3136 297 3192 ramus,
325 3136 430 3196 ncque
452 3115 639 3182 desinamus
664 3131 781 3203 parata
808 3121 953 3186 remedia
974 3143 1145 3205 opponere,

172 3200 273 3264 donec
300 3211 357 3263 ant
383 3209 535 3283 superata
562 3204 699 3284 fuerint,
728 3215 786 3271 aut
807 3228 937 3272 omnem
959 3229 1071 3273 curam
1092 3230 1146 3272 sn·

171 3287 366 3369 pcraverint.
604 3300 606 3306 '
1052 3340 1055 3354 .

257 3377 307 3434 44.
353 3372 394 3434 In
414 3373 455 3436 iis
477 3394 559 3455 quae
578 3378 644 3441 iarn
662 3380 871 3462 contigerunt
889 3380 1028 3460 pessime
1046 3387 1080 3443 et
1095 3380 1147 3445 in-

172 3457 362 3540 dignissime
384 3459 448 3521 Dei
471 3462 708 3540 providentiam
730 3472 893 3548 reputant.
925 3463 1047 3530 Omnia
1063 3486 1146 3547 quae

170 3545 256 3607 finnt
288 3545 322 3605 in
356 3543 504 3607 ordinem
537 3550 717 3630 respiciunt
749 3551 879 3617 divinae
913 3551 1144 3633 providentiae.

170 3630 260 3712 Ergo
288 3650 349 3693 nec
375 3630 478 3708 furta,
508 3652 568 3698 nec
591 3635 764 3716 adulteria,
794 3658 855 3701 nec
878 3636 1052 3702 homicidia
1072 3658 1146 3720 per-

170 3724 351 3796 petrantur,
374 3717 454 3798 quin
475 3716 539 3781 Dei
561 3721 710 3786 voluntas
732 3722 920 3787 intercedat.
966 3721 1036 3786 Cur
1057 3744 1145 3807 ergo,

170 3802 332 3883 inquiunt,
354 3802 408 3865 fur
429 3804 592 3884 punietur,
616 3809 670 3889 qni
693 3830 767 3872 eum
789 3809 946 3890 expilavit
963 3829 1060 3890 quem
1077 3810 1146 3874 Do-

170 3889 279 3951 minus
311 3896 505 3969 paupertate
531 3891 636 3956 voluit
663 3894 843 3977 castigare?
894 3893 964 3959 Cur
989 3896 1147 3976 punietur

171 3973 348 4052 homicida,
383 3976 439 4056 qui
468 3996 543 4040 eum
571 3979 746 4059 interfecit,
779 3981 831 4046 cni
859 3981 962 4044 vitam
982 3979 1146 4046 Dominus

171 4059 323 4123 finierat?
369 4059 408 4125 Si
429 4061 494 4124 Dei
515 4062 675 4129 voluntati
697 4067 845 4132 serviunt
866 4065 1054 4130 huiusmodi
1077 4088 1146 4131 om·

170 4166 254 4241 nes,
276 4167 335 4209 cnr
356 4148 557 4226 punientur?
601 4148 670 4214 Sed
698 4152 786 4216 enim
818 4173 873 4216 eos
894 4152 960 4215 Dei
986 4152 1147 4217 voluntati

171 4251 294 4294 servire
327 4252 418 4314 nego.
474 4233 550 4297 Non
581 4237 669 4299 enim
697 4238 753 4319 qni
779 4238 865 4301 malo
894 4239 1003 4301 animo
1030 4238 1145 4316 fertur,

77 4332 81 4347 ·
170 4316 326 4399 praebere
352 4319 570 4383 ministerium
598 4322 669 4386 Deo
703 4323 828 4387 iubenti
855 4323 1014 4402 dicemus,
1045 4344 1146 4407 quum

170 4402 334 4486 malignae
364 4404 534 4486 cupiditati
562 4415 692 4471 tantum
720 4408 924 4491 obsequatur.
968 4410 1070 4474 Paret
1090 4409 1145 4474 ille

170 4490 256 4566 Deo,
291 4490 347 4570 qui
374 4489 413 4553 dc
441 4491 510 4556 eins
531 4492 700 4558 voluntate
722 4493 868 4574 edoctus,
902 4517 939 4560 eo
968 4495 1143 4575 contendit,

169 4596 232 4656 quo
255 4575 295 4639 ab
319 4596 357 4638 ea
378 4584 521 4642 vocatur.
567 4579 663 4644 Unde
685 4587 796 4644 antem
814 4580 994 4659 edocemur,
1018 4583 1146 4646 nisiex

170 4663 240 4725 eins
269 4662 391 4726 verbo?
436 4663 579 4728 Proinde
606 4666 642 4728 in
670 4666 768 4730 rebus
797 4666 933 4749 agendis
955 4688 993 4730 ea
1015 4675 1065 4732 est
1087 4688 1145 4731 no-

170 4746 219 4811 bis
241 4748 468 4831 perspicienda
488 4751 552 4813 Dei
574 4751 740 4830 voluntas,
769 4773 867 4834 qnam
888 4752 988 4817 verbo
1011 4774 1069 4817 suo
1090 4752 1146 4817 de-

170 4832 281 4898 clarat.
325 4834 366 4897 Id
388 4836 525 4917 requirit
547 4858 650 4900 unum
667 4838 759 4902 Deus
782 4859 801 4902 a
823 4837 925 4917 nobis,
948 4838 1033 4920 qnod
1050 4860 1146 4921 prae-

171 4919 256 5000 cipit.
307 4918 345 4984 Si
378 4921 457 5002 quid
491 4921 647 4988 adversus
684 4932 894 5006 praeceptum
926 4923 1144 5008 designamus,

171 5024 237 5067 non
257 5005 441 5071 obedientia
464 5014 527 5087 est,
556 5008 613 5073 sed
636 5011 839 5075 contumacia
861 5017 894 5074 et
919 5010 1144 5094 transgressio.

241 5243 653 5347 mmmmmqm

831 361 894 425 DE
916 361 1389 429 PRAEDEsrnvArIONE
1412 362 1472 425 ET
1494 356 1819 425 PROVIDaNffl
1840 359 1932 423 DEI.

2116 362 2179 423 894

1203 553 1250 616 At
1273 551 1336 615 nisi
1358 549 1471 627 vellet,
1501 570 1567 612 non
1594 548 1782 611 faceremus.
1827 546 1960 624 Peteon
1990 547 2110 612 sedan
2132 549 2180 613 fa
2267 567 2271 576 ¹

1204 639 1307 702 cimus
1336 635 1480 699 malain
1502 634 1591 698 hunc
1620 635 1735 710 finem,
1763 638 1801 695 ut
1822 632 1852 695 ei
1874 633 2063 714 obsequium
2085 655 2180 715 prae·

1204 721 1347 788 stemus?
1383 722 1431 785 At
1451 720 1544 784 nobis
1566 741 1605 783 ea
1626 740 1833 800 nequaquam
1853 718 2002 796 mandat;
2024 720 2105 800 quin
2122 741 2179 801 po-

1203 810 1268 873 tius
1290 808 1455 883 irruimus,
1477 827 1543 870 non
1563 804 1640 886 quid
1662 804 1717 868 ille
1740 803 1820 868 vclit
1841 804 2034 887 cogitantes,
2058 805 2116 869 sed
2139 806 2179 869 li·

1203 894 1325 958 bidinis
1353 899 1485 957 nostrae
1513 891 1707 973 intemperie
1736 891 1783 954 sic
1811 890 1970 967 furentes,
2000 898 2037 954 ut
2065 899 2180 956 contra

1202 980 1311 1061 ipsum
1345 978 1506 1042 destinato
1534 977 1668 1041 consilio
1696 976 1849 1039 nitamur.
1902 976 2009 1057 Atque
2040 976 2103 1041 hac
2126 997 2178 1040 ra·
2233 1007 2240 1028 ·

1203 1066 1308 1142 tione,
1341 1063 1427 1127 male
1455 1061 1595 1146 agendo,
1627 1063 1732 1126 iustae
1762 1062 1831 1124 eius
1853 1061 2048 1125 ordinationi
2077 1063 2179 1127 ser'vi·

1203 1172 1291 1227 mus;
1320 1150 1397 1231 quia
1425 1171 1483 1231 pro
1511 1150 1671 1213 immensa
1699 1168 1777 1211 suae
1806 1147 1986 1228 sapientiae
2014 1149 2179 1230 magnitu-

1204 1235 1288 1313 dine,
1312 1235 1354 1300 ad
1375 1236 1457 1299 bene
1479 1233 1652 1317 agendum,
1675 1233 1770 1297 malis
1787 1233 2012 1296 instrumentis
2031 1235 2078 1296 uti
2096 1235 2179 1299 bene

1202 1322 1366 1404 probeque
1394 1322 1495 1384 novit.
1546 1321 1596 1384 Ac
1624 1319 1699 1384 vide
1721 1340 1819 1400 quam
1848 1318 1974 1382 insulsa
2000 1319 2044 1382 sit
2065 1341 2178 1383 eorum

1203 1408 1451 1490 argumentatio.
1495 1406 1662 1488 Impunita
1684 1426 1754 1469 esse
1776 1405 1942 1469 autoribus
1966 1405 2033 1469 suis
2056 1406 2179 1470 scelera

1203 1493 1333 1570 volunt,
1368 1493 1444 1574 qnia
1474 1493 1604 1556 nonnisi
1633 1491 1698 1555 Dei
1727 1490 1967 1575 dispensatione
1994 1497 2176 1572 patrantur.

1203 1579 1275 1661 Ego
1297 1579 1371 1661 plus
1392 1577 1545 1642 concedo:
1567 1578 1664 1655 fures,
1687 1584 1720 1639 et
1740 1575 1929 1654 homicidas,
1953 1583 1985 1639 et
2007 1576 2086 1641 alios
2108 1597 2178 1641 ma·

1202 1664 1327 1741 leficos,
1359 1664 1490 1728 divinae
1512 1685 1583 1728 csse
1606 1662 1828 1744 providentiae
1850 1662 2082 1739 instrumenta,
2106 1663 2178 1745 qui·

1203 1750 1264 1814 bus
1296 1750 1460 1814 Dominus
1485 1750 1571 1831 ipse,
1605 1748 1648 1812 ad
1675 1747 1880 1829 exsequenda
1911 1768 1993 1828 quae
2027 1746 2113 1831 apud
2143 1769 2177 1813 se

1203 1835 1371 1900 constituit
1397 1834 1518 1900 iudicia
1545 1835 1656 1898 utitur.
1701 1834 1804 1916 Atqui
1825 1854 1937 1897 eorum
1959 1833 2054 1898 malis
2075 1833 2178 1898 ullam

1202 1921 1278 1985 inde
1306 1922 1549 1986 excusationem
1578 1919 1688 1984 deberi
1715 1940 1808 2002 nego.
1854 1918 1943 1999 Quid
1965 1920 2075 1982 enim?
2120 1920 2177 1984 An

1201 2006 1255 2072 vel
1277 2007 1390 2072 eadem
1413 2027 1523 2071 secum
1544 2006 1716 2087 iniquitate
1738 2006 1848 2069 Dcmn
1875 2005 2100 2088 implicabunt,
2122 2005 2175 2070 vel

1202 2115 1295 2157 suam
1323 2093 1521 2175 pravitatem
1548 2091 1635 2155 illius
1657 2091 1782 2155 iustitia
1804 2090 1974 2172 operient?
2013 2091 2177 2156 Neutrum

1200 2186 1346 2261 possunt.
1392 2176 1466 2258 Quo
1488 2178 1598 2241 minus
1620 2197 1655 2241 se
1676 2184 1832 2259 purgent,
1859 2177 1990 2259 propria
2012 2178 2177 2270 conscien-

1202 2265 1249 2329 tia
1270 2265 1522 2347 redarguuntur.
1553 2261 1626 2343 Quo
1648 2262 1758 2326 minns
1775 2263 1885 2325 Deum
1904 2262 2106 2341 insimulent,
2127 2270 2176 2326 to-

1201 2358 1272 2414 tum
1294 2350 1330 2413 in
1351 2371 1385 2414 se
1405 2349 1541 2428 malum,
1552 2347 1814 2430 deprehendunt:
1837 2368 1936 2428 penes
1954 2349 2072 2430 ipsum,
2094 2370 2177 2412 non·

1201 2437 1264 2501 nisi
1287 2435 1470 2519 legitimum
1491 2435 1636 2500 malitiae
1663 2454 1741 2497 suae
1769 2454 1874 2497 usum.
1919 2431 1986 2497 Sed
2009 2436 2096 2498 enim
2118 2456 2178 2516 per

1199 2523 1287 2604 ipsos
1314 2528 1476 2604 operatur.
1527 2522 1572 2584 Et
1599 2520 1701 2597 unde,
1731 2539 1865 2600 quaese,
1896 2518 1999 2581 foetor
2019 2520 2056 2582 in
2079 2520 2175 2585 cada·

1199 2629 1292 2686 vere,
1322 2606 1407 2690 qnod
1434 2607 1540 2672 calore
1567 2606 1643 2671 solis
1672 2612 1744 2669 tum
1770 2603 2002 2686 putrefactum,
2032 2614 2102 2669 tum
2124 2628 2176 2670 re·

1201 2701 1344 2758 seratum
1365 2692 1486 2757 fuerit?
1520 2691 1635 2757 Radiis
1658 2690 1734 2756 solis
1756 2689 1893 2755 excitari
1915 2710 2027 2755 omnes
2045 2690 2174 2771 vident;

1199 2783 1296 2843 nemo
1324 2786 1435 2843 tamen
1464 2779 1536 2843 illos
1563 2778 1683 2843 foetere
1710 2775 1782 2840 ideo
1811 2774 1897 2840 dicit
1942 2775 1996 2839 Ita
2016 2798 2117 2858 quum
2140 2778 2175 2839 in

1199 2864 1331 2929 homine
1352 2864 1439 2929 malo
1461 2863 1626 2930 subsideat
1646 2862 1726 2927 mali
1752 2862 1889 2926 materia
1911 2868 1944 2925 et
1965 2862 2074 2945 culpa,
2098 2861 2176 2944 quid

1200 2949 1354 3032 estquod
1375 2951 1659 3032 inquinamentum
1682 2947 1810 3030 aliquod
1832 2946 2025 3012 contrahere
2041 2954 2177 3030 putetur
2223 2963 2224 2967 ’

1199 3037 1300 3113 Deus,
1319 3037 1347 3100 si
1371 3035 1412 3099 ad
1434 3057 1530 3100 suum
1552 3035 1725 3100 arbitrium
1746 3040 1859 3098 utatur
1882 3035 1950 3098 eius
1972 3031 2174 3098 ministerio?

1198 3122 1356 3188 Facessat
1382 3122 1483 3203 igitur
1511 3121 1630 3185 canina
1657 3121 1739 3185 baec
1765 3120 1961 3201 procacitas,
1990 3141 2072 3201 qnae
2095 3120 2176 3185 alla-

1199 3215 1287 3273 trare
1309 3206 1440 3289 quidcm
1463 3208 1591 3271 eminus
1612 3207 1677 3270 Dei
1700 3205 1858 3310 iustitiam
1884 3212 2006 3287 potest,
2029 3205 2175 3270 sednon
2232 3273 2233 3276 ,

1199 3294 1369 3357 attinere.

1283 3314 1335 3442 {a
1391 3378 1518 3442 Verum
1546 3377 1683 3443 refutari
1714 3399 1774 3442 nec
1807 3376 1924 3441 melius
1952 3397 2012 3441 nec
2042 3377 2175 3442 brevius

1198 3470 1335 3546 possunt
1363 3464 1445 3528 istae
1479 3463 1710 3541 absurditates,
1738 3484 1837 3545 quam
1865 3463 1893 3526 si
1916 3461 2175 3527 demonstremus

1199 3571 1281 3632 quae
1310 3550 1345 3613 in
1379 3551 1440 3613 rite
1471 3548 1653 3630 reputanda
1685 3547 1938 3630 meditandaque
1970 3547 2176 3630 providentia

1198 3633 1370 3699 retinenda
1391 3635 1435 3700 sit
1457 3635 1570 3718 regula
1587 3635 1726 3717 pictatis.
1756 3635 1846 3718 Ergo
1864 3634 2082 3698 christianum
2099 3655 2175 3716 pec·

1198 3728 1267 3799 tus,
1296 3742 1398 3802 quum
1426 3728 1513 3786 certo
1529 3714 1660 3786 'certius
1692 3741 1886 3804 persuasum
1911 3721 1954 3784 sit
1981 3720 2090 3783 omnia
2111 3719 2176 3785 Dei

1199 3806 1439 3889 dispensatione
1461 3806 1609 3884 evenire,
1635 3806 1720 3869 nihil
1732 3804 1757 3890 ¹)
1780 3805 1983 3888 contingere,
2007 3804 2049 3869 ad
2069 3805 2173 3884 illum,

1198 3892 1290 3957 velut
1311 3894 1519 3975 praecipuam
1540 3912 1659 3956 rerum·
1673 3913 1819 3971 causam,
1842 3890 1950 3956 oculos
1972 3912 2101 3972 semper
2123 3913 2174 3955 rc·
2233 3940 2236 3945 .

1198 3978 1295 4057 feret;
1323 3999 1438 4043 causas
1468 3973 1580 4042 tamen
1604 3977 1773 4042 inferiores
1799 3998 1857 4042 suc
1885 3976 1955 4042 loco
1982 3977 2171 4041 intuebitur.

1198 4063 1328 4127 Deinde
1350 4063 1550 4148 singularem
1571 4064 1635 4128 Dei
1662 4062 1903 4148 providentiam
1924 4063 1965 4127 ad
1988 4084 2022 4128 sc
2044 4084 2173 4127 conser-

1198 4149 1344 4215 vandum
1365 4149 1526 4214 excubare
1547 4170 1614 4214 non
1636 4148 1810 4228 dubitabit,
1833 4170 1916 4232 quae
1937 4148 2021 4213 nihil
2044 4148 2174 4212 evenire

1198 4256 1335 4318 passura
1363 4235 1420 4314 sit,
1447 4232 1546 4317 quani
1567 4234 1652 4317 quod
1680 4235 1765 4299 bono
1787 4257 1825 4301 ac
1847 4235 1944 4300 saluti
1972 4235 2034 4299 sibi
2056 4239 2173 4298 vertat

1199 4320 1363 4401 Quoniam
1397 4327 1506 4385 antem
1539 4342 1613 4385 cnm
1647 4321 1833 4386 hominibus
1865 4323 2022 4404 primum,
2056 4318 2174 4382 deinde

1198 4429 1272 4472 cum
1302 4406 1436 4489 reliquis
1464 4407 1621 4471 creaturis
1648 4406 1696 4469 illi
1716 4407 1882 4491 negotium
1910 4414 1973 4483 cst,
2002 4405 2173 4486 utrobique

1198 4493 1259 4558 sibi
1280 4492 1485 4575 pollicebitur
1509 4493 1573 4557 Dei
1600 4492 1839 4575 providentiam
1865 4513 2012 4576 regnare.
2058 4488 2173 4570 Quan-

1197 4585 1268 4643 tum
1301 4578 1343 4642 ad
1375 4579 1523 4644 homines
1551 4579 1681 4657 attinet,
1710 4579 1778 4643 sive
1800 4578 1876 4642 boni
1905 4579 1971 4641 sint
1992 4577 2061 4641 sivo
2083 4575 2171 4655 mali,

1198 4685 1311 4728 eornm
1333 4664 1483 4742 consilia,
1506 4664 1707 4743 voluntates,
1730 4671 1880 4741 conatus,
1903 4662 2088 4740 facultates,
2112 4662 2172 4727 sub

1197 4751 1267 4814 eius
1286 4771 1388 4814 manu
1409 4772 1479 4815 esse
1502 4757 1663 4834 agnoscet,
1686 4757 1723 4814 ut
1740 4750 1869 4813 flectcre
1891 4769 1953 4830 quo
1971 4747 2110 4825 libuerit,
2134 4768 2172 4813 ae

1197 4835 1322 4917 quoties
1349 4835 1482 4901 libuerit
1503 4837 1738 4918 constringere,
1767 4836 1803 4896 in
1825 4835 1894 4898 eius
1917 4833 2050 4897 arbitrio
2072 4834 2172 4897 sitnm

1197 4921 1247 4986 sit.
1299 4919 1509 5004 Singularcm
1529 4922 1594 4984 Dei
1622 4920 1860 5003 providentiam
1889 4920 1923 4983 in
1952 4918 2097 4983 fidolium
2119 4939 2171 4983 sa·

1196 5007 1299 5070 lntem
1332 5007 1506 5086 excubare,
1541 5006 1701 5089 plurimae
1727 5012 1803 5069 sunt
1836 5012 1869 5069 et
1895 5004 2172 5070 luculentissimae

1267 5278 1697 5349 mmmmmna
