4770 6030
198 337 257 427 nu
846 281 1443 398 nshrnnonsnenssn
1470 332 1560 395 reae.
2151 332 2212 394 132

196 523 331 611 guinem
358 520 591 605 complectitur.
641 520 697 584 En
729 541 844 585 sensus
871 521 974 585 nostri
1002 541 1078 587 eum
1105 521 1178 585 Deo
1229 519 1355 586 Paulus
1383 524 1565 601 acceperat,
1592 539 1704 584 omnes
1732 518 1802 583 siue
1830 516 2017 583 ffinnmns
2038 517 2213 585 admitten-

197 627 407 686 6011261161111,
433 606 505 686 ubi,
534 606 589 671 vel
609 605 775 671 tantillum
797 607 881 672 laxis
904 606 1055 685 habenis,
1082 606 1178 671 lasci·
1232 605 1298 684 dos,
1320 605 1455 671 videant
1477 626 1498 669 a
1518 625 1582 687 quo
1604 604 1798 687 acceperint,
1821 604 1877 685 qui
1897 605 2088 670 universam
2107 626 2213 688 paene

197 695 269 762 vire
290 693 488 775 ferocireque
511 693 624 775 coepit
668 692 831 757 Dominus
852 713 972 776 panem
993 690 1177 771 ostendens,
1230 691 1295 757 Dei
1323 692 1453 774 plebem
1482 690 1633 774 abigunt3
1667 688 1797 774 quando
1828 690 1895 754 iam
1921 689 2032 753 Deum
2064 697 2213 758 autorem

196 801 314 864 corpus
334 800 430 844 suum
452 799 523 844 esse
546 777 624 843 dicit
630 801 638 858 ;
666 777 801 843 calicem
824 778 902 843 dum
924 777 1079 857 ostendit,
1102 799 1178 845 san-
1229 777 1443 860 praetendere
1464 798 1531 841 nou
1548 784 1693 859 possunt,
1717 774 1804 858 apud
1823 796 1920 858 quem
1941 797 2009 840 non
2031 781 2089 856 eet,
2112 783 2163 843 est
2179 786 2214 845 et-

196 869 329 953 guinem
361 870 465 929 vocat
520 864 696 929 Humanae
727 865 863 930 rationis
896 864 1032 929 audacia
1064 871 1178 931 contm
1230 884 1305 928 non.
1349 864 1396 928 Et
1425 862 1533 928 adhuc
1560 863 1643 928 tales
1672 861 1928 928 abominationes
1955 862 2087 927 nomine
2108 865 2211 930 eccle-

194 953 361 1030 reclamat,
382 970 503 1032 panem
518 971 590 1015 esse
607 951 809 1034 sanguinem,
831 951 947 1016 vinum
962 972 1033 1016 esee
1050 971 1175 1033 corpus.
1230 949 1297 1014 siae
1313 950 1534 1033 praeteximus
1552 956 1586 1013 ct
1602 949 1664 1014 hoc
1680 953 1854 1032 praetextu
1870 946 2096 1014 defendimus?
2119 952 2213 1033 quasi

194 1030 246 1105 At
263 1039 292 1104 ei
309 1037 472 1101 Dominus
492 1037 584 1101 nulla
605 1057 704 1101 eausa
726 1058 842 1120 corpus
860 1058 957 1101 suum
981 1037 1178 1120 aeanguiue
1229 1055 1308 1100 vero
1336 1043 1393 1100 aut
1426 1036 1482 1100 isti
1515 1035 1698 1100 antichristi
1726 1033 1863 1100 ecclesia
1889 1035 1969 1114 sint,
2004 1035 2060 1117 qui
2086 1034 2212 1102 Christi
2281 1074 2284 1079 ·

195 1131 230 1190 et
249 1123 359 1190 verbis
379 1129 413 1186 et
434 1123 536 1206 signis
557 1122 768 1201 distinxisset,
787 1128 821 1188 et
836 1144 981 1204 unquam
998 1122 1097 1187 fando
1119 1143 1177 1186 au·
1230 1121 1410 1186 doctrinam
1440 1128 1473 1186 et
1498 1122 1717 1186 institutiones
1743 1127 1813 1184 tam
1843 1140 1886 1184 ex
1912 1119 2000 1186 facili
2029 1130 2210 1205 proterrmt,

195 1211 300 1276 ditum
322 1215 421 1286 esset,
449 1229 566 1291 eorpus
588 1207 728 1286 Christi,
760 1215 817 1273 aut
837 1209 1045 1293 sangumem,
1067 1209 1177 1273 Deum
1231 1206 1406 1290 dissipant,
1433 1209 1608 1292 abrogant;
1638 1215 1695 1272 aut
1716 1205 1891 1289 apostalice
1913 1207 2049 1272 ecclesia
2075 1209 2212 1276 ecclesia

194 1303 229 1362 et
253 1295 421 1359 hominem
446 1295 611 1377 appellari.
657 1292 746 1359 Sane
773 1295 801 1359 si
825 1294 997 1380 designare
1020 1315 1055 1360 se
1072 1302 1178 1368 totum
1230 1314 1295 1358 uon
1317 1294 1431 1373 fuerit,
1457 1295 1495 1357 in
1517 1314 1582 1376 qua
1603 1299 1672 1358 tota
1692 1293 1744 1358 vis
1763 1291 1931 1376 religionis
1952 1293 2101 1358 effloruit.
2145 1296 2211 1362 His

193 1382 359 1458 voluisset,
383 1379 490 1445 dicere
511 1387 653 1463 poterat:
677 1401 737 1464 ego
760 1401 848 1461 sum;
871 1380 1011 1463 qualiter
1032 1381 1121 1463 loqui
1142 1379 1178 1444 iu
1230 1386 1264 1444 et
1285 1380 1444 1445 similibus
1472 1379 1614 1445 inventis
1642 1385 1778 1449 conatus
1799 1385 1850 1443 eet
1868 1384 1965 1444 satan
1986 1379 2078 1443 velut
2098 1381 2211 1449 offusis

194 1465 688 1552 scripturisconsuevitfflatth.
703 1467 846 1532 lanne.
860 1466 1013 1532 taloan.
1030 1465 1093 1552 18),
1111 1487 1179 1531 non
1229 1466 1389 1545 tenebris,
1412 1487 1540 1531 sacram
1562 1463 1688 1531 Christi
1710 1485 1845 1530 coenam
1865 1464 2028 1530 indiscere
2052 1472 2086 1530 et
2104 1467 2211 1550 iuqui-

198 1559 322 1619 autem:
345 1552 408 1618 hoe
425 1559 476 1618 est
494 1573 611 1635 corpus
632 1573 752 1631 meum,
775 1553 829 1617 hic
851 1559 902 1618 est
924 1554 1057 1636 sanguis
1074 1574 1175 1617 meus.
1229 1572 1326 1630 nare,
1349 1572 1391 1616 ne
1414 1552 1530 1617 saltem
1550 1551 1620 1616 eius
1641 1551 1767 1634 puritas
1789 1551 1825 1614 in
1847 1549 1983 1615 ecclesia
2003 1550 2209 1620 retineretur.

195 1639 359 1724 Equidem
376 1639 451 1716 scio,
474 1645 609 1704 satanae
625 1638 800 1718 ministros,
824 1645 863 1702 ut
880 1639 1024 1704 solemne
1045 1639 1110 1703 illis
1128 1645 1178 1702 est
1229 1637 1298 1704 Sed
1312 1637 1495 1703 horrendae
1512 1637 1761 1702 abominationis
1782 1642 1881 1718 caput
1895 1636 1965 1716 fnit,
1988 1658 2065 1702 cum
2079 1638 2212 1723 signrnn

197 1726 376 1808 scripturas
398 1723 538 1789 ludibrio
567 1724 702 1803 habere,
730 1724 784 1789 hic
813 1724 926 1789 ludere
954 1732 987 1790 et
1015 1724 1175 1790 cavillari:
1229 1724 1355 1803 extulit,
1378 1745 1442 1807 quc
1462 1745 1528 1788 non
1545 1722 1641 1788 modo
1662 1723 1892 1789 obscuraretur
1908 1728 1942 1786 et
1957 1728 2208 1806 perverteretur,

196 1810 282 1877 eolus
315 1809 476 1893 apostolos
504 1811 539 1873 in
571 1809 669 1874 huius
702 1831 821 1876 coenae
853 1810 1178 1893 participationema
1229 1810 1288 1875 sed
1308 1811 1439 1893 penitus
1467 1809 1638 1875 obliterata
1665 1815 1699 1874 et
1725 1808 1846 1874 abolita
1873 1815 2082 1874 evanesceret
2108 1816 2209 1877 etex

131 1898 133 1903 ’
196 1896 329 1963 Christo
352 1894 519 1974 admissos,
541 1916 621 1978 quos
643 1897 710 1960 iam
730 1897 765 1960 iu
787 1897 1009 1962 sacrificorum
1030 1896 1178 1961 ordinem
1229 1897 1401 1961 hominum
1422 1897 1581 1961 memorie
1607 1894 1773 1961 excideret
1779 1917 1787 1974 ;
1815 1915 1933 1985 nempe
1958 1915 2034 1960 cum
2054 1897 2209 1979 petlen-

196 1982 363 2066 allegisset
383 1987 417 2045 et
438 1987 628 2064 cooptasset
656 1981 768 2046 Velim
785 1988 895 2047 tamen
915 1983 997 2047 mihi
1019 1982 1062 2047 ad
1082 1983 1177 2065 quin·
1230 1983 1355 2048 tissime
1373 2003 1482 2047 errore
1499 1988 1606 2046 totum
1622 2002 1726 2064 paene
1743 1981 1855 2045 orbem
1872 1982 2064 2061 occaecavit,
2085 1989 2124 2047 ut
2140 2005 2211 2050 cre·

218 2089 260 2132 ue
276 2067 441 2150 postulata
456 2067 674 2150 respondeant
691 2069 807 2150 quibus
825 2069 910 2134 elabi
931 2091 996 2132 non
1014 2075 1176 2151 potenmt
1231 2067 1323 2133 deret
1343 2069 1479 2133 missam
1502 2068 1698 2134 sacrificium
1723 2072 1756 2132 et
1774 2066 1971 2132 oblationem
1993 2088 2064 2133 esse
2085 2067 2128 2133 ad
2150 2071 2211 2135 im·

196 2088 331 2241 11264]
354 2153 433 2235 quin
455 2153 549 2218 facile
571 2174 645 2219 eum
667 2155 735 2219 suis
756 2154 934 2220 mendaciis
956 2157 1176 2221 revincantur.
1229 2154 1424 2237 patrandam
1446 2152 1487 2240 [p.
1501 2151 1577 2240 266]
1601 2159 1808 2236 peccatorum
1829 2152 2063 2218 remissionem.

282 2239 449 2304 Primum:
483 2259 546 2322 quo
574 2239 704 2304 oraculo
734 2240 913 2306 revelatam
941 2241 1065 2306 habent
1091 2241 1178 2305 hanc
1318 2238 1427 2320 Quam
1457 2241 1540 2305 altas
1573 2239 1699 2304 radices
1731 2240 1842 2303 fixerit
1874 2238 1956 2304 haec
1986 2239 2098 2322 pestis,
2132 2242 2211 2322 soio;

197 2323 407 2402 solutionem,
434 2330 504 2389 tam
531 2325 672 2389 alienam
702 2347 721 2389 a
748 2327 847 2392 verbo
868 2326 955 2392 Dei?
1007 2325 1179 2409 Scriptum
1231 2333 1354 2409 quanta
1386 2326 1446 2393 sub
1479 2326 1585 2408 specie
1617 2326 1693 2391 boni
1720 2324 1836 2403 lateat,
1869 2332 1908 2388 ut
1938 2345 2059 2391 nomeu
2086 2325 2212 2394 Christi

197 2410 368 2476 duodecim
393 2415 555 2490 recenset,
583 2411 641 2493 qui
661 2412 871 2476 accubuerint
898 2434 973 2479 cum
999 2413 1091 2491 Iesu,
1121 2412 1179 2477 sed
1231 2413 1402 2495 praeferat,
1426 2419 1463 2476 ut
1473 2433 1539 2476 uno
1555 2411 1676 2476 missae
1693 2411 1826 2475 nomine
1837 2416 1941 2474 totam
1957 2410 2033 2476 fidei
2047 2433 2211 2480 summam

86 2542 89 2547 ,
197 2515 264 2562 non
282 2497 330 2561 ita
347 2494 474 2561 Christi
491 2495 684 2580 dignitatem
701 2498 862 2578 obseurat,
885 2506 923 2563 ut
944 2500 1107 2564 sacrificos
1125 2518 1179 2562 eos
1232 2498 1401 2581 complecti
1423 2520 1458 2563 se
1479 2497 1576 2562 multi
1596 2496 1740 2563 credant
1770 2494 1845 2567 ,Sed
1863 2495 1921 2560 ubi
1941 2497 2041 2563 verbo
2061 2498 2128 2564 Dei
2144 2498 2210 2565 cla·

198 2582 348 2666 appellet.
392 2582 445 2646 De
472 2602 535 2665 quo
561 2584 695 2648 nomine
722 2592 851 2666 postea,
883 2604 941 2650 suo
961 2584 1038 2650 leco.
1083 2584 1130 2649 Et
1151 2585 1179 2649 si
1231 2585 1359 2649 tissime
1381 2585 1626 2666 comprobatum
1647 2583 1761 2661 ferent,
1784 2582 1870 2648 hanc
1890 2584 2099 2666 quantumvis
2119 2585 2210 2650 firce-

197 2667 367 2734 duodeoim
384 2673 456 2731 tum
467 2666 570 2747 dedit,
593 2670 759 2752 praecepit
776 2675 886 2735 tamen
903 2675 941 2735 ut
958 2671 1003 2736 sie
1020 2670 1178 2736 facerent:
1231 2677 1300 2735 tam
1321 2677 1356 2735 et
1376 2669 1580 2753 splendidam
1598 2670 1742 2748 missam,
1765 2668 1887 2753 insigni
1905 2669 2100 2735 contumelia
2111 2667 2209 2735 Chri-

197 2774 316 2837 nempe
341 2758 381 2817 ut
408 2753 455 2818 sio
480 2754 625 2818 intereo
647 2754 887 2820 distribuerent
932 2753 1097 2822 Secundo:
1121 2777 1180 2822 cur
1232 2763 1321 2821 etum
1347 2757 1490 2835 afficere,
1524 2776 1655 2821 enicem
1689 2755 1759 2819 eius
1792 2752 1929 2838 sepelire
1956 2762 1990 2819 et
2016 2757 2208 2839 opprimere,
2246 2809 2253 2824 ,

196 2839 331 2905 meliore
352 2838 409 2903 illc
431 2839 569 2933 saeculo,
593 2840 634 2904 ab
657 2840 810 2924 apostolis
829 2841 871 2906 ad
887 2842 1097 2924 millenaque
1119 2863 1178 2906 an·
1231 2849 1371 2906 mortem
1392 2843 1462 2907 eius
1482 2842 1518 2906 iu
1540 2841 1736 2907 oblivionem
1761 2841 1905 2918 tradere,
1928 2840 2072 2906 fructum
2091 2842 2147 2925 qui
2167 2863 2210 2907 ex

196 2946 257 2991 nos
277 2931 398 3008 postea,
421 2925 492 2990 sine
513 2927 711 3008 exceptione,
733 2948 846 2993 omnes
870 2928 991 2995 fiebant
1011 2929 1178 3010 utriusque
1231 2949 1271 2992 ea
1292 2928 1384 2994 nobis
1401 2927 1613 3011 proveniebat
1621 2927 1745 3008 tollere,
1767 2933 2018 3005 sacramentum,
2040 2947 2103 3009 quo
2122 2949 2210 2993 mor·

197 3033 213 3077 s
271 3011 337 3076 boli
357 3010 551 3093 participes?
581 3012 801 3095 Ignorabame
817 3021 913 3079 vetus
931 3014 1075 3093 ecclesia,
1099 3035 1179 3096 quos
1231 3015 1274 3079 tis
1302 3015 1459 3079 memoria
1485 3013 1600 3079 relicta
1625 3020 1711 3093 erat,
1739 3033 1898 3078 enervare
1925 3018 1959 3077 et
1983 3011 2142 3096 dissipare
2168 3035 2211 3079 au

229 3096 353 3162 hristus
373 3096 527 3162 convivae
545 3096 586 3163 ad
603 3118 737 3164 coenam
755 3121 849 3164 suem
868 3099 1073 3166 admisisset?
1095 3101 1178 3165 Per·
1231 3107 1328 3166 erunt
1348 3100 1434 3165 ullae
1460 3105 1530 3164 tam
1558 3098 1738 3183 profundae
1763 3098 1904 3178 radices,
1932 3118 2014 3181 quas
2040 3120 2107 3163 non
2127 3100 2211 3165 vali-

197 3181 377 3248 ditissimae
405 3182 626 3265 impudentiae
647 3185 759 3265 fuerit,
781 3186 835 3251 hic
856 3189 1007 3252 restitere
1029 3191 1062 3251 et
1077 3187 1178 3270 tergi-
1231 3186 1363 3252 dissinm
1386 3185 1467 3251 haec
1489 3187 1625 3265 secans,
1648 3186 1795 3263 verbum,
1817 3186 1961 3268 inquam,
1984 3184 2049 3250 Dei
2068 3184 2209 3251 evellat?

195 3268 331 3359 versam.
375 3268 504 3333 Extant
525 3269 760 3336 ecclesiasticae
781 3272 951 3351 historiae,
979 3278 1094 3337 extant
1119 3293 1177 3337 ve-
1230 3273 1286 3337 An
1312 3272 1381 3337 ulla
1406 3279 1476 3336 mm
1496 3273 1641 3354 speciosa
1660 3271 1768 3350 facies,
1791 3270 1852 3335 sub
1874 3291 1939 3354 qua
1959 3269 2066 3336 lutens
2086 3271 2211 3337 malum

196 3361 305 3420 tenum
326 3353 415 3434 libri,
443 3355 498 3438 qui
518 3361 633 3438 aperta
658 3357 756 3422 larius
782 3359 830 3423 rei
851 3359 1038 3423 testimonia
1058 3379 1177 3442 sugge-
1229 3358 1288 3422 lux
1309 3359 1391 3423 haec
1413 3378 1479 3423 non
1497 3356 1634 3441 prodat?
1664 3354 1887 3422 Ostendemus
1908 3376 1985 3440 ergo
2003 3357 2089 3439 quod
2105 3358 2210 3441 primo

196 3446 276 3506 runt
293 3437 327 3525 ¹).
373 3440 496 3505 Tertio:
531 3463 591 3506 cur
619 3441 659 3506 de
688 3463 772 3525 pane
800 3443 990 3527 simpliciter
1012 3445 1110 3523 dixit,
1139 3452 1178 3508 ut
1229 3444 1299 3509 loco
1320 3445 1521 3527 propositum
1542 3452 1604 3509 est:
1627 3442 1865 3510 intolerabilem
1885 3441 1952 3508 illic
1972 3441 2211 3526 blasphemiam

197 3525 341 3606 ederent,
364 3524 405 3591 de
426 3526 535 3605 calice,
558 3535 594 3592 ut
615 3548 727 3593 omnes
749 3530 911 3609 biberent,
933 3552 970 3596 ac
993 3531 1021 3595 si
1042 3537 1177 3596 satanae
1230 3552 1268 3596 ac
1286 3529 1516 3596 contumeliam
1538 3529 1672 3595 Christo
1692 3529 1840 3613 irrogari.
1886 3525 2048 3594 Sacerdos
2069 3530 2210 3596 enimet

195 3611 365 3679 calliditati
387 3632 430 3676 ex
452 3612 613 3678 destinato
636 3635 806 3680 occurrere
828 3616 1005 3682 voluisset?
1035 3615 1174 3697 Quarto:
1228 3616 1375 3699 pontifex
1402 3638 1422 3680 a
1453 3623 1546 3698 patre
1579 3622 1786 3681 consecratus
1811 3621 1877 3690 est,
1910 3634 1976 3678 non
2003 3613 2046 3679 ad
2071 3620 2209 3698 tempus,

194 3698 226 3763 si
246 3718 306 3762 sua
322 3718 423 3763 coena
439 3699 602 3764 Dominus
619 3702 704 3765 solos
723 3703 895 3781 sacrificos,
917 3709 955 3766 ut
972 3703 1035 3785 ipsi
1051 3701 1175 3782 volunt,
1228 3702 1387 3786 quomodo
1408 3701 1458 3766 illi
1474 3702 1510 3765 in
1527 3703 1631 3767 veteri
1646 3706 1841 3766 testamento
1855 3700 2022 3767 constituti
2039 3700 2211 3785 leguntur;

196 3780 350 3867 dignatus
377 3791 444 3864 eet,
478 3785 551 3868 quie
578 3808 723 3868 uuquam
756 3788 926 3853 hominum
955 3810 1053 3854 ausus
1081 3795 1175 3868 esset,
1229 3810 1367 3872 quorum
1383 3809 1458 3854 cum
1475 3789 1545 3853 vita
1555 3787 1701 3852 mortalis
1723 3794 1817 3866 esset,
1840 3784 2057 3852 sacerdotium
2076 3787 2210 3852 immor·

195 3888 313 3936 vocare
342 3870 376 3935 in
395 3870 676 3953 participationem
698 3880 886 3954 extraneos,
915 3875 971 3958 qui
993 3895 1014 3938 a
1033 3875 1177 3940 Domino
1228 3875 1294 3940 tale
1316 3895 1387 3940 esse
1408 3895 1474 3939 non
1495 3880 1624 3957 poterat
1645 3871 1762 3961 (Hebr.
1777 3877 1806 3938 5.
1820 3877 1928 3937 'Lbet
1943 3871 2006 4021 16].
2048 3870 2160 3953 Quare
2177 3880 2211 3938 et

196 3953 321 4020 exclusi
342 3963 465 4034 essent,
488 3964 522 4020 et
542 3958 822 4040 perticipationem
845 3959 976 4043 quidem
998 3960 1068 4026 eius
1090 3960 1175 4041 doni,
1229 3960 1467 4026 successoribus
1484 3981 1565 4043 opus
1583 3966 1662 4038 erat,
1681 3959 1736 4042 qui
1754 3957 1890 4024 subinde
1910 3958 1946 4022 in
1988 3965 2210 4024 emortuorum

194 4041 289 4108 cuius
310 4062 410 4123 penes
427 4061 462 4106 se
488 4049 632 4124 potestas
652 4066 719 4109 nou
738 4051 838 4125 esset;
865 4047 957 4111 nullo
984 4048 1053 4111 eius
1082 4068 1176 4111 man·
1227 4046 1336 4112 locum
1363 4047 1625 4130 subrogarentur.
1674 4047 1722 4110 At
1748 4044 1894 4125 Christo,
1927 4045 1983 4127 qui
2016 4043 2210 4110 immortalis

194 4126 287 4206 dato,
316 4128 373 4210 qui
400 4127 487 4191 solus
515 4127 593 4192 dare
618 4130 766 4211 poterat?
811 4131 883 4196 Imo
910 4154 975 4214 qua
1002 4132 1037 4197 id
1057 4132 1177 4198 fiducia
1229 4139 1295 4210 est,
1323 4133 1483 4198 vicarium
1503 4133 1657 4198 substitui
1677 4132 1811 4196 minime
1832 4151 1964 4197 necesse
1991 4139 2049 4194 est.
2093 4130 2210 4213 Itaque

196 4212 293 4279 hodie
313 4221 482 4295 usurpant,
504 4220 542 4277 ut
557 4214 744 4296 plebeculae
760 4218 945 4303 symbolum
963 4217 1088 4283 Christi
1106 4239 1176 4284 eor·
1230 4225 1359 4301 epatre
1381 4218 1570 4302 designatus
1591 4224 1642 4282 est
1663 4217 1814 4284 sacerdos
1834 4219 1870 4282 iu
1892 4223 2071 4295 aeternum,
2092 4236 2209 4282 secun·

195 4300 284 4383 poris
308 4295 349 4384 [p.
363 4296 438 4385 265]
463 4298 673 4381 distribuant,
699 4303 727 4366 si
747 4303 877 4368 nullmn
897 4304 1022 4370 habent
1042 4304 1178 4369 Domini
1229 4304 1308 4369 dum
1326 4304 1474 4369 ordinem
1484 4303 1738 4383 Melchisedech,
1755 4310 1795 4368 ut
1809 4309 1979 4368 aeteruum
1994 4308 2209 4384 permanente
2339 4318 2342 4320 ’

195 4385 250 4451 vel
271 4384 477 4463 mandatum,
506 4385 560 4451 vel
586 4408 682 4451 exem
703 4388 794 4454 lum?
839 4389 978 4471 Quinto:
1014 4412 1057 4454 au
1084 4410 1177 4452 men·
1229 4390 1408 4457 sacerdotio
1440 4391 1632 4475 fungeretur
1664 4388 1765 4475 (Gen.
1792 4393 1839 4454 14.
1878 4388 1966 4454 Psal.
1992 4386 2078 4538 11³.
2133 4386 2208 4454 Hoc

195 4470 339 4536 tiebatur
359 4471 484 4536 Paulus
506 4469 538 4556 (l
559 4471 632 4539 Cor.
649 4479 685 4536 ll
732 4497 808 4541 eum
835 4475 963 4543 dicebat
980 4474 1173 4541 Corinthiis:
1228 4477 1423 4562 mysterium
1443 4475 1482 4562 [p.
1496 4474 1573 4562 267]
1592 4478 1628 4541 in
1645 4473 1890 4541 Melchisedech
1905 4481 1982 4539 ante
1998 4494 2033 4537 m
2068 4479 2103 4538 tc
2122 4474 2227 4559 liga.

197 4578 232 4622 se
254 4557 415 4640 accepisse
444 4558 627 4624 aDominc
648 4560 734 4643 quod
754 4561 820 4627 illis
841 4560 1043 4628 tradiderat?
1088 4560 1176 4625 Nam
1229 4570 1339 4628 ratum
1360 4564 1481 4642 irrorat,
1505 4584 1602 4646 quem
1624 4563 1680 4627 ubi
1702 4562 1864 4643 scriptura
1884 4559 1985 4625 semel
2005 4557 2138 4624 induxit
2156 4581 2209 4626 aa·

195 4648 310 4726 postea
340 4643 549 4709 traditionem
582 4644 739 4712 declarat:
778 4655 815 4713 ut
842 4659 960 4713 'omnes
992 4646 1176 4731 promiscue
1229 4648 1393 4715 eerdotem
1414 4649 1479 4713 Dei
1500 4650 1655 4727 viventis,
1683 4667 1846 4730 nusquam
1866 4652 1979 4729 postea
1999 4645 2150 4711 meminit
2170 4666 2209 4712 ac

195 4728 327 4812 utrique
344 4728 490 4815 symbolo
511 4733 796 4798 communicarent.
828 4732 924 4815 Quod
946 4720 977 4799 si
993 4754 1013 4798 a
1032 4733 1176 4797 Domino
1229 4735 1258 4799 si
1284 4735 1413 4800 nullum
1437 4735 1525 4800 vitae
1552 4737 1652 4800 finem
1680 4732 1856 4798 habuisset
1901 4732 1976 4797 Hac
1997 4729 2210 4797 similitudine

1228 4819 1382 4887 Christus
1416 4820 1595 4888 secundum
1627 4820 1698 4885 eius
1731 4818 1881 4884 ordinem
1913 4817 2064 4885 sacerdos
2104 4815 2210 4884 dean

1228 4912 1286 4972 est
1330 4908 1404 4972 Iam
1425 4928 1503 4972 vero
1525 4907 1580 4990 qui
1602 4903 1745 4989 quotidie
1765 4906 1965 4984 sacrificant,
1993 4902 2211 4970 oblationibus

267 4985 470 5053 1)Εω1661681.
495 4989 557 5042 hist.
582 4989 629 5042 lib.
648 4988 672 5040 6,
697 5004 718 5040 c.
737 4987 780 5040 34.
800 5018 833 5026 —·
853 4988 970 5110 ’11151611
993 4989 1055 5044 hist.
1080 4990 1125 5043 lib.
1150 4989 1174 5043 9.
1228 4992 1412 5060 gaoerdoteg
1432 4993 1625 5076 pmofioiant
1643 5012 1776 5057 nme
1796 4997 1854 5071 est,
1878 5011 1957 5075 quos
1979 4989 2112 5056 Clu-1310
2118 5040 2135 5071 7-
2150 5011 2208 5056 ve.

197 5053 1176 5198 11211111111611111121.31111111
1227 5078 1278 5144 ιι
1299 5100 1501 5146 ιιιιιιι
1527 5085 1562 5143 ι
1581 5078 1736 5157 ιιιι
1764 5078 1951 5162 ιιιιιι
1996 5073 2073 5156 ιιι
2094 5075 2208 5142 ιιι

199 5189 372 5260 Zephuuiem.
391 5222 425 5230 -
444 5195 625 5247 Tertullianus
649 5195 709 5248 Lib.
733 5196 767 5247 dc
790 5213 889 5250 resurr.
914 5213 986 5249 earn.
1009 5227 1044 5234 —
1063 5197 1084 5250 C
1103 5199 1175 5267 prie-
1228 5167 1359 5264 ffatim?
1379 5186 1445 5230 ³⁰¹¹
1467 5163 1563 5264 m⁰fd⁰
1586 5163 1758 5230 Ohffitum
1785 5185 1844 5230 ⁸¹¹⁰
1865 5161 2154 5264 pqffll'eflmliffit
2175 5167 2209 5228 ⁰?

198 5276 262 5326 nus,
281 5259 376 5314 Sermo
393 5260 411 5314 b
427 5261 461 5315 de
479 5264 562 5332 lapsis
580 5269 608 5316 et
624 5279 708 5318 coena
724 5263 802 5317 Dora.
837 5264 952 5333 Epistol.
971 5266 1017 5319 lib.
1038 5264 1061 5333 l,
1125 5264 1174 5320 ,9.
1228 5259 1353 5318 66662111
1373 5249 1546 5337 sacerdotal
1573 5254 1836 5335 praerogativam
1861 5248 1911 5315 1111
1932 5254 2080 5331 raplunt,
2109 5247 2208 5314 sodo
