4770 6030
978 362 1346 431 Paonnsonmna
2028 364 2151 431 XLIII

150 630 155 640 .
303 556 408 622 Adest
429 556 589 622 emblema
610 555 708 620 166166
730 555 867 619 Antonii
889 553 1018 620 Reboul
1045 553 1256 637 typographi,
1272 553 1363 630 duae
1386 558 1513 634 portae,
1534 552 1637 651 616666
1658 562 1797 637 angusta
1818 555 1920 636 spinis
1940 556 2078 634 6666166,
2102 555 2149 620 61·

147 674 219 736 tera
240 668 309 732 lata
330 668 479 757 floribus,
509 668 625 750 quibus
647 686 787 749 superne
810 664 924 730 1661116
945 665 1011 730 11116
1033 685 1167 743 torona,
1201 664 1254 729 hie
1276 665 1378 748 ignis,
1407 664 1517 730 addito
1542 665 1752 731 oireumoirea
1781 664 1896 748 adagio
1918 686 1960 730 ex
1987 668 2150 733 Matthaei

146 781 254 864 eapite
277 780 355 844 VH.
382 779 581 863 deprompto.
628 774 1035 844 Praemittendorum'duo
1058 777 1287 858 quaterniones
1309 778 1379 842 sive
1402 776 1544 842 66166166
1563 777 1649 856 folia,
1668 796 1806 859 quorum
1822 777 1976 842 ultimum
1992 799 2147 860 vaenum3

147 899 260 958 textus
280 892 420 975 paginae
443 894 514 969 980,
538 890 821 974 quadragenorum
842 877 875 952 et
897 909 1050 954 senorum
1073 908 1244 965 versuum,
1265 887 1385 953 inditis
1404 888 1482 953 folia
1503 890 1544 952 34
1568 887 1683 971 (a--a
1713 888 1836 952 A—z.
1866 889 2028 975 aa-vv).

301 1004 395 1069 Haeo
422 1024 564 1086 666666,
598 1009 635 1066 66
661 1003 728 1066 iam
755 1001 915 1079 diximus,
942 999 1009 1064 fida
1036 999 1271 1087 stephanianae
1298 999 1491 1083 pedissequa
1518 1005 1575 1064 est
1626 997 1703 1064 Non
1730 1007 1842 1064 tamen
1869 1001 2002 1065 omnino
2030 1002 2149 1068 absunt

148 1115 367 1181 emendatoris
389 1115 530 1198 vestigia
551 1113 606 1195 qui
628 1103 681 1178 vel
708 1120 783 1196 pest
803 1118 852 1177 666
873 1133 968 1176 ouras
994 1112 1084 1193 operi
1106 1131 1165 1175 suo
1193 1109 1304 1175 deesse
1332 1111 1446 1175 noluit
1491 1110 1652 1193 Exemplo
1678 1112 1722 1176 616
1743 1132 1825 1193 quae
1846 1111 1957 1176 statim
1979 1113 2014 1176 in
2035 1114 2148 1180 limine

149 1228 291 1293 66666616
314 1228 456 1292 varietas
480 1227 560 1292 satis
580 1224 743 1289 notabilis.
788 1222 881 1304 Quae
903 1224 940 1288 in
961 1229 1075 1287 nostra
1096 1221 1238 1286 editione
1260 1228 1294 1286 66
1315 1222 1352 1284 16
1372 1222 1522 1286 omnibus
1543 1203 1752 1304 sequentibus
1772 1223 1893 1306 legitur
1912 1225 2011 1289 666616
2032 1226 2150 1291 ultima

149 1338 188 1423 (6.
209 1339 253 1423 3.)
276 1339 392 1421 eapitis
414 1338 514 1417 tertii,
536 1337 697 1419 insipiens
720 1357 740 1400 6
760 1334 885 1400 verbis:
916 1333 984 1400 Hoc
1003 1332 1127 1414 quidem
1147 1336 1224 1398 reete
1245 1333 1458 1398 instituentibus
1477 1353 1595 1416 seraper
1615 1333 1761 1398 6666666616
1782 1339 1891 1413 66666,
1918 1334 1999 1400 haee
2021 1337 2056 1399 in
2078 1336 2146 1401 edi-

148 1452 236 1515 tione
259 1451 338 1514 anni
364 1453 445 1513 1559
470 1451 602 1531 6166666
623 1447 811 1531 apographo
833 1446 1093 1536 argentoratensi
1114 1452 1189 1529 post
1208 1451 1306 1528 eaput
1327 1444 1506 1510 seeundum
1526 1444 1693 1525 veniebat,
1716 1445 1785 1510 1666
1807 1466 1866 1528 666
1888 1448 2073 1529 argumenti
2094 1470 2147 1513 ra-

146 1562 235 1626 tione
256 1562 393 1625 minime
415 1582 567 1644 congruo.
612 1557 747 1623 Seilieet
768 1557 897 1624 66166116
923 1556 1064 1622 turbatis
1086 1557 1121 1619 in
1148 1555 1257 1621 aliena
1278 1563 1385 1621 666666
1405 1556 1548 1644 migrare
1571 1563 1682 1622 666666
1709 1557 1824 1621 fuerat.
1870 1555 2146 1637 (1661666666-

146 1675 220 1756 pius
247 1673 402 1738 aeeidisse
428 1672 573 1749 mireris,
606 1669 679 1734 illos
706 1669 794 1734 inter
819 1666 1032 1747 famulorum,
1065 1668 1301 1751 glutinatorum
1328 1674 1361 1731 et
1383 1668 1631 1733 amanuensium
1656 1666 1799 1747 labores,
1831 1668 1962 1734 chartas
1984 1668 2144 1751 diseissas,
2278 1668 2279 1671 ’

145 1783 254 1848 1166616
276 1785 479 1862 obscuratas,
502 1781 733 1847 additamentis
755 1779 940 1863 implioitas,
963 1780 1206 1859 eonsuentium,
1228 1778 1486 1861 disponentium,
1509 1779 1769 1859 numerantium,
1791 1800 1871 1862 6666
1892 1781 1986 1846 66616
2008 1782 2147 1848 6661116

146 1893 336 1961 0611616616
357 1894 502 1959 narratio
523 1899 592 1958 tam
613 1891 720 1975 lepide
741 1892 896 1976 depingit

209 2003 212 2011 ⁴
300 2005 389 2072 Satis
417 2026 577 2089 superque
603 2006 670 2070 iam
698 2005 734 2070 in
761 2004 966 2088 singidunum
993 2002 1173 2068 editionum
1201 2002 1389 2067 6666661666
1412 2001 1535 2068 dietum
1561 2010 1626 2082 666,
1656 2024 1788 2068 omnem
1809 2025 1922 2069 earum
1943 2005 2144 2084 varietatem,

145 2125 276 2203 praeter
298 2116 411 2182 addita
433 2117 659 2200 supplementa
681 2121 714 2181 et
736 2116 894 2181 sermonis
915 2114 1013 2180 latini
1034 2115 1128 2179 initio
1148 2112 1258 2179 minus
1277 2113 1356 2179 66661
1377 2134 1455 2178 mox
1476 2113 1622 2180 6661616616
1639 2115 1865 2198 eloquentiam,
1888 2116 2031 2181 maxime
2052 2118 2087 2181 in
2109 2139 2147 2183 66

145 2230 331 2308 6666166666,
354 2229 440 2312 6661
461 2227 619 2294 Calvinus
638 2228 675 2292 in
697 2227 906 2310 disponendis
929 2226 972 2291 ad
992 2226 1179 2311 systematis
1201 2225 1362 2290 rationem
1383 2226 1530 2291 materiis
1550 2226 1611 2291 sibi
1634 2248 1803 2309 nunquam
1824 2228 2018 2293 satisfecisse
2035 2224 2147 2294 61166-

146 2347 214 2420 tur,
247 2346 414 2422 totamque
446 2341 573 2423 6661666
605 2359 643 2403 ae
676 2339 795 2403 seriem
819 2338 966 2403 16666666
993 2337 1250 2420 theolegioorum
1277 2336 1352 2419 plus
1384 2338 1485 2403 semel
1512 2359 1661 2402 eversam
1686 2359 1771 2402 6666
1803 2337 1917 2402 661166
1944 2342 2144 2406 6666666666.

146 2450 243 2534 Quod
264 2473 342 2517 6666
363 2458 455 2516 tanto
477 2451 602 2516 nomini
623 2450 705 2516 vitio
725 2450 811 2516 66661
832 2450 975 2533 patiaris.
1020 2448 1164 2514 Reieetis
1185 2448 1274 2513 enim
1295 2453 1328 2512 et
1349 2448 1490 2532 explosis
1517 2448 1783 2516 seholastieorum
1804 2451 1940 2515 summis
1962 2456 1995 2515 et
2015 2460 2145 2517 senten·

145 2564 214 2642 tiis,
246 2564 315 2628 iam
343 2564 399 2645 qui
427 2562 526 2627 fidem
555 2559 778 2645 evangelieam
805 2560 898 2643 quasi
925 2581 943 2626 e
975 2560 1123 2643 66661666
1151 2580 1358 2644 progressam
1386 2568 1419 2625 et
1439 2560 1528 2625 tristi
1547 2560 1654 2626 adhue
1682 2560 1831 2643 66661666
1853 2562 1991 2627 obsitam
2010 2565 2146 2645 puritati

144 2696 222 2742 6666
249 2675 422 2739 6666166666
449 2673 637 2754 studebant,
666 2672 703 2736 hi
728 2672 821 2765 initio
853 2671 893 2736 16
919 2671 1112 2754 6666616616
1136 2671 1397 2754 6161166616666
1424 2672 1562 2738 66616666
1583 2673 1679 2738 66166
1707 2672 1849 2752 sollieiti,
1879 2672 2020 2752 tardius,
2049 2683 2146 2741 etex

144 2793 238 2870 parte
258 2787 327 2851 iam
347 2786 440 2851 fessis
463 2784 597 2863 viribus,
621 2784 663 2849 ad
684 2783 830 2849 eiusdem
858 2784 997 2849 formam
1018 2782 1205 2850 1161666666
1233 2784 1313 2849 artis
1335 2804 1395 2866 epe
1424 2783 1649 2865 excolendam,
1678 2789 1774 2867 atque
1800 2785 1921 2849 saniori
1949 2807 2032 2868 6666
2057 2809 2145 2855 nune

145 2897 279 2982 vigebat
305 2897 430 2963 notioni
458 2894 766 2963 aeeommodandam
793 2900 1024 2978 pervenerunt.
1069 2895 1115 2959 Et
1144 2894 1268 2961 161666
1300 2896 1433 2960 tramite
1461 2894 1638 2962 Calvinum
1664 2903 1865 2962 eaeterorum
1893 2898 2147 2980 antesignanum

145 3008 236 3073 hand
256 3009 419 3074 immerite
442 3007 573 3073 dixeris.
619 3007 686 3087 Qui
708 3007 796 3072 ultra
816 2994 936 3090 viginti
964 3027 1067 3071 66666
1088 3007 1176 3071 61666
1197 3028 1275 3092 suae
1299 3013 1347 3072 tot
1372 3008 1537 3090 tantisque
1559 3007 1646 3073 euris
1667 3008 1852 3092 exagitatae
1873 3007 1950 3073 huie
1972 3010 2062 3092 operi
2084 3011 2146 3075 im·

144 3119 260 3204 pendit
285 3120 328 3185 61
354 3119 437 3185 11161
463 3120 633 3202 fastigium
660 3118 842 3198 evehendo,
874 3118 961 3202 quod
988 3118 1108 3182 mentis
1131 3118 1232 3185 oeulis
1254 3126 1479 3203 prospexerat,
1507 3117 1593 3201 quod
1613 3140 1691 3185 vero
1713 3140 1773 3204 pro
1800 3119 1961 3186 imbesillo
1983 3120 2147 3188 humanae

145 3232 321 3299 debilitatis
353 3231 458 3316 gradu
484 3252 653 3314 nunquam
680 3231 742 3296 sibi
771 3231 917 3315 attigisse
948 3228 1129 3296 videbatur.
1181 3228 1275 3311 Quae
1307 3251 1408 3314 quum
1438 3231 1486 3295 166
1512 3232 1580 3296 6166
1600 3236 1634 3296 66
1663 3231 1704 3297 66
1726 3232 1877 3298 omnibus
1899 3230 2024 3297 dudum
2045 3239 2176 3317 aequa'

143 3344 238 3410 16666
264 3343 506 3427 expendantur,
534 3341 636 3426 pudet
660 3324 759 3424 etiam
785 3344 908 3408 referre
934 3362 1033 3425 quam
1059 3341 1179 3406 falsum
1205 3343 1271 3406 imo
1298 3340 1473 3408 6111661666
1503 3341 1544 3408 16
1571 3342 1750 3408 editionum
1776 3344 1964 3410 diversitate
1991 3343 2147 3410 iudieium

145 3455 257 3520 tulerit
284 3475 381 3520 66666
405 3454 666 3519 adversariorum
687 3450 847 3521 66666116
899 3452 1002 3519 Graius
1030 3452 1217 3536 exemplum
1238 3473 1344 3518 unum
1372 3474 1414 3518 ex
1443 3454 1591 3537 pluribus
1618 3455 1740 3521 habeas
1767 3455 1853 3538 6661
1881 3455 1917 3520 16
1939 3453 2147 3541 SchultingIo

145 3566 274 3634 6666616
294 3566 432 3651 Baylius
438 3589 446 3646 3
474 3586 572 3647 quem
604 3565 745 3631 tradueit
766 3586 832 3630 666
852 3587 908 3630 ore
929 3563 1067 3632 Calvino
1088 3571 1233 3630 mentem
1253 3564 1441 3632 versatilem
1466 3573 1500 3631 et
1521 3566 1720 3651 theologicae
1733 3567 1936 3650 -diseiplinae
1959 3568 2147 3634 166666666-

145 3680 228 3744 61666
247 3677 509 3761 exprobrantem,
532 3677 629 3742 simul
651 3677 831 3742 editionum
853 3677 1046 3757 varietatem
1068 3697 1136 3740 non
1158 3677 1280 3743 autoris
1302 3675 1360 3742 661
1380 3679 1660 3763 typographorum
1681 3678 1781 3745 161666
1804 3676 1958 3744 66166666
1979 3680 2146 3746 affirman-

145 3797 228 3871 tem,
252 3791 308 3874 qui
329 3811 389 3872 pro
411 3809 470 3854 suo
491 3790 619 3872 privato
639 3789 758 3855 1611616
780 3787 935 3872 66116611
954 3786 1098 3853 16666616
1119 3786 1309 3866 6116666166,
1333 3788 1543 3869 66666166166,
1566 3791 1740 3854 6666661661
1786 3790 1913 3856 Verum
1934 3790 2055 3858 talibus
2077 3815 2147 3860 sor·
2270 3852 2276 3861 ,

146 3900 250 3981 dibus,
274 3902 390 3985 quibus
411 3900 587 3966 666661166
608 3907 719 3966 nostro
741 3901 840 3965 etiam
862 3920 941 3965 6666
962 3899 1092 3965 chartas
1113 3919 1190 3967 suas
1211 3919 1425 3982 eompureare
1446 3920 1514 3964 non
1534 3901 1650 3984 pudet,
1673 3900 1786 3984 666661
1808 3922 1828 3967 6
1849 3911 1962 3969 nestra
1982 3905 2146 3988 relegatis,

146 4013 187 4078 de
207 4014 280 4096 ipsa
300 4012 358 4078 illa
380 4012 544 4077 doetrinae
565 4014 824 4094 perseverantia,
848 4032 946 4095 quam
968 4011 1024 4076 alii
1045 4010 1164 4076 Nostro
1187 4010 1428 4091 abiudioarunt,
1457 4011 1513 4077 alii
1534 4019 1648 4078 666666
1668 4013 1909 4093 661166166666,
1938 4037 2076 4100 querum
2097 4020 2147 4084 iu-

147 4123 231 4193 11616
252 4146 294 4190 ex
315 4128 407 4207 parte
430 4123 563 4188 eolleeta
584 4125 710 4189 exoutit
727 4124 846 4208 Henry
867 4124 887 4188 l.
911 4123 932 4188 l.
951 4123 978 4188 Ι.
1005 4124 1065 4185 134
1086 4142 1181 4205 seqq,
1204 4142 1309 4205 panea
1329 4122 1383 4188 hie
1403 4121 1523 4189 addere
1543 4123 1648 4190 116666
1670 4125 1805 4190 Etenim
1827 4127 1922 4192 faeile
1942 4130 2014 4194 fieri
2037 4137 2147 4212 posset

146 4242 191 4316 ut,
212 4237 241 4302 si
262 4237 335 4320 quis
357 4257 398 4300 ex
420 4256 520 4318 supra
541 4235 636 4301 dietis
658 4234 789 4301 0616161
810 4237 846 4299 16
867 4232 1075 4300 66666666616
1096 4232 1234 4299 subinde
1255 4256 1314 4299 suo
1335 4251 1432 4319 66666
1454 4235 1658 4320 diligentiam
1680 4239 1884 4320 eognoverit,
1914 4241 1976 4305 6161
1997 4243 2145 4325 66661666

146 4347 349 4431 6666661666,
373 4368 439 4411 666
461 4347 564 4412 solam
585 4348 725 4411 formam
744 4346 821 4411 libri
843 4355 1014 4413 externam
1035 4351 1197 4411 mutatam
1219 4367 1298 4426 esse,
1322 4347 1379 4412 sed
1400 4349 1472 4431 ipsa
1493 4348 1593 4414 etiam
1615 4351 1738 4415 autoris
1759 4350 1880 4433 6166166
1897 4351 2002 4417 simile
2024 4351 2146 4434 aliquid

148 4459 288 4542 experiri
310 4459 462 4540 66661666.
506 4459 634 4522 Verum
655 4459 711 4541 qui
733 4459 779 4524 616
801 4461 939 4524 66661666
959 4459 1089 4542 egregie
1110 4478 1146 4522 se
1167 4457 1238 4522 falli
1263 4465 1439 4542 pateretur.
1484 4462 1536 4526 Re
1564 4462 1653 4527 enim
1679 4463 1809 4544 penitus
1837 4463 2035 4541 examinata,
2063 4485 2145 4545 quae

150 4572 246 4636 etiam
264 4568 482 4653 plurimorum
504 4590 769 4652 summorumque
790 4558 937 4636 virorum
958 4571 1120 4635 sententia
1142 4577 1205 4651 666,
1235 4571 1293 4636 vix
1320 4571 1356 4635 in
1376 4571 1571 4655 quibusdam
1595 4573 1675 4640 loeis
1697 4574 1833 4639 minoris
1854 4573 1996 4655 adeoque
2017 4575 2146 4640 minimi

151 4682 305 4746 momenti
326 4682 501 4764 vestigium
523 4680 668 4763 aliquod,
696 4681 750 4747 vel
772 4683 864 4763 quasi
886 4684 1035 4748 umbram
1056 4688 1202 4748 mutatae
1228 4683 1348 4748 mentis
1376 4683 1627 4766 deprehendisse
1656 4686 1714 4749 tibi
1735 4684 1909 4763 videberis3
1937 4684 1972 4746 in
1994 4686 2145 4753 omnibus

98 4800 103 4810 '
153 4811 227 4873 quae
249 4795 356 4876 ipsam
378 4792 542 4858 doetrinae
565 4793 771 4877 evangelicae
794 4815 957 4863 summam
978 4800 1134 4877 tangimt,
1162 4793 1292 4876 qualem
1314 4795 1354 4859 ab
1382 4796 1475 4860 initio
1498 4798 1605 4862 animo
1627 4797 1861 4861 informaverat
1881 4801 2055 4877 antequam
2077 4799 2144 4881 pri-

153 4922 237 4968 num
256 4903 433 4970 seribendo‘
448 4926 584 4969 manum
606 4904 807 4984 admoveret,
829 4907 962 4970 firmum
983 4911 1194 4989 tenaeemque
1214 4907 1372 4988 propositi
1393 4908 1553 4988 invenies,
1578 4908 1618 4974 ab
1640 4908 1851 4974 haesitatione
1874 4906 2031 4985 alienum,
2055 4908 2144 4975 dubii

30 5074 32 5081 ι
155 5023 328 5107 expertem,
356 5016 476 5081 erraris
504 5037 669 5097 66666666,
700 5018 772 5083 6166
800 5038 877 5082 suae
905 5016 946 5081 ad
966 5018 1140 5083 veritatem
1164 5016 1398 5099 capessendam
1425 5020 1651 5085 certissimum.
1698 5017 1785 5083 Sane
1813 5039 1873 5082 sua
1894 5039 2020 5100 quoque
2042 5021 2143 5102 ipsius

154 5128 346 5208 experientia
366 5126 516 5192 edoctum
537 5126 642 5192 multa
664 5128 785 5193 sensim
806 5129 925 5194 elarius
946 5128 1151 5213 perspexisse
1172 5126 1310 5208 dixeris,
1333 5128 1475 5211 plurima
1499 5129 1637 5195 lueidius
1659 5130 1861 5212 exposuisse,
1885 5128 2019 5195 solidius
2039 5131 2143 5199 indies

151 5239 560 5318 6666666666666661111666,
589 5239 795 5305 1666166666
823 5238 1019 5321 defendisse,
1048 5239 1247 5323 ingeniosius
1276 5239 1340 5305 alia
1362 5241 1435 5306 aliis
1462 5262 1613 5320 nexasse;
1643 5261 1810 5324 nunquam
1828 5262 1907 5307 vere
1929 5264 2016 5308 nova
2037 5250 2070 5309 66
2090 5246 2143 5309 in·

1071 5359 1077 5369 ,
1893 5344 1936 5398 F*
