4770 6030
179 369 241 432 201
831 370 1014 437 0AP.V1.
1057 370 1123 437 Dii
1145 371 1328 436 LIBERT.
1351 369 1531 439 onmes.
2122 379 2185 440 202
2272 392 2275 397 ’

250 536 391 624 ‘Errant
423 566 457 624 et
485 539 520 624 in
548 580 586 624 eo
613 558 759 642 plerique
786 559 873 643 quod
899 559 1034 642 perinde
1064 581 1101 626 ac
1129 560 1158 625 si
1210 581 1285 624 rum
1316 560 1399 626 illud
1424 562 1547 644 magis,
1577 544 1620 626 ne
1646 561 1880 628 offendiculum
1911 571 2054 647 ponatur
2077 564 2186 645 fiatri,

179 666 240 712 sua
268 645 405 710 libertas
430 645 602 711 incolumis
631 666 668 711 ac
690 644 783 711 salva
804 666 872 710 non
894 652 994 724 esset,
1023 645 1087 710 nisi
1108 653 1157 711 te-
1210 651 1268 710 aut
1287 645 1400 796 lapsus
1421 647 1554 712 occasio.
1587 649 1635 712 Et
1656 647 1761 712 multa
1781 649 1818 712 in
1839 669 1916 713 eum
1936 671 2077 729 sensum,
2102 671 2186 734 quae

179 739 246 797 stes
267 729 406 796 haberet
425 730 589 809 homines,
612 731 795 813 promiscue
817 739 851 795 et
863 727 1097 814 'imprudenter
1119 753 1159 797 ea
1210 753 1253 796 cx
1269 753 1307 796 eo
1341 753 1398 797 oco
1414 734 1483 815 peti
1500 734 1603 799 satius
1621 740 1678 812 est,
1701 755 1800 816 quam
1817 733 1871 800 hic
1888 735 2012 799 referri.
2047 733 2187 802 Summa

178 822 326 882 utuntur.
371 814 447 897 Qua
471 818 658 900 importuna
685 817 895 900 usurpatione
917 817 1064 882 infirmos
1091 818 1158 883 fra·
1210 824 1275 882 est:
1299 824 1337 882 ut
1357 839 1433 896 nos,
1452 819 1510 901 qui
1531 826 1680 902 potentes
1701 842 1831 899 sumus,
1854 820 2061 886 infirmitates
2082 822 2129 885 im

178 912 247 969 tres
267 923 501 985 saepenumero
522 901 700 967 offendunt
734 902 858 968 Videas
875 901 972 967 hodie
989 902 1156 985 quosdam,
1210 903 1350 968 tentium
1372 903 1576 982 sufferamus,
1599 926 1660 970 nec
1681 905 1868 988 placeamus
1885 905 1979 971 nobis
1995 906 2083 989 ipsis.

179 989 296 1073 quibus
319 1010 379 1054 sua
399 988 533 1055 libertas
560 1010 626 1052 non
647 987 778 1053 videtur
799 989 990 1067 consistere,
1014 988 1078 1055 nisi
1098 1010 1158 1072 per
1210 990 1432 1072 unusquisque
1465 997 1616 1056 nostrum
1646 993 1794 1074 proximo
1826 991 1954 1075 placeat
1984 992 2020 1056 in
2053 992 2185 1073 bonum,

179 1097 273 1141 esum
294 1075 443 1140 carnium
465 1074 517 1140 die
539 1076 668 1140 veneris
695 1074 738 1138 in'
753 1074 822 1140 eius
844 1075 1080 1156 possessionem
1100 1096 1158 1140 ve-
1210 1073 1252 1138 ad
1273 1074 1540 1141 aedificationem.
1580 1077 1670 1142 Alibi
1693 1077 1725 1163 (1
1749 1076 1823 1143 Gor.
1844 1082 1873 1142 8.
1897 1076 1965 1162 10):
1989 1076 2047 1144 sed
2067 1077 2185 1159 videte,

178 1161 297 1228 nerint
336 1159 434 1241 Quod
455 1160 565 1238 edunt,
588 1181 655 1224 non
677 1159 895 1242 reprehendo;
917 1159 974 1224 sed
997 1160 1159 1245 exigenda
1210 1182 1252 1225 ne
1274 1181 1338 1244 quo
1365 1161 1461 1226 modo
1488 1161 1626 1228 facultas
1647 1170 1757 1228 vestra
1778 1163 1973 1229 offendiculo
1999 1165 2043 1229 sit
2070 1165 2110 1228 iis
2130 1165 2187 1247 qui

179 1255 231 1314 est
255 1268 299 1312 ex
323 1247 441 1311 animis
473 1247 556 1312 falsa
582 1247 682 1312 istaec
710 1246 826 1328 opinio.
878 1243 1049 1328 Siquidem
1070 1248 1158 1329 cogi·
1209 1246 1333 1310 infirmi
1354 1254 1451 1326 sunt;
1473 1249 1565 1313 item:
1589 1250 1701 1315 omnia
1722 1270 1805 1332 quae
1826 1250 1862 1314 in
1880 1249 2016 1314 macello
2036 1248 2186 1315 vendun-

179 1342 251 1398 tare
273 1332 447 1414 debebant,
463 1331 559 1404 ,nihil
586 1354 621 1398 se
648 1353 708 1398 sua
729 1332 880 1397 libertate
901 1352 1023 1396 norum
1045 1353 1158 1398 conse-
1209 1338 1264 1395 tur
1285 1331 1386 1411 edite,
1414 1333 1498 1397 nihil
1519 1335 1758 1418 interrogantes
1784 1341 1917 1417 propter
1937 1336 2186 1417 conscientiam;

179 1420 236 1502 qni
256 1419 292 1483 in
313 1418 485 1483 hominum
506 1425 690 1501 conspectu,
712 1417 769 1482 sed
789 1416 876 1499 apud
891 1417 1011 1495 Deum,
1035 1426 1068 1482 et
1088 1425 1158 1483 tam
1209 1438 1305 1499 porro
1327 1419 1560 1484 conscientiam
1580 1429 1724 1486 vestram
1748 1420 1827 1499 dico,
1850 1441 1918 1485 non
1941 1421 2083 1486 alterius
2116 1422 2187 1487 De·

179 1506 216 1570 in
238 1503 430 1570 abstinendo
453 1505 664 1570 constitutam
683 1525 754 1569 esse
776 1525 875 1586 quam
896 1503 932 1566 in
954 1502 1084 1568 utendo.
1118 1501 1158 1568 Si
1209 1504 1308 1586 nique
1326 1503 1409 1570 tales
1424 1510 1535 1584 estote,
1556 1514 1594 1571 ut
1604 1506 1735 1571 nullum
1749 1506 1931 1589 praebeatis
1942 1505 2185 1587 offendiculum,

179 1611 291 1656 coram
306 1591 380 1656 Deo
397 1591 479 1655 nihil
497 1589 619 1654 referre
635 1589 833 1673 intelligunt,
852 1599 1069 1654 vescanturne
1085 1611 1157 1655 car·
1209 1587 1374 1739 nequeAEp.
1386 1588 1464 1676 414]
1475 1591 1607 1657 Iudaeis
1623 1613 1729 1675 neque
1741 1592 1886 1668 Graecis,
1908 1613 2014 1675 neque
2028 1592 2186 1659 ecclesiae

180 1675 276 1742 nibus
298 1699 341 1741 an
363 1676 447 1755 ovis,
474 1677 638 1754 rubrisve,
660 1697 705 1741 an
726 1676 830 1759 nigris
851 1674 996 1740 vestibus
1017 1674 1157 1741 induan-
1208 1675 1281 1739 Dei,
1359 1675 1388 1739 ‘o
1409 1678 1509 1741 ctiam
1521 1678 1604 1743 loco:
1629 1680 1665 1742 in
1686 1678 1870 1744 libertatem
1891 1679 1998 1744 vocati
2020 1679 2097 1744 estis
2118 1679 2186 1744 fra·

181 1770 243 1840 tur,
267 1764 347 1828 satis
368 1784 528 1845 superque
550 1770 608 1826 est
653 1761 726 1826 Iam
752 1760 858 1826 soluta
879 1768 929 1825 est
950 1762 1156 1840 conscientia,
1209 1767 1291 1839 tres,
1321 1768 1451 1826 tantum
1479 1784 1521 1828 ne
1548 1763 1732 1838 libertatem
1753 1770 1897 1830 vestram
1920 1764 2002 1829 detis
2029 1765 2065 1828 in
2093 1785 2185 1831 occa·

180 1848 234 1915 cui
251 1848 321 1913 eius
337 1847 496 1913 libertatis
513 1848 708 1913 beneficium
725 1845 911 1912 debebatur.
940 1846 1031 1945 Ergo
1042 1847 1158 1910 etiam-
1211 1847 1335 1910 sionem
1357 1849 1463 1927 carni,
1492 1849 1549 1913 sed
1570 1872 1630 1933 per
1650 1851 1820 1916 caritatem
1844 1850 1963 1916 servite
1984 1849 2076 1914 vobis
2098 1850 2184 1916 invi·

180 1931 808 2103 {lprbssiffliaerfflffimfft
829 1933 898 2082 {tt
920 1931 1159 2084 {bittit
1210 1931 1571 2086 tttifihfidt
1587 1943 1758 2103 iii-'fiii
1780 1935 1952 2087 ddi?
1965 1941 2104 2104 ,iiiiii
2117 1957 2186 2088 ‘lt

181 2116 268 2171 sunt
316 2105 390 2170 Imc
410 2105 483 2171 ideo
504 2106 599 2171 liberi
620 2112 711 2183 sunt,
741 2104 817 2187 quia
837 2103 941 2168 libera
962 2105 1159 2170 conscientia
1209 2124 1268 2185 per
1289 2104 1401 2169 omnia
1421 2126 1532 2171 servos
1559 2107 1678 2173 caritas
1702 2108 1831 2186 stahrit;
1858 2107 1916 2172 sed
1942 2108 2048 2192 magis
2070 2116 2107 2172 ut
2127 2129 2186 2190 pa·
2216 2128 2220 2137 ·

180 2192 353 2257 abstinent
398 2191 677 2258 Perniciosissimc
697 2211 776 2255 vero
797 2189 962 2268 labuntur,
984 2188 1070 2271 quod
1090 2190 1158 2254 fra·
1210 2210 1378 2255 cenicum
1400 2191 1472 2256 Deo
1497 2192 1534 2256 in
1564 2193 1682 2258 animis
1703 2195 1824 2259 nostris
1845 2193 2020 2273 habentes,
2052 2194 2186 2275 pacifice

180 2286 271 2342 trum
296 2277 522 2343 infirmitatem
549 2276 672 2342 nullius
698 2276 793 2358 pensi
819 2275 957 2354 habent,
986 2296 1085 2359 quam
1111 2275 1158 2342 sic
1209 2275 1308 2339 etiam
1330 2276 1416 2340 inter
1438 2276 1589 2358 homines
1608 2278 1768 2344 vivamus.
1801 2278 2058 2345 Pharisaeorum
2074 2279 2186 2346 autem

181 2364 336 2429 sustineri
357 2385 378 2428 a
399 2362 491 2429 nobis
513 2363 614 2441 decet,
637 2383 679 2426 ne
701 2361 780 2445 quid
802 2370 925 2426 temere
946 2360 1157 2427 admittamus
1209 2361 1346 2427 offensio
1365 2364 1481 2444 quanti
1502 2364 1545 2428 sit
1565 2364 1723 2442 facienda,
1746 2362 1900 2430 discimus
1922 2386 1964 2430 ex
1987 2364 2094 2430 verbis
2114 2366 2186 2432 Do·

181 2471 258 2516 cam
278 2449 348 2515 eius
369 2448 572 2515 offendiculo.
617 2448 744 2512 Verum
772 2446 938 2512 interdum
959 2467 1085 2529 quoque
1105 2448 1157 2511 in·
1208 2447 1300 2525 mini,
1322 2447 1441 2529 quibus
1461 2449 1552 2514 iubet
1570 2450 1676 2514 omitti
1696 2450 1784 2529 illos,
1807 2451 1884 2533 quia
1905 2451 1993 2516 caeci
2014 2458 2100 2531 sunt,
2123 2451 2187 2517 du-

181 2542 283 2601 terest
308 2556 418 2601 coram
445 2534 632 2600 hominibus
660 2534 761 2599 asseri
789 2541 936 2597 nostram
962 2532 1154 2598 libertatem.
1208 2553 1262 2598 ces
1290 2534 1701 2620 caecorum(Matth.15).
1746 2535 1999 2600 Admonuerant
2024 2536 2184 2620 discipuli,

180 2622 227 2687 Et
245 2621 307 2687 hoe
327 2621 445 2700 fateor;
466 2620 582 2685 modus
598 2628 710 2685 tamen
731 2640 860 2684 summa
877 2617 1024 2684 cautione
1042 2627 1156 2683 tenen·
1191 2630 1263 2683 'eos
1280 2639 1430 2684 sermone
1447 2621 1549 2704 ipsius
1566 2621 1707 2687 offensos
1716 2621 1826 2686 fuisse.
1855 2621 2058 2704 Respondet:
2078 2623 2184 2707 negli-

180 2707 241 2773 dus
268 2715 332 2787 est,
359 2728 403 2772 ne
429 2708 636 2771 infirmorum
664 2726 793 2782 curam,
822 2724 902 2787 qnos
929 2703 1022 2769 nobis
1049 2711 1160 2788 tanto-¹
1208 2703 1341 2786 gendos,
1364 2725 1425 2771 nec
1441 2706 1622 2773 curandam
1639 2730 1710 2773 esse
1728 2728 1841 2771 eorum
1859 2707 2082 2781 offensionem.
2114 2709 2183 2774 Res

179 2815 258 2876 pere
278 2794 441 2858 Dominus
459 2791 709 2870 commendavit,
732 2791 930 2856 abiiciamus.
1208 2798 1320 2854 tamen
1342 2789 1449 2858 adhuc
1470 2794 1596 2859 incerta
1616 2793 1745 2876 pendet,
1768 2794 1832 2858 nisi
1848 2801 2028 2873 teneamus,
2051 2795 2107 2877 qui
2123 2815 2183 2859 no-

266 2879 384 2945 Dicam
405 2879 460 2945 hic
481 2880 591 2962 itaque
612 2877 653 2942 de
675 2876 836 2942 scandalis
858 2875 1017 2954 nonnihil,
1040 2876 1155 2958 quoin
1208 2874 1258 2941 bis
1280 2877 1348 2940 sint
1373 2876 1517 2943 habendi
1544 2881 1667 2944 infirmi
1688 2887 1722 2945 et
1743 2879 1798 2962 qui
1818 2879 2005 2958 Pharisaci;
2034 2901 2098 2963 quo
2117 2879 2184 2946 dis-

179 2965 366 3031 discrimine
392 2964 544 3030 habenda
570 2965 651 3043 sint,
679 2984 762 3046 quae
784 2961 945 3040 cavenda,
968 2969 1051 3045 quae
1076 2962 1156 3027 item
1208 2961 1344 3027 crimine
1363 2963 1500 3044 sublate,
1523 2986 1590 3029 non
1610 2964 1704 3030 video
1724 2965 1798 3049 quis
1819 2987 1953 3048 prorsus
1975 2972 2075 3031 restet
2096 2967 2183 3033 inter

177 3050 382 3135 negligenda,
406 3049 494 3116 unde
515 3057 628 3133 postea
648 3056 791 3114 statuere
812 3048 923 3125 liceat,
945 3048 1018 3130 quis
1040 3048 1084 3112 sit
1104 3047 1155 3112 in-
1207 3047 1401 3114 offensiones
1418 3049 1577 3116 libertatis
1594 3072 1683 3129 usus,
1706 3051 1762 3133 qui
1778 3072 1950 3135 nunquam
1967 3051 2037 3118 sine
2055 3073 2184 3120 summo

177 3145 230 3202 ter
257 3136 406 3202 homines
432 3136 575 3201 libertati
606 3143 737 3200 nostrae
762 3134 860 3200 locus.
909 3133 1024 3199 Placet
1045 3139 1155 3198 autem
1206 3133 1349 3215 periculo
1371 3135 1462 3200 foret

177 3223 326 3307 vulgaris
347 3223 406 3288 illa
425 3223 573 3305 partitio,
603 3243 686 3305 quae
708 3218 898 3286 scandalum
919 3219 1008 3284 alind
1030 3218 1154 3300 datum,
1292 3219 1420 3285 Verum
1446 3221 1528 3286 mihi
1550 3221 1730 3289 clarissime
1753 3223 1918 3289 definiisse
1940 3224 2072 3289 videtur
2093 3225 2183 3292 Pau-

125 3346 130 3367 ι
178 3308 267 3375 aliud
288 3316 458 3392 acceptum
478 3307 588 3386 tradit,
608 3306 739 3391 quando
756 3313 790 3370 et
807 3311 957 3388 apertum
974 3306 1154 3389 scriptmae
1206 3304 1272 3383 lus,
1296 3311 1368 3370 tum
1389 3305 1538 3373 doctrina
1559 3314 1631 3373 tum
1652 3310 1824 3392 exemplis,
1853 3317 2015 3393 quatenus
2036 3310 2091 3376 vel
2112 3332 2182 3377 mo-

177 3396 400 3462 testimonium
420 3394 534 3472 habet,
556 3415 616 3460 nec
637 3394 747 3475 inepte
768 3392 924 3473 exprimit
944 3391 1030 3474 quod
1052 3392 1153 3475 signi-
1205 3390 1353 3455 deranda
1381 3393 1425 3457 sit
1455 3393 1589 3460 libertas
1614 3401 1743 3474 nostra,
1776 3396 1829 3460 vel
1860 3394 2064 3460 offendiculis
2096 3396 2184 3461 redi-

176 3484 262 3548 ficat
307 3479 446 3564 Siquid
472 3481 661 3562 importrma
681 3484 739 3544 aut
759 3477 907 3556 levitate,
930 3484 988 3542 aut
1007 3477 1152 3570 lascivia,
1204 3476 1333 3542 menda
1384 3479 1594 3545 Timotheum
1622 3502 1698 3546 cum
1727 3481 1762 3545 in
1784 3482 1984 3547 consortium
2006 3502 2104 3545 suum
2129 3503 2182 3548 as·

177 3576 235 3634 ant
254 3567 454 3644 temeritate,
475 3587 543 3631 non
564 3565 677 3630 ordine
699 3586 758 3630 nec
781 3583 839 3629 suo
860 3562 930 3629 loco
952 3563 1066 3643 facias,
1089 3585 1153 3647 qno
1205 3571 1363 3642 sumeret,
1391 3565 1608 3646 circumcidit;
1631 3568 1758 3645 Titum,
1781 3574 1819 3631 ut
1840 3565 2099 3647 circumcideret,
2123 3568 2182 3634 ad·

176 3648 1152 3820 crudatusrfitunuihurt
1204 3647 2180 3819 in,couniretur-hibreas

175 3836 215 3891 ut
234 3823 391 3892 eiusmodi
412 3824 549 3889 offensio
569 3824 789 3888 suscitaretur.
833 3821 884 3887 Ac
905 3821 1037 3886 omnino
1056 3843 1152 3888 scan-
1203 3819 1341 3885 cidendo
1373 3822 1558 3902 Timotheo,
1597 3844 1674 3889 cum
1711 3821 1794 3888 liber
1825 3831 1911 3889 esset
1943 3823 1984 3889 ab
2016 3826 2178 3905 omnibus,

176 3912 288 3977 dalum
314 3913 350 3975 in
377 3932 414 3975 re
442 3910 551 3993 aliqua
579 3908 693 3973 datum
715 3907 848 3985 dicitru,
879 3908 971 3972 errius
993 3907 1089 3989 culpa
1109 3907 1151 3972 ab
1203 3907 1354 3972 omnibus
1388 3903 1626 3992 semet‘ipsum
1652 3930 1785 3974 servum
1812 3909 1902 3986 fecit,
1935 3916 1969 3974 ct
1995 3911 2101 3977 factrrs
2129 3920 2180 3978 est

175 4006 289 4064 autore
310 3998 359 4061 rei
379 3997 482 4079 ipsius
502 3995 647 4078 profecta
668 4000 726 4060 est
760 3991 962 4059 Scandalum
983 4000 1152 4075 acceptum
1203 3991 1335 4078 Iudaeis
1364 3991 1405 4080 [p.
1425 3991 1502 4080 415]
1526 3995 1620 4078 quasi
1646 3993 1789 4060 Iudaeus
1817 4002 1855 4059 ut
1880 3994 2021 4062 Iudaeos
2047 3996 2179 4064 lucrifa-

85 4103 90 4107 ·
175 4091 325 4161 vocatur,
355 4103 430 4148 cum
458 4103 511 4146 res
541 4078 660 4163 alioqui
688 4100 755 4144 non
780 4078 926 4161 improbe
947 4100 1009 4144 nec
1030 4079 1151 4162 impor·
1203 4085 1305 4157 aeret,
1333 4079 1374 4145 iis
1396 4080 1452 4162 qui
1478 4080 1632 4165 sublege
1654 4087 1762 4159 erant,
1792 4080 1885 4163 quasi
1907 4089 1993 4146 esset
2014 4083 2075 4148 sub
2096 4083 2177 4167 lego,

174 4166 403 4256 tune[p.413]
423 4167 574 4246 admissa,
591 4165 830 4243 malevolentia
848 4172 906 4229 aut
922 4165 1054 4230 sinistra
1071 4185 1151 4247 qua·
1203 4171 1315 4229 uteos
1336 4166 1392 4248 qui
1415 4166 1568 4252 sublege
1591 4189 1608 4232 e
1671 4174 1687 4230 t
1712 4167 1931 4245 lucrifaceret,
1954 4168 1995 4232 iis
2024 4170 2080 4251 qui
2107 4171 2178 4234 sine

176 4255 254 4321 dam
285 4255 388 4320 animi
417 4253 637 4338 malignitate,
669 4252 705 4315 in
732 4250 921 4316 offensionis
948 4250 1151 4316 occasionem
1202 4250 1275 4334 lege
1297 4261 1401 4331 erant,
1423 4254 1517 4335 quasi
1538 4188 1715 4318 essedariine
1736 4252 1818 4337 lege,
1840 4260 1878 4317 ut
1899 4273 1953 4318 cos
1974 4253 2179 4320 lucrifaceret

175 4344 312 4424 rapitur.
355 4339 432 4405 Non
454 4339 542 4404 enim
563 4339 617 4404 hic
640 4337 755 4402 datum
776 4346 847 4402 erat
868 4335 1070 4416 scandalum,
1092 4335 1151 4402 sed
1202 4338 1258 4417 qui
1279 4344 1376 4402 erant
1396 4339 1467 4403 sine
1488 4338 1575 4422 lege;
1597 4339 1747 4419 infirmis,
1770 4338 1863 4421 quasi
1884 4339 2044 4418 infirmus,
2067 4346 2106 4402 ut
2125 4341 2177 4403 in·

175 4428 302 4493 sinistri
322 4425 371 4490 illi
391 4426 586 4508 interpretes
608 4425 679 4489 sine
701 4443 800 4488 causa
821 4423 992 4505 accipiunt
1201 4425 1313 4487 firmos
1339 4422 1559 4503 lucrifaceret,
1586 4425 1737 4490 omnibus
1759 4425 1884 4503 omnia,
1908 4433 1946 4489 ut
1966 4425 2086 4490 multos
2108 4446 2176 4490 ser-

262 4513 376 4579 Pn‘cre
408 4511 464 4575 illo
492 4507 637 4576 scandali
669 4529 804 4592 genere,
838 4529 905 4573 non
934 4508 998 4575 nisi
1024 4509 1149 4574 infirmi
1201 4515 1308 4588 varet3
1335 4509 1612 4592 quemadm0dum'
1631 4508 1709 4576 alibi
1730 4510 1843 4576 scribit
1863 4510 1896 4596 (l
1917 4509 1991 4575 Cor.
2016 4508 2059 4594 9).
2104 4511 2176 4576 Ha-

174 4598 403 4676 cffenduntnr,
432 4596 495 4662 hoc
517 4604 628 4661 antem
654 4593 796 4671 secundo
818 4595 935 4660 acerba
960 4595 1094 4677 ingenia
1115 4605 1149 4660 et
1199 4593 1314 4660 bemus
1334 4595 1456 4661 iustam
1476 4596 1636 4662 libertatis
1658 4595 1922 4673 moderationem,
1946 4596 2068 4661 sicum
2088 4595 2176 4664 fiuc-

173 4685 359 4770 pharisaica
394 4682 575 4765 supercilia
636 4680 748 4762 Quare
787 4679 929 4745 alterum
959 4680 1148 4746 vocabimus
1200 4686 1237 4743 tu
1260 4677 1367 4763 aliquo
1393 4680 1619 4748 indifferenter
1651 4683 1811 4748 contineri
1841 4681 1951 4764 possit
1994 4679 2091 4761 Quid
2123 4705 2180 4750 re·

174 4771 367 4838 scandalum
399 4770 619 4845 infirmorum,
655 4766 795 4832 alterum
820 4765 1083 4849 pharisaeorum
1109 4788 1147 4832 ac
1200 4766 1345 4847 sperarit
1373 4789 1451 4833 cum
1484 4767 1597 4832 Titum
1627 4766 1857 4834 circumcidere
1889 4767 2016 4831 fortiter
2049 4767 2174 4849 abnuit,

174 4860 221 4925 sic
249 4857 409 4923 libertatis
434 4861 566 4920 nostrae
591 4875 689 4919 usum
716 4851 983 4935 temperabimus,
1017 4860 1055 4916 ut
1080 4852 1146 4917 fra-
1199 4853 1269 4933 ipss
1291 4858 1431 4918 testatur
1450 4854 1496 4919 sic
1518 4854 1676 4920 scribens:
1700 4852 1757 4918 sed
1779 4873 1884 4935 neque
1902 4852 2005 4929 litus,
2028 4855 2084 4937 qui
2105 4876 2175 4920 me-

173 4956 264 5010 tmm
284 4944 491 5024 infirmorum
516 4939 722 5024 ignorantiae
744 4937 858 5003 cedere
880 4936 1004 5016 debeat,
1026 4937 1147 5003 Phari·
1200 4958 1276 5002 cum
1305 4945 1390 5018 erat,
1419 4961 1495 5005 cum
1521 4947 1608 5005 essct
1629 4939 1791 5016 Graecus,
1822 4937 2008 5020 compulsus
2027 4940 2091 5003 fuit
2111 4941 2174 5007 cir·

173 5051 324 5096 saeorum
352 5026 534 5091 ausoeritati
560 5045 776 5111 nequaquam
821 5022 912 5104 Quid
938 5024 1028 5088 enim
1053 5024 1145 5088 infir-
1199 5022 1353 5102 oumcidi,
1374 5032 1508 5107 propter
1528 5025 1632 5090 obiter
1652 5026 1816 5108 ingressos
1842 5023 1941 5088 falsos
1962 5024 2095 5105 fratres,
2118 5028 2175 5109 qui

172 5117 281 5182 mitati
313 5112 460 5179 dandum
492 5112 549 5190 sit,
589 5109 718 5177 abunde
749 5109 862 5174 multis
894 5109 973 5174 locis
1005 5108 1148 5175 ostendit
1199 5108 1456 5175 subintroierant
1482 5110 1524 5175 ad
1552 5108 1790 5192 explorandum
1810 5109 1996 5175 libertatem
2017 5117 2173 5193 nostram,

172 5203 300 5270 Paulus
321 5200 432 5286 (Rom
453 5195 517 5282 14).
567 5197 736 5276 Infirmos,
758 5196 879 5278 inquit,
901 5193 1023 5260 infide
1044 5196 1147 5261 susci-
1198 5216 1297 5278 quam
1318 5194 1478 5262 habemus
1503 5198 1539 5261 in
1559 5194 1691 5263 Christo
1711 5195 1805 5275 Iesu,
1837 5216 1901 5278 quo
1928 5216 1988 5261 nos
2015 5198 2051 5262 in
2071 5200 2175 5265 servi·

172 5291 248 5373 pite.
281 5286 382 5352 Item:
408 5304 452 5347 ne
471 5282 607 5365 posthac
629 5283 713 5347 adius
734 5279 835 5346 alium
855 5279 1045 5346 iudicemus.
1078 5281 1148 5346 Ve-
1198 5288 1303 5347 tutem
1323 5279 1508 5365 adigerent;
1536 5281 1652 5365 quibus
1672 5302 1716 5346 ne
1738 5279 1781 5346 ad
1801 5289 1931 5365 tempus
1952 5284 2083 5364 quidem
2104 5306 2173 5352 ecs-
