4770 6030
182 360 244 423 297

179 470 316 612 diliigbd
329 473 366 611 id
377 456 613 610 ’siisltiriendam
634 545 761 610 sufficit.
806 545 899 610 Haec
921 555 1031 609 autem
1053 546 1158 609 virtus

180 653 280 714 quarn
309 631 441 714 propria
466 631 509 694 sit
536 631 732 712 scripturae,
760 631 836 695 inde
862 631 978 713 liquet,
1008 629 1103 712 quod
1116 651 1158 694 ex
1232 679 1237 690 .

179 718 337 783 humanis
358 717 487 800 scriptis
508 716 687 797 quamlibet
708 718 881 781 artificiose
899 716 1060 798 expolitis,
1084 716 1157 779 nul·

72 822 78 827 ·
179 804 251 868 lum
273 804 406 869 omnino
427 801 563 886 perinde
586 801 628 866 ad
649 823 709 866 nos
731 802 918 867 afficiendos
936 802 1031 866 valet.
1065 802 1157 899 Lege

179 889 447 967 Demosthenem,
470 895 528 952 aut
549 886 756 966 (licemnem3
778 889 850 971 lege
870 888 1056 963 Platonem,
1079 889 1157 950 An-

180 974 346 1052 stctclem,
375 984 433 1039 aut
458 974 539 1038 alios
566 975 697 1056 quosvis
725 994 767 1037 ex
788 973 845 1037 illa
866 973 1010 1038 cohorte:
1036 973 1157 1036 mirum

179 1062 216 1125 in
239 1059 389 1139 modurn,
416 1061 534 1139 fateor,
561 1064 595 1123 te
616 1059 774 1137 allicient,
802 1058 1024 1135 oblectabunt,
1046 1079 1157 1121 move·

179 1147 273 1225 bunt,
291 1148 435 1229 rapient;
454 1166 570 1210 verum
586 1145 663 1210 inde
680 1147 708 1210 si
726 1144 768 1209 ad
786 1167 913 1210 sacram
931 1145 1029 1209 istam
1045 1144 1157 1208 lectio-

179 1254 257 1298 nem
290 1240 323 1296 te
350 1232 512 1309 conferas,
539 1230 623 1296 velis
649 1231 748 1309 nolis,
777 1232 824 1295 ita
842 1230 951 1295 vivide
973 1238 1006 1293 te
1028 1230 1155 1307 afficiet,

180 1320 230 1383 ita
255 1339 310 1383 cor
337 1325 432 1382 tuum
459 1317 657 1400 penetrabit,
685 1318 732 1381 ita
752 1316 905 1381 medullis
926 1315 1096 1393 insidebit,
1121 1324 1158 1379 ut

179 1425 261 1488 prae
281 1404 375 1469 istius
395 1424 510 1468 sensus
527 1402 680 1480 efficacia,
699 1403 750 1468 vis
768 1403 825 1466 illa
840 1402 1009 1467 rhetorum
1028 1423 1065 1466 ae
1083 1400 1157 1483 phi-

179 1490 390 1572 losophorum
411 1509 512 1571 prope
534 1496 716 1553 evanescat.
751 1489 797 1553 Ut
818 1497 1005 1571 promptum
1023 1488 1065 1552 sit
1082 1508 1156 1569 per-

180 1577 315 1658 spicere,
339 1575 490 1641 divinum
511 1573 668 1656 quiddam
689 1575 814 1656 spirare
836 1596 945 1639 sacras
967 1575 1155 1656 scripturas,

179 1682 263 1744 quae
296 1682 409 1726 omnes
442 1660 607 1725 humanae
640 1659 819 1725 industriae
846 1659 936 1724 dotes
968 1680 1005 1724 ac
1033 1659 1157 1743 gratias

179 1755 271 1812 tanto
293 1747 467 1812 intervallo
490 1755 653 1828 superent

267 1853 317 1914 26·
358 1867 521 1919 'fractarunt
546 1865 593 1919 alii
613 1865 665 1918 hoc
688 1872 875 1934 argumentum
898 1866 1013 1934 copiose.
1051 1866 1109 1929 Quo
1127 1863 1158 1916 lit

178 1942 211 1988 ut
227 1951 314 2004 pauca
337 1941 443 1988 tanturn
461 1935 583 1986 delibare
606 1934 635 1986 iu
652 1950 781 2003 praesens
799 1934 926 1998 sufficiat,
947 1951 1015 2002 quae
1033 1934 1068 1985 ad
1086 1949 1157 1984 sum·

178 2022 251 2057 mam
270 2004 355 2057 totius
378 2020 475 2056 causae
492 2004 609 2055 maxime
630 2004 739 2056 faciunt.
776 2004 891 2056 Praeter
908 2019 940 2056 ea
958 2019 1027 2072 qnae
1045 2003 1098 2055 iam
1117 2007 1157 2053 at—

179 2074 244 2142 tigi,
271 2089 325 2126 non
352 2090 447 2141 parum
470 2072 553 2124 habet
581 2072 710 2140 ponderis
739 2073 798 2141 ipsa
827 2073 977 2141 scripturae
1001 2071 1156 2139 antiquitas.

178 2142 251 2195 Nam
268 2147 404 2210 utcunque
423 2140 512 2209 gaeci
529 2141 676 2209 scriptores
695 2141 729 2193 de
749 2142 907 2210 aegyptiaca
922 2141 1057 2210 theologia
1072 2139 1159 2192 multa

178 2211 347 2274 fabulentur,
371 2211 474 2263 nullum
497 2214 590 2262 tamen
612 2209 769 2277 cuiusquam
793 2210 931 2278 religionis
952 2215 1156 2263 mouumentum

178 2285 276 2342 exstat,
296 2279 369 2348 quod
387 2295 440 2331 nou
458 2279 495 2330 sit
509 2278 592 2331 Musis
610 2279 716 2331 saeculo
735 2279 814 2348 louge
831 2279 950 2331 inferius.
987 2279 1082 2346 Neque
1100 2277 1157 2330 hlo-

179 2364 224 2400 ses
247 2365 346 2400 novum
372 2347 459 2400 Deum
483 2347 705 2408 comminiscitur3
732 2347 780 2400 sed
807 2347 881 2415 quod
902 2347 936 2400 de
963 2354 1074 2400 aeterno
1097 2346 1157 2399 Deo

177 2417 260 2485 longa
276 2422 333 2468 tem
354 2431 432 2468 orum
450 2415 520 2468 serie
538 2416 688 2484 apatribus
702 2416 778 2484 quasi
796 2432 846 2496 per
863 2432 958 2468 manus
969 2416 1100 2468 traditum
1113 2431 1156 2467 ac·

178 2492 308 2554 ceperant
327 2433 483 2549 lbraelitce,
501 2485 637 2553 proponit.
675 2485 745 2548 Quid
762 2501 834 2537 enun
851 2485 925 2537 aliud
979 2485 1007 2550 t,
1026 2500 1108 2552 quarn
1126 2489 1157 2535 ut

177 2554 214 2606 ad
231 2553 326 2606 foedus
345 2554 419 2622 ipsos
436 2558 546 2606 revocet
563 2569 623 2606 cum
641 2552 798 2606 Abrahamo
816 2502 986 2618 initumfuffi
1003 2552 1039 2606 od
1057 2553 1080 2605 si
1097 2567 1156 2605 rum

176 2622 328 2675 inauditam
346 2623 490 2687 attulisset,
509 2622 598 2674 nullus
616 2628 677 2674 erat
695 2639 830 2684 accessus,
848 2623 897 2674 sed
915 2622 1040 2692 oportuit
1057 2621 1156 2674 libera·

175 2691 279 2744 tionem
298 2710 314 2744 a
331 2691 476 2755 servitute,
500 2692 529 2743 in
548 2708 602 2758 qua
619 2691 824 2756 detinebantur,
844 2708 902 2744 rem
919 2691 1044 2744 omnibus
1062 2695 1155 2742 notam

175 2775 209 2813 ac
225 2761 405 2824 tritamesse,
424 2766 454 2812 ut
472 2759 565 2812 audita
582 2761 640 2812 eius
657 2760 759 2812 mentio
777 2759 901 2829 protinus
920 2761 1039 2813 omnium
1051 2759 1155 2811 animos

175 2829 302 2898 erigeret.
341 2829 415 2900 ,Quin
439 2829 521 2880 ctiam
545 2828 579 2880 de
603 2828 862 2897 quadringentorum
886 2845 1019 2882 annorum
1041 2843 1154 2880 numero

173 2897 319 2968 probabile
336 2904 379 2950 est
395 2897 477 2950 fuisse
500 2897 617 2950 edoctos.
654 2897 732 2950 Nunc
750 2898 929 2966 reputandum
947 2905 1003 2962 est,
1022 2898 1046 2949 si
1063 2914 1080 2949 a
1097 2901 1154 2948 tam

174 2968 234 3020 alto
256 2967 367 3019 exordio
388 2966 490 3034 repetit
517 2965 607 3020 Moses
636 2966 775 3019 doctrinae
798 2983 862 3019 suae
889 2967 1066 3020 traditionem
1094 2965 1154 3034 (qui

173 3041 269 3088 tamen
286 3035 344 3103 ipse
367 3040 444 3087 tanto
462 3035 607 3088 intervallo
626 3040 779 3115 temporum
802 3036 871 3088 alios
888 3052 981 3088 omues
1005 3034 1153 3104 scriptores

172 3103 313 3173 superat),
337 3109 621 3183 quantumtretustate
640 3109 775 3173 scriptura
792 3120 868 3157 sacra
886 3104 958 3157 inter
975 3104 1153 3157 alias'omnes

173 3173 300 3226 emineat

262 3263 311 3323 27.
348 3276 408 3328 Iam
425 3290 491 3327 vero
510 3279 552 3328 tot
570 3291 601 3327 ac
617 3277 674 3327 tarn
692 3276 895 3398 imiffiqm
913 3276 998 3330 refert
1014 3275 1152 3340 miracula,

171 3345 289 3399 totidem
307 3352 370 3397 sunt
386 3345 413 3396 le
433 3344 454 3395 's
472 3344 506 3395 ab
524 3344 584 3413 ipso
596 3344 674 3409 latae,
693 3361 743 3413 pro
819 3361 871 3413 que
886 3345 1025 3398 doctrinae
1037 3344 1152 3397 sanctio·

171 3431 229 3468 nes.
265 3413 336 3466 Nam
355 3429 408 3481 quo
444 3413 517 3465 nube
534 3414 664 3481 abreptus
682 3414 734 3465 fuit
750 3415 779 3466 in
795 3418 923 3479 montem,
943 3414 1016 3483 quod
1033 3413 1089 3465 illic
1109 3428 1152 3465 us·

170 3499 227 3604 gups
253 3483 287 3534 ad
309 3482 382 3536 diem
405 3481 640 3561 quadragesimum
668 3481 785 3537 humano
808 3483 985 3536 contubernio
1010 3486 1153 3551 exemptus

204 3552 231 3615 t,
251 3551 324 3619 quod
341 3551 369 3603 iu
387 3549 447 3618 ipsa
464 3551 531 3619 legis
554 3551 770 3619 promulgatione
787 3551 868 3604 facies
887 3552 944 3604 eius
961 3557 1091 3621 tauquam
1110 3567 1152 3604 so·

170 3621 275 3672 laribus
292 3619 377 3672 radiis
395 3619 528 3687 fulgebat,
553 3619 626 3688 quod
640 3618 762 3700 'undique
779 3621 916 3673 micabant
933 3621 1062 3688 fulgetra,
1083 3619 1152 3672 toui-

169 3695 233 3741 trua
260 3695 288 3741 et
314 3689 435 3757 fragores
459 3694 518 3741 toto
543 3704 605 3740 aere
628 3689 855 3754 exaudiebantur,
882 3690 948 3743 tuba
972 3690 1055 3741 etiam
1077 3689 1152 3741 nullo

169 3758 288 3811 humano
306 3774 353 3811 ore
363 3757 619 3825 inflataclangebat;
638 3758 922 3826 quodtabernaculnm
932 3759 1069 3826 ingressus
1080 3759 1151 3810 nube

169 3843 187 3881 o
207 3827 297 3896 posita
315 3826 502 3894 excipiebatur
520 3843 536 3877 a
553 3832 700 3894 conspectu
716 3828 818 3896 populi,
837 3827 910 3895 quod
923 3826 1058 3879 horrendo
1070 3826 1150 3892 Ocrc,

196 3896 279 3948 athan
297 3902 325 3947 et
343 3894 463 3960 Abiron,
482 3895 620 3962 totiusque
638 3895 737 3963 impiae
755 3896 879 3949 factionis
897 3896 982 3949 exitio
1000 3901 1057 3948 tam
1075 3894 1151 3948 miri·

168 3965 220 4017 flce
237 3964 375 4016 vindicata
397 3963 448 4015 fuit
472 3963 529 4015 eius
553 3963 697 4028 autoritas,
723 3965 796 4033 quod
818 3965 887 4033 lapis
905 3966 983 4034 virga
1006 3980 1151 4033 percussus

168 4032 269 4086 flumen
286 4032 411 4102 protinus
429 4032 521 4095 eiecit,
541 4031 613 4100 qued
631 4049 693 4084 man
711 4050 726 4085 e
745 4034 820 4087 coelo
838 4034 872 4085 ad
890 4034 947 4086 eius
965 4033 1150 4102 precationem

168 4102 289 4170 depluit:
312 4117 401 4155 nonne
427 4100 490 4153 binc
507 4100 580 4152 Deus
603 4101 692 4169 ipsum
716 4103 828 4155 coelitus
846 4102 1065 4167 commendabat,
1089 4108 1149 4154 tan-

169 4187 252 4239 quam
269 4170 409 4223 indubium
427 4169 609 4238 prophetam?
646 4169 675 4222 Si
694 4171 754 4238 quis
772 4171 890 4236 obiiciat,
909 4187 953 4224 me
972 4187 1079 4224 sumere
1098 4187 1151 4251 pro

167 4239 298 4292 confessis
321 4255 390 4307 quae
414 4239 600 4291 controversia
621 4256 676 4292 nou
694 4245 817 4292 careant:
844 4240 923 4292 huius
947 4240 1036 4293 cavilli
1062 4239 1151 4292 facilis

167 4311 211 4360 est
229 4307 336 4361 solutio.
372 4306 442 4359 Nam
462 4323 543 4375 quum
562 4307 628 4359 haec
646 4307 736 4360 omnia
753 4325 803 4376 pro
821 4310 948 4363 concione
966 4308 1153 4378 publicaverit

166 4376 271 4440 liores,
299 4376 360 4444 quis
381 4375 499 4444 fingendi
526 4376 600 4429 locus
626 4376 678 4428 fnit
701 4376 773 4456 apud
797 4378 870 4445 ipsos
894 4395 984 4432 rerum
1009 4373 1150 4448 gestarum

167 4445 289 4498 oculatos
307 4446 411 4498 testes?
436 4445 540 4497 scilicet
556 4445 703 4513 prodiisset
721 4463 749 4497 m
766 4446 892 4512 medium,
911 4464 942 4500 ac
959 4448 1088 4516 populum
1108 4447 1149 4499 iu·

166 4513 321 4577 fidelitatis,
349 4513 546 4578 contumaciae,
583 4514 784 4582 ingratitudinis
815 4515 982 4585 aliorumque
1014 4518 1150 4570 scelerum

167 4598 329 4651 coarguens,
359 4596 435 4634 suam
457 4582 621 4648 doctrimm,
646 4584 696 4634 sub
718 4583 839 4650 ipsorum
856 4591 1001 4654 conspectu
1018 4587 1152 4639 iactasset

167 4651 299 4704 sancitam
316 4651 399 4704 fuisse
418 4651 451 4703 iis
469 4652 614 4716 miraculis,
634 4668 703 4720 quae
720 4652 773 4719 ipsi
791 4668 928 4720 nunquam
945 4655 1084 4707 vidissent.

253 4723 303 4784 28.
340 4737 387 4790 Ad
405 4736 485 4802 haec,
507 4737 580 4806 quod
598 4736 682 4788 tribui
703 4735 773 4789 Inda
794 4738 822 4789 in
840 4753 957 4805 persona
973 4740 1146 4806 patriarchae

164 4806 248 4859 Iacob
266 4805 393 4883 assignat
402 4805 585 4875 principatum
603 4804 712 4873 (Genus.
731 4804 773 4871 49,
793 4804 852 4872 10),
871 4805 932 4886 quis
948 4813 1029 4875 neget
1048 4809 1147 4877 spiritu

162 4875 325 4944 prophetico
353 4874 452 4927 factum
476 4891 548 4939 esse,
573 4875 734 4942 praesertim
757 4875 780 4927 si
798 4891 856 4927 rem
874 4890 973 4943 ipsam,
997 4881 1029 4928 ut
1046 4882 1147 4929 eventu

162 4945 340 5012 comprobata
356 4942 415 5008 fuit,
433 4943 589 5012 cogitationi
607 4949 716 4996 nestrae
733 4943 907 4996 subiicimnsi
942 4943 1027 5012 Finge
1044 4944 1139 4997 Mosen

161 5013 281 5081 primum
302 5029 361 5066 esse
385 5013 506 5065 vaticinii
528 5017 665 5067 autorem:
691 5029 725 5065 ex
749 5029 803 5082 quo
825 5018 916 5065 tamen
940 5013 1070 5093 scriptum
1087 5013 1140 5066 hoc

159 5082 310 5134 memoriae
327 5081 456 5149 prodidit,
475 5087 650 5149 praetereunt
661 5082 724 5134 anni
759 5081 938 5150 uadriugenti,
957 5083 1055 5150 qmbus
1064 5082 1140 5134 nulla

160 5157 205 5202 est
228 5150 256 5202 in
280 5151 354 5202 tribu
377 5149 446 5202 Iuda
470 5151 570 5219 sceptri
593 5151 703 5202 mentio.
739 5099 807 5203 lost
824 5151 931 5203 Saulem
949 5152 1138 5219 inauguratum

159 5219 271 5271 videtur
293 5220 368 5287 regia
391 5223 512 5287 potestas
536 5220 564 5271 in
588 5219 663 5272 tribu
687 5220 829 5274 Beniamin
854 5219 980 5273 residere.
1017 5219 1104 5282 Quum
1122 5235 1139 5269 a

157 5288 286 5341 Samuele
304 5287 414 5356 ungitur
431 5287 532 5354 David,
559 5303 690 5356 quaenam
709 5289 766 5341 cius
782 5289 985 5343 uamferendae
1003 5287 1074 5341 ratio
1092 5303 1138 5356 ap-

843 355 943 422 cnr.
965 356 993 421 1.
1037 355 1103 420 ua
1123 353 1414 422 coemeram
1434 329 1528 422 aar.

2124 364 2187 426 298
2218 380 2223 399 “

1212 542 1311 609 paret?
1348 543 1412 606 Quis
1430 560 1522 612 regem
1540 551 1677 613 sperasset
1694 561 1728 598 ex
1746 546 1854 615 plebeia
1870 545 1987 598 hominis
2005 549 2124 614 pecuarii
2141 548 2189 602 do·

1211 627 1256 663 mo
1274 611 1430 664 exiturum?
1464 614 1502 665 Et
1520 629 1602 682 quum
1625 614 1682 666 illic
1699 621 1804 682 septem
1822 621 1913 667 essent
1930 615 2041 681 fratres,
2062 618 2122 686 quis
2139 617 2189 670 mi·

1211 696 1285 731 mmo
1302 686 1368 732 natu
1385 680 1516 734 honorem
1537 682 1719 735 destinasset?
1747 684 1805 747 Qua
1822 683 1919 735 deinde
1937 683 2042 737 ratione
2061 685 2096 737 ad
2112 702 2189 754 spem

1210 749 1288 816 regni
1305 750 1450 816 pervenit?
1477 751 1542 815 Quis
1559 751 1676 804 humana
1694 756 1753 804 arte
1771 752 1815 804 vel
1833 751 1973 816 industria,
1992 753 2190 832 velprudentia

1247 817 1388 869 ber-natam
1405 817 1488 872 fuisse
1505 821 1659 873 unctionem
1677 820 1757 884 dicat,
1776 836 1807 872 ac
1824 837 1878 873 uon
1889 821 1980 888 potius
1994 823 2116 874 vatrcinii
2128 840 2188 877 coe·

1222 886 1288 937 estis
1305 887 1531 954 complementum
1549 890 1627 941 esse?
1653 889 1785 941 Similiter
1803 905 1872 956 quae
1890 889 2067 958 degentibus
2085 891 2113 943 in
2130 892 2186 945 foe·

1211 954 1261 1005 dus
1279 955 1329 1006 Dei
1355 957 1528 1024 cooptandis,
1552 958 1666 1010 obseiuc
1684 957 1760 1022 licet,
1783 958 1928 1026 praedicit,
1973 975 2036 1011 uum
2053 966 2116 1027 post
2134 960 2187 1014 duo

1210 1022 1268 1074 fere
1286 1040 1417 1076 annorum
1435 1025 1520 1077 millia
1537 1026 1685 1090 evenerint,
1705 1044 1740 1078 an
1756 1042 1811 1079 uon
1828 1027 1920 1080 divino
1982 1033 2029 1079 atu
2047 1028 2135 1096 ipsum
2149 1029 2188 1082 lo·

1211 1096 1302 1170 cutum
1325 1108 1384 1144 esse
1407 1095 1496 1162 palam
1520 1093 1640 1147 faciunt?
1676 1094 1780 1147 Omitto
1804 1095 1870 1146 alias
1888 1095 2098 1163 praedictiones,
2118 1113 2189 1177 quae

1211 1158 1330 1213 divinam
1358 1162 1552 1215 revelationem
1578 1163 1618 1216 ita
1639 1164 1720 1231 plane
1744 1164 1861 1232 spirant,
1886 1170 1917 1215 ut
1939 1165 2011 1216 sanis
2034 1165 2188 1218 homimbus

1211 1235 1317 1282 constet
1343 1229 1431 1282 Deum
1457 1247 1516 1284 esse
1539 1232 1586 1300 qui
1610 1233 1737 1301 loquitur.
1778 1233 1918 1297 Breviter,
1946 1250 2028 1285 unum
2054 1235 2188 1288 canticum

1210 1296 1302 1364 (Dent.
1322 1295 1369 1366 32)
1393 1300 1499 1352 illustre
1521 1301 1659 1368 speculum
1683 1307 1738 1367 est,
1761 1301 1790 1353 in
1814 1317 1867 1370 quo
1884 1300 1958 1354 Deus
1982 1301 2123 1355 evidenter
2140 1319 2187 1372 ap·

1209 1372 1295 1433 paret.

1296 1455 1346 1516 29.
1388 1470 1422 1522 In
1445 1469 1556 1538 reliquis
1580 1476 1671 1524 autem
1692 1472 1834 1540 prophetis
1855 1474 1941 1525 multo
1964 1472 2112 1525 etiamnum
2134 1475 2188 1526 cla·

1211 1537 1267 1590 rius
1293 1538 1321 1590 id
1348 1539 1476 1591 cernitur.
1518 1538 1608 1592 Pauca
1633 1545 1739 1592 tantum
1767 1542 1891 1610 exempla
1913 1541 2043 1609 deligam,
2071 1542 2135 1610 quia
2156 1543 2186 1596 in

1210 1606 1334 1660 omnibus
1357 1607 1516 1676 colligendis
1539 1608 1637 1660 nimius
1664 1615 1737 1662 essct
1759 1610 1844 1663 labor.
1887 1611 1973 1674 Quum
1996 1611 2100 1663 Iesaiae
2118 1617 2186 1664 tem-

1210 1691 1277 1745 pore
1295 1680 1420 1744 pacatum
1439 1683 1511 1729 esset
1528 1692 1640 1745 regnum
1658 1678 1739 1743 Iuda,
1758 1679 1813 1731 imo
1850 1695 1914 1731 uum
1930 1679 1959 1731 in
1976 1679 2119 1732 Chaldaeis
2137 1680 2186 1732 ali·

1211 1743 1277 1824 quid
1294 1744 1423 1812 praesidii
1445 1745 1496 1797 sibi
1515 1761 1545 1798 re
1565 1746 1665 1798 ositum
1687 1751 1809 1815 putaret,
1831 1696 1868 1800 de
1886 1747 1990 1801 excidio
2007 1749 2083 1800 urbis
2100 1764 2186 1817 popu·

1211 1813 1284 1881 lique
1303 1813 1399 1865 exsilio
1417 1763 1628 1867 concionabatur
1651 1815 1760 1868 Iesaiae.
1795 1815 1842 1869 ut
1864 1817 1958 1869 demus
1981 1817 2100 1870 nondum
2118 1817 2186 1870 satis

1211 1882 1312 1933 clarum
1331 1883 1467 1950 specimen
1484 1882 1567 1936 fuisse
1584 1883 1670 1936 divini
1688 1884 1839 1949 instinctus,
1857 1885 1942 1937 multo
1954 1892 2018 1938 autc
2030 1885 2187 1954 praedicere

1211 1966 1280 2018 quae
1297 1956 1362 2003 tunc
1378 1950 1542 2004 videbantur
1556 1952 1685 2018 fabulosa,
1703 1954 1813 2006 tandem
1824 1969 1890 2006 vera
1902 1962 2097 2022 apparuerunt:
2135 1970 2187 2007 uae

1210 2025 1302 2071 tamen
1320 2019 1399 2070 simul
1422 2019 1456 2071 de
1474 2020 1661 2089 redemptione
1679 2022 1806 2074 vaticinia
1824 2023 1892 2086 edit,
1912 2023 1996 2087 uude,
2016 2024 2066 2075 nisi
2077 2041 2101 2084 ,a
2145 2038 2185 2089 eo,

1210 2087 1332 2156 profecta
1357 2088 1604 2168 finisse'dicemusf
1652 2090 1753 2171 Cyrum
1780 2092 1902 2144 nonuuat
1923 2090 2051 2172 §1⁰⁸24B
2071 2091 2111 2157 1),
2136 2107 2187 2160 per

1210 2157 1559 2295 stelitlttttti
1574 2158 1717 2296 illitu
1735 2161 1909 2291 turult
1922 2160 2186 2297 tilttttt:

1210 2296 1253 2345 tus
1272 2299 1315 2345 est
1350 2293 1476 2362 ropheta,
1495 2294 1652 2369 priusquam
1671 2302 1827 2349 nasceretur
1844 2296 1939 2366 Gyras.
1976 2297 2046 2349 Nam
2064 2298 2108 2350 hic
2125 2314 2186 2352 cen·

1209 2363 1306 2415 tesimc
1324 2311 1432 2414 demum
1450 2379 1519 2416 anno
1537 2369 1585 2415 aut
1604 2365 1712 2417 circiter
1728 2371 1792 2432 post
1815 2365 1887 2417 illius
1904 2372 2020 2419 mortem
2038 2372 2117 2419 natus
2136 2372 2186 2420 est.

1210 2431 1297 2484 Nemo
1320 2431 1443 2484 divinare
1465 2436 1530 2485 tunc
1553 2438 1674 2500 poterat,
1700 2433 1757 2486 fore
1782 2434 1899 2502 aliquem
1917 2433 2031 2503 (lyram,
2059 2436 2102 2487 cui
2126 2451 2186 2488 cum

1209 2500 1368 2569 Babyloniis
1386 2501 1486 2553 bellum
1503 2501 1624 2554 futurum
1641 2507 1726 2563 essct,
1751 2502 1809 2570 qui,
1834 2508 1890 2554 tam
1908 2504 2013 2570 potenti
2030 2501 2187 2557 moun'rchia

1209 2569 1259 2620 sub
1277 2586 1385 2621 manum
1404 2586 1478 2621 suam
1497 2569 1614 2635 redacta,
1632 2571 1713 2623 finem
1731 2570 1869 2623 israelitici
1888 2572 1979 2640 populi
1994 2572 2185 2641 exsilioimpo·

1208 2643 1295 2690 neret.
1332 2637 1411 2691 Nuda
1428 2637 1496 2692 haee
1513 2640 1642 2705 narratio,
1660 2641 1718 2692 sine
1736 2640 1791 2692 ullo
1809 2640 1953 2691 verborum
1972 2646 2077 2703 ornatu,
2096 2656 2187 2694 nonne

1208 2706 1320 2758 indubia
1343 2722 1402 2759 esse
1425 2707 1475 2760 Dei
1493 2708 1615 2773 oracula,
1639 2725 1694 2762 non
1716 2709 1832 2761 hominis
1850 2709 2029 2773 coniecturas,
2056 2725 2124 2776 quae
2142 2710 2186 2762 Ie·

1209 2776 1279 2827 saias
1307 2775 1437 2843 loquitur,
1465 2776 1545 2844 plane
1571 2777 1760 2830 demonstrat?
1806 2777 1910 2830 Rursus
1936 2794 2019 2844 quum
2046 2778 2185 2844 Ieremias,

1227 2843 1284 2896 rius
1307 2844 1447 2911 aliquanto
1465 2861 1546 2913 quam
1568 2848 1683 2915 populus
1701 2847 1893 2910 abduceretur,
1917 2847 1994 2897 aunis
2012 2845 2185 2914 septuaginta

1247 2912 1253 2924 ‘
1286 2917 1299 2964 t
1316 2916 1371 2965 tem
1392 2930 1423 2966 us
1441 2915 1620 2982 captivitatis,
1643 2916 1815 2995 reditumque
1833 2919 1862 2967 et
1879 2915 2035 2967 libertatem
2051 2914 2185 2967 indiceret

1207 2981 1273 3050 (Ier.
1297 2979 1339 3046 25,
1365 2930 1424 3048 il),
1451 2999 1541 3036 nonne
1567 3001 1584 3035 a
1609 2984 1708 3054 spiritu
1733 2984 1785 3037 Der
1810 2983 1956 3052 gubernari
1982 2984 2040 3035 eius
2065 2983 2184 3052 linguam

1207 3050 1349 3119 oportuit?
1384 3051 1466 3103 Cuius
1489 3052 1673 3120 impudentiae
1691 3053 1756 3118 erit,
1780 3069 1880 3121 negare
1897 3053 1997 3104 talibus
2016 3052 2184 3104 documentis

1206 3119 1337 3172 sancitam
1360 3120 1443 3172 fuisse
1467 3121 1661 3189 prophetarum
1683 3123 1871 3183 autoritatem
1900 3122 2021 3188 adeoque
2043 3121 2185 3189 impletum

1206 3204 1266 3241 esse
1284 3188 1357 3256 quod
1375 3189 1428 3257 ipsi
1446 3190 1548 3242 iactant
1566 3191 1600 3242 ad
1617 3190 1807 3244 vindicandam
1824 3191 1992 3243 sermonibus
2011 3190 2067 3242 suis
2083 3190 2184 3244 iidem?

1207 3257 1304 3310 Priora
1322 3273 1383 3309 ecce
1401 3264 1541 3324 venerunt,
1559 3275 1630 3312 nova
1647 3260 1789 3313 annuntio:
1808 3265 1953 3328 antequam
1971 3260 2101 3323 oriantur,
2119 3263 2185 3312 nota

1207 3326 1286 3379 vobis
1304 3325 1400 3378 faciam
1418 3327 1483 3394 (Ics.
1501 3325 1544 3391 42,
1563 3326 1601 3395 9).
1638 3327 1742 3382 Omitto
1766 3329 1838 3397 quod
1856 3329 1986 3380 Ieremias
2004 3333 2032 3380 et
2050 3327 2184 3393 Ezechiel,

1207 3411 1289 3463 quum
1306 3400 1364 3447 tarn
1401 3397 1475 3449 rocul
1493 3402 1584 3450 essent
1602 3397 1698 3463 dissiti,
1716 3401 1808 3450 tamen
1826 3398 1920 3450 eodem
1930 3401 2052 3463 tempore
2065 3395 2184 3474 prophe·

1205 3470 1295 3516 tentes
1321 3464 1350 3515 iu
1395 3465 1454 3517 ’ctis
1477 3465 1601 3518 omnibus
1624 3466 1737 3534 perinde
1758 3466 1976 3528 consentiebant,
2001 3465 2031 3515 rfc
2049 3480 2071 3514 ιι
2089 3469 2184 3516 mutuo

1206 3533 1276 3584 alter
1302 3533 1382 3584 alteri
1409 3533 1539 3586 dictasset
1562 3536 1653 3588 verba
1696 3535 1766 3599 Quid
1786 3535 1902 3587 Daniel?
1929 3547 2017 3584 aunon
2039 3548 2124 3612 usque
2149 3532 2183 3584 ad

1206 3618 1305 3653 annum
1331 3602 1388 3654 fere
1415 3603 1639 3655 sexcentesimum
1668 3603 1702 3655 de
1728 3605 1810 3656 rebus
1835 3603 1933 3654 futuris
1961 3599 2117 3668 prophetias
2144 3601 2185 3653 ita

1205 3671 1339 3735 contexit,
1359 3686 1389 3723 ac
1408 3672 1431 3723 si
1448 3671 1590 3724 historiam
1607 3672 1642 3724 de
1666 3672 1747 3724 rebus
1764 3672 1848 3739 gestis
1865 3677 1894 3723 et
1930 3669 2012 3722 assim
2029 3671 2101 3722 notis
2119 3670 2183 3722 scri·

1205 3739 1301 3791 bereti
1334 3739 1410 3791 Haec
1427 3740 1449 3791 si
1467 3742 1553 3808 probe
1570 3741 1702 3792 meditata
1719 3740 1837 3792 babeant
1854 3739 1892 3807 pii
1910 3687 2040 3801 homines,
2060 3739 2094 3790 ad
2112 3755 2184 3791 corn·

1204 3807 1353 3928 &ascendes
1370 3809 1515 3877 impiorum
1532 3808 1671 3861 hominum
1694 3808 1808 3860 latratus
1826 3808 1933 3861 abunde
1951 3807 2075 3859 instructi
2095 3815 2182 3861 erunt.
2247 3826 2249 3831 ·

1222 3876 1312 3997 llirrior
1330 3877 1402 3929 enim
1426 3883 1468 3930 est
1489 3878 1544 3930 ista
1560 3877 1769 3942 demonstratio,
1794 3894 1876 3944 quam
1897 3881 1928 3928 ut
1945 3875 2007 3928 ullis
2025 3876 2130 3929 cavillis
2147 3878 2185 3929 sit

1205 3961 1330 3998 ouoxrs.

1292 4035 1343 4095 30·
1381 4048 1442 4102 Scio
1460 4049 1527 4117 quid
1544 4050 1572 4102 in
1595 4048 1700 4128 angulis
1717 4048 1879 4117 obstrepant
1900 4047 2010 4116 quidam
2028 4049 2183 4114 nebulones,

1205 4123 1237 4170 at
1259 4117 1287 4169 in
1306 4118 1487 4186 oppugnanda
1508 4118 1560 4170 Dei
1583 4123 1700 4171 veritate
1718 4133 1830 4170 acumen
1847 4116 1947 4185 ingenii
1972 4118 2013 4169 sui
2037 4121 2182 4171 ostentent.

1206 4186 1345 4250 Quaerunt
1363 4187 1441 4252 enim,
1461 4188 1522 4255 quis
1539 4205 1589 4241 nos
1607 4187 1737 4240 certiores
1754 4186 1850 4239 fecerit
1868 4203 1885 4238 a
1902 4185 1978 4239 Mose
1996 4192 2024 4239 et
2042 4185 2183 4255 prophetis

1204 4254 1272 4307 haec
1289 4255 1371 4308 fuisse
1389 4256 1498 4325 scripta,
1518 4273 1587 4325 quae
1605 4255 1655 4308 sub
1673 4272 1767 4308 eorum
1784 4254 2093 4322 nominibusleguntnrf
2112 4253 2182 4318 Quin

1205 4324 1288 4375 etiam
1312 4325 1497 4392 quaestionem
1518 4341 1628 4378 movero
1653 4325 1766 4388 audent,
1796 4323 1913 4377 breritne
1939 4340 2058 4392 unquam
2083 4322 2181 4390 aliquis

1206 4392 1314 4446 Moses?
1349 4394 1389 4446 At
1412 4394 1435 4446 si
1460 4393 1520 4462 quis
1543 4395 1572 4446 in
1590 4393 1701 4446 dubium
1724 4398 1844 4459 revocet,
1868 4393 1984 4445 meritae
2002 4408 2119 4458 unquam
2137 4391 2181 4443 vel

1205 4462 1286 4514 Plato
1310 4462 1418 4542 aliquis,
1443 4463 1487 4516 vel
1511 4463 1687 4527 Aristoteles,
1712 4462 1755 4515 vel
1773 4461 1880 4526 Cicero,
1905 4462 2037 4529 quianon
2060 4458 2181 4512 celabis

1206 4537 1254 4583 aut
1270 4530 1305 4582 lla
1340 4532 1382 4583 llrs
1400 4531 1583 4600 castigandam
1606 4532 1688 4584 talem
1705 4530 1838 4584 insaniam
1855 4530 1945 4583 dicat?
1980 4529 2043 4580 Fuit
2060 4528 2103 4580 lex
2151 4543 2180 4580 c-

1206 4600 1244 4652 sis
1262 4616 1309 4653 coe
1321 4601 1372 4653 esti
1389 4601 1475 4669 magis
1497 4600 1680 4669 providentia,
1710 4617 1790 4668 quam
1807 4599 1945 4651 hominurn
1963 4597 2052 4649 studio
2070 4596 2179 4648 mirabi-

1207 4668 1271 4721 liter
1297 4674 1463 4722 couservata.
1508 4670 1546 4721 Bt
1574 4686 1728 4738 quanquam
1759 4667 1923 4737 negligentia
1949 4665 2118 4718 sacerdotum
2145 4664 2180 4717 ad

1206 4738 1290 4790 breve
1309 4745 1415 4808 tempus
1432 4738 1539 4805 sepulta
1555 4738 1644 4804 iacuit,
1663 4754 1697 4790 ex
1716 4753 1769 4805 quo
1787 4737 1848 4804 pius
1865 4750 1913 4788 rex
1932 4733 2017 4786 Iosias
2036 4735 2179 4786 eaminve·

1207 4807 1261 4870 nit,
1279 4823 1330 4875 per
1347 4807 1487 4860 continuas
1504 4811 1624 4858 aetatum
1642 4806 1824 4858 successiones
1841 4804 1913 4856 inter
1930 4818 2025 4854 manus
2041 4802 2180 4855 hominum

1208 4881 1317 4927 versata
1335 4881 1384 4929 est.
1420 4875 1516 4944 Neque
1533 4890 1599 4927 vcro
1618 4875 1695 4942 quasi
1718 4890 1776 4926 rem
1800 4874 1919 4941 ignotam
1939 4877 1986 4923 aut
2003 4888 2100 4923 novam
2119 4887 2181 4940 pro·
2250 4892 2254 4899 ¹

1208 4943 1273 4995 tulit
1295 4944 1394 5006 Iosias;
1417 4945 1466 4997 sed
1489 4960 1557 5014 qnae
1579 4959 1687 5011 semper
1708 4943 1818 5010 vulgata
1840 4941 1940 5005 fuerat,
1968 4944 1997 4992 et
2020 4941 2094 4992 euius
2117 4946 2182 4992 tunc

1209 5012 1323 5065 celebris
1347 5017 1408 5066 erm
1429 5012 1565 5066 memoria.
1602 5011 1728 5063 Dicatum
1746 5017 1806 5062 erat
1824 5009 1926 5077 templo
1944 5010 2070 5062 volumen
2087 5013 2179 5076 proto-

1207 5087 1307 5148 tpon;
1334 5082 1452 5133 dicatum
1483 5081 1564 5151 regiis
1590 5079 1720 5143 archivis,
1752 5079 1917 5146 descriptum
1944 5078 2007 5130 inde
2034 5094 2110 5129 exem
2131 5077 2179 5129 lar.

1209 5097 1325 5202 flentum
1342 5150 1394 5202 hoc
1411 5151 1553 5215 acciderat,
1573 5148 1645 5217 quod
1662 5148 1815 5200 sacerdotes
1833 5148 1919 5215 legem
1930 5147 2017 5214 ipsam
2029 5163 2063 5198 ex
2077 5093 2181 5198 solinni

1208 5233 1284 5270 more
1302 5218 1442 5287 publicare
1459 5220 1604 5283 desierant,
1622 5223 1651 5270 et
1662 5217 1776 5286 populus
1788 5217 1870 5269 etiam
1883 5215 1940 5283 ipse
1953 5214 2080 5266 usitatam
2088 5213 2180 5266 lectio·

1208 5301 1270 5338 uem
1287 5287 1453 5356 neglexerat
1490 5288 1560 5352 Quid
1584 5286 1656 5355 quod
1677 5286 1780 5339 nullum
1803 5285 1861 5337 fere
1878 5284 2012 5336 saeculnm
2028 5283 2180 5352 praeteriit,
2267 5286 2270 5291 '
