4770 6030
194 359 274 422 1121
618 355 718 423 oar.
740 356 820 422 xx.
842 357 952 442 qur.)
993 356 1058 420 nn
1079 353 1303 429 remmon
1321 353 1771 423 suumrsuanrroun.
1947 326 1948 329 ‘
2128 364 2209 425 1122

191 468 562 537 A39131348630486.

191 547 334 612 christus
366 546 500 609 Domini
532 457 588 608 esi.
646 546 743 609 Item:
784 546 856 627 quis
889 545 999 607 mittet
1033 564 1168 608 manum
1222 545 1451 628 cogitantium,
1481 552 1514 609 et
1542 544 1632 609 aliud
1659 546 1864 610 molientium
1892 547 2062 610 hominum
2080 570 2126 612 'eo
2148 549 2205 615 de-

191 654 285 697 suaru
307 632 341 694 in
363 631 525 696 christum
546 631 697 708 Domini,
720 639 754 694 et
775 632 932 694 innocens
956 629 1039 694 erit?
1074 629 1168 694 Vivit
1222 632 1331 695 stiuat.
1377 629 1433 695 Sic
1462 631 1620 713 populum
1649 631 1753 696 Israel
1783 632 1997 716 styrannide
2019 633 2204 701 Pharaonis

190 719 368 793 Dominus,
396 718 461 782 nisi
489 718 653 781 Dominus
682 717 878 798 percusserit
906 737 996 793 eum,
1021 722 1078 780 aut
1100 714 1168 779 dics
1221 738 1280 798 per
1308 717 1452 795 Mosem;
1483 738 1500 780 θ
1534 717 1690 781 violentia
1717 717 1854 782 Ohusau
1884 718 1971 800 regis
2000 716 2118 802 Syriae
2144 743 2206 803 per

191 805 262 868 eius
284 802 422 878 venerit,
446 811 485 866 ut
506 804 682 878 moriatur,
713 804 827 866 autin
849 801 1011 884 proelium
1034 799 1168 864 deseen-
1222 800 1446 880 Othouie13ex
1457 802 1531 866 aliis
1541 804 1683 867 servitiis
1694 824 1753 885 per
1764 803 1844 868 alios
1856 803 1908 868 vel
1916 825 2009 886 reges
2022 805 2204 873 veliudiees

192 889 289 954 derit:
314 889 399 956 absit
421 909 440 950 a
458 896 519 965 m‘c,
542 899 580 952 ut
598 890 726 951 mittam
744 909 880 952 manum
898 908 1006 951 meam
1024 888 1059 950 in
1081 886 1169 951 chri·
1220 889 1256 951 in
1267 888 1450 952 libertatem
1463 889 1609 953 asseruit.
1634 886 1690 954 Sic
1701 889 1782 973 Tyri
1795 890 1983 971 superbiam
1999 891 2203 976 perAegyp-

192 985 280 1041 stum
301 974 447 1038 Domini.
1222 975 1298 1052 tios;
1337 975 1383 1039 sie
1423 975 1661 1058 Aegyptiorum
1696 975 1905 1040 insolentiam
1943 996 2002 1057 per
2033 977 2203 1062 Assyrios;

278 1064 329 1123 28.
373 1061 473 1125 Hunc
495 1060 700 1124 reverentiae
728 1068 825 1141 atque
852 1058 932 1122 adeo
963 1058 1094 1141 pietatis
1122 1059 1169 1122 af-
1222 1059 1434 1143 Assyriorum
1467 1061 1620 1126 ferociam
1648 1081 1708 1142 per
1743 1060 1940 1139 Chaldaeos;
1973 1062 2205 1128 confidentiam

192 1149 314 1212 fectum
355 1145 510 1210 debemus
542 1145 584 1209 ad
616 1154 802 1208 extremum
842 1145 1013 1226 praefectis
1047 1145 1169 1210 nostris
1222 1144 1402 1229 Babylonis
1434 1167 1493 1228 per
1527 1145 1642 1210 Medos
1679 1153 1712 1210 et
1738 1147 1858 1211 Persas
1893 1146 2026 1211 domuit.
2072 1148 2204 1233 Regum

193 1233 352 1310 omnibus,
371 1232 483 1313 quales
500 1230 633 1294 tandem
652 1251 779 1313 cunque
803 1232 876 1294 sint.
923 1229 1019 1310 Quod
1041 1231 1170 1314 saepius
1222 1252 1300 1295 vero
1321 1230 1406 1296 Iuda
1428 1241 1461 1295 et
1482 1231 1585 1296 Israel
1607 1232 1892 1314 ingratitudinem,
1922 1240 1956 1297 at
1977 1254 2056 1316 erga
2077 1243 2125 1298 tot
2143 1253 2203 1301 sua

193 1318 265 1383 ideo
286 1327 412 1400 repeto,
440 1328 478 1380 ut
505 1316 667 1381 discamus
695 1339 762 1380 non
790 1316 940 1379 homines
962 1317 1050 1397 ipsos
1072 1337 1169 1380 excu-
1222 1318 1379 1382 beneficia
1406 1318 1541 1398 impiam
1569 1319 1821 1396 contumaciam,
1849 1340 1937 1382 nuno
1958 1340 2017 1400 per
2038 1319 2201 1404 Assyrios,

195 1415 278 1482 tere;
307 1403 364 1468 sed
393 1404 471 1467 satis
499 1402 678 1466 habeamus
706 1399 792 1484 quod
814 1423 886 1465 eam
911 1402 1078 1465 voluntate
1099 1401 1169 1466 Do·
1222 1424 1310 1467 nunc
1331 1423 1390 1484 per
1412 1402 1611 1487 babylonios
1632 1403 1780 1468 contudit
1806 1411 1839 1467 et
1866 1405 1992 1482 afflixit,
2016 1426 2201 1488 quanquam

193 1492 273 1554 mini
307 1510 479 1571 personam
512 1489 710 1566 sustineant,
740 1489 792 1551 cui
820 1486 1042 1552 inviolabilem
1069 1490 1170 1552 maie-
1223 1509 1290 1552 non
1308 1487 1422 1552 eadem
1440 1489 1551 1552 omnia
1568 1489 1704 1553 ratione.
1739 1491 1871 1554 Priores
1889 1490 1977 1553 enim
1994 1490 2051 1569 illi,
2071 1493 2201 1574 quando

193 1584 312 1641 statem
332 1576 499 1656 impressit
520 1575 589 1656 ipse
611 1581 645 1636 et
664 1573 842 1654 insculpsit.
888 1573 935 1637 At
955 1582 1095 1651 mutuas,
1118 1574 1169 1636 in·
1222 1572 1264 1636 ad
1287 1573 1413 1638 edenda
1433 1574 1513 1638 talia
1533 1574 1679 1639 facinora
1700 1574 1848 1658 legitima
1868 1577 1932 1640 Dei
1955 1578 2124 1641 vocatione
2147 1600 2200 1644 ac-

194 1664 295 1745 quies,
319 1659 457 1725 subditis
482 1661 550 1724 suis
578 1660 665 1724 vices
694 1658 814 1723 debent
833 1659 995 1741 praefecti.
1040 1658 1080 1722 Id
1101 1660 1169 1723 iam
1221 1660 1331 1724 cersiti
1352 1667 1455 1736 erant,
1477 1661 1514 1722 in
1536 1680 1630 1742 reges
1651 1661 1848 1726 incurrendo
1874 1662 2010 1726 minime
2032 1664 2201 1728 violabant

193 1749 360 1814 confessus
382 1768 464 1810 sum.
517 1746 642 1809 Verum
664 1747 691 1810 si
719 1767 761 1809 ex
790 1766 827 1809 eo
857 1745 988 1821 statuis,
1016 1765 1083 1808 non
1105 1746 1169 1808 nisi
1221 1767 1294 1809 eam
1313 1766 1395 1827 quae
1414 1745 1527 1810 divina
1544 1745 1747 1811 ordinatione
1765 1747 1896 1830 regibus
1913 1747 2020 1812 indita
2037 1751 2200 1814 estmaie·

193 1834 289 1898 iustis
321 1833 469 1914 imperiis
508 1829 716 1914 rependenda
750 1829 918 1913 obsequia,
954 1830 1100 1895 insulsus
1134 1853 1168 1896 es
1221 1838 1354 1910 statem3
1377 1830 1435 1895 sed
1458 1832 1618 1895 minorem
1636 1839 1827 1914 potestatem
1852 1834 1976 1898 maiore
1993 1835 2197 1901 coercebant:

193 1920 411 1984 ratiocinator.
445 1917 531 1981 Nam
549 1925 582 1981 et
599 1917 663 1980 viri
680 1916 847 1993 uxoribus,
870 1924 902 1978 et
919 1915 1030 1980 liberis
1050 1937 1169 1999 paren·
1220 1915 1355 1999 perinde
1383 1939 1420 1981 ao
1447 1917 1482 1979 in
1509 1938 1584 1982 suos
1612 1924 1760 2002 satrapas
1785 1918 1917 2001 regibus
1939 1919 2200 1985 animadvertere
2291 1955 2301 1961 -

191 2016 241 2070 tes
263 2005 387 2069 mutuis
410 2004 526 2068 officiis
549 2004 785 2085 astringuntur.
830 2001 1013 2066 Discedaut
1034 2002 1074 2066 ab
1097 2003 1167 2066 offi-
1220 2002 1305 2067 licet.
1355 2003 1402 2067 Hi
1431 2003 1560 2066 tametsi
1582 2003 1647 2066 Dei
1668 2024 1786 2080 manu,
1817 2025 1880 2086 quo
1908 2005 1956 2076 illi
1983 2006 2091 2070 visum
2118 2014 2198 2086 erat,

192 2092 240 2158 cio
262 2098 414 2173 parentes
437 2097 470 2152 et
491 2089 610 2152 mariti.
655 2087 705 2151 Illi
730 2087 853 2163 liberis,
883 2109 964 2168 quos
992 2087 1168 2169 prohiben·
1220 2086 1484 2165 destinabantur,
1515 2109 1659 2170 ousque
1685 2091 1754 2153 eius
1783 2090 1959 2154 inscientes
1987 2093 2219 2174 peragebant·

192 2184 247 2241 tur
274 2175 316 2240 ad
337 2173 539 2241 iracundiam
568 2193 744 2255 provocare
767 2173 917 2258 (Ephb,
940 2178 965 2236 1.
993 2175 1116 2238 lPetr.
1138 2179 1166 2252 3,
1220 2173 1305 2238 nihil
1327 2184 1439 2238 tamen
1460 2110 1556 2239 aliud
1571 2174 1679 2238 animo
1701 2195 1800 2257 quam
1822 2175 1927 2240 scelus
1954 2175 2153 2242 volutabant.

195 2262 236 2348 1),
260 2264 307 2326 sic
329 2282 363 2326 se
386 2261 484 2324 duros
512 2267 545 2322 et
572 2259 794 2324 intractabiles
822 2259 1014 2341 praebeant,
1042 2266 1082 2323 ut
1109 2280 1169 2324 sua
1235 2316 1237 2324 .
1308 2264 1357 2324 30.
1403 2260 1530 2324 Verum
1551 2271 1716 2341 utcunque
1737 2261 1810 2342 ipsa
1830 2260 2003 2325 hominum
2019 2262 2106 2327 facta
2122 2284 2199 2328 cen·

192 2371 246 2414 eos
266 2349 455 2413 morositate
477 2346 564 2410 ultra
584 2345 719 2411 modum
737 2345 886 2429 fatigent:
917 2344 963 2423 hi,
987 2365 1063 2409 suas
1085 2366 1168 2410 uxo·
1221 2353 1369 2423 ceantur,
1399 2345 1563 2411 Dominus
1590 2354 1701 2409 tamen
1728 2366 1787 2427 per
1815 2367 1854 2410 ea
1876 2369 1972 2411 suum
1995 2369 2097 2430 aeque
2119 2370 2200 2431 opus

193 2457 253 2512 res,
277 2454 357 2517 quas
381 2432 530 2515 diligere,
563 2439 596 2495 et
617 2430 734 2512 quibus
756 2452 814 2495 seu
835 2430 976 2496 vasculis
997 2431 1168 2515 fragilibus
1220 2433 1467 2513 exsequebatur,
1489 2452 1592 2514 quum
1614 2432 1827 2514 sanguinaria
1850 2453 1886 2496 re
1933 2453 1966 2495 m
1988 2433 2198 2499 insolentium

191 2540 324 2604 parcere
344 2517 501 2583 iubentur
530 2516 630 2601 (Eph.
652 2522 680 2593 5,
700 2521 750 2580 25.
778 2517 903 2581 lPetr.
923 2520 952 2594 3,
973 2520 1022 2600 7),
1053 2525 1168 2583 contu·
1220 2525 1347 2599 sceptra
1374 2517 1608 2600 confringeret,
1643 2538 1681 2582 ac
1714 2517 1875 2581 intoleran
1900 2539 1935 2581 as
1962 2517 2198 2585 dominationes

191 2599 416 2671 melios'issime
439 2604 608 2685 accipiant,
638 2625 680 2666 an
701 2602 811 2666 minus
833 2610 945 2666 tamen
967 2611 1000 2667 et
1021 2604 1167 2685 parenti-
1219 2610 1388 2667 everteret.
1433 2603 1583 2667 Audiant
1602 2603 1774 2684 principes,
1803 2611 1836 2667 et
1856 2609 2051 2667 terrcantur.
2095 2605 2198 2671 Nobis

190 2694 252 2758 bus
270 2690 373 2768 liberi,
393 2696 426 2755 et
443 2688 635 2772 coniugibus
653 2688 808 2752 mulieres
820 2689 1036 2770 obsequentes
1047 2688 1182 2753 erunt‘l'
1220 2698 1330 2753 autem
1351 2689 1484 2753 interim
1504 2708 1709 2771 summopere
1731 2688 1921 2767 cavendum,
1951 2711 1993 2753 ne
2015 2689 2108 2753 illam
2128 2691 2198 2772 ple·

190 2781 238 2844 At
275 2774 431 2858 improbis
472 2795 599 2857 quoque
637 2782 670 2838 et
709 2774 896 2839 inofficiosis
939 2775 1167 2839 subiiciuntur.
1218 2796 1297 2838 nam
1324 2773 1531 2839 venerandae
1559 2775 1740 2839 maiestatis
1767 2776 2020 2858 magistratuum
2042 2777 2198 2841 autorita-

191 2863 291 2945 Quin,
314 2882 414 2944 quum
435 2861 585 2925 omnibus
606 2859 695 2924 istud
725 2859 889 2943 agendum
911 2861 954 2924 sit
973 2860 1096 2943 potius,
1124 2881 1168 2925 ne
1219 2867 1296 2938 tem,
1319 2881 1419 2943 quam
1440 2860 1533 2925 Deus
1555 2861 1757 2943 gravissimis
1780 2858 2040 2937 edictissanxit,
2069 2862 2198 2927 etamsi

190 2951 226 3013 in
245 2949 422 3013 manticam
443 2967 463 3010 a
485 2955 576 3029 tergo
598 2943 795 3028 pendentem
812 2952 1005 3028 respectent,
1028 2945 1090 3012 hoc
1108 2954 1167 3024 est,
1220 2944 1308 3028 apud
1328 2945 1573 3028 indignissimos
1594 2944 1750 3024 resideat,
1780 2953 1813 3010 et
1834 2947 1890 3029 qui
1911 2967 1985 3011 eam
2003 2967 2062 3010 sua
2083 2948 2197 3029 nequi-

191 3055 233 3098 ne
255 3034 318 3096 alii
331 3034 367 3096 in
394 3033 532 3097 aliorum
561 3033 729 3114 inquirant
761 3031 882 3110 officia,
916 3031 974 3096 sed
1001 3031 1088 3114 quod
1115 3033 1168 3096 sui
1219 3033 1267 3096 tia
1296 3041 1454 3114 quantum
1480 3033 1515 3095 in
1542 3053 1578 3097 se
1605 3040 1655 3096 est
1674 3032 1840 3114 polluunt,
1874 3040 2121 3097 contemnamus
2141 3041 2199 3098 aut

190 3127 241 3186 est
256 3119 412 3197 muneris,
434 3117 468 3182 id
487 3117 548 3181 sibi
565 3140 670 3181 unum
688 3117 810 3200 singuli
829 3117 1015 3182 subiiciant:
1038 3116 1072 3181 id
1089 3139 1167 3183 vero
1219 3118 1385 3183 violemus.
1430 3118 1544 3199 Neque
1573 3118 1662 3183 enim
1689 3118 1718 3182 si
1739 3117 1820 3182 ultio
1840 3119 1976 3182 Domini
2004 3125 2054 3183 est
2080 3119 2197 3184 effrae-
2295 3118 2301 3142 ¹

190 3207 353 3271 intereos
378 3204 570 3287 praesertim
596 3203 705 3268 valere
725 3202 835 3282 debet,
863 3204 918 3286 qui
944 3204 1004 3269 sub
1027 3203 1167 3268 aliorum
1218 3213 1315 3268 natae
1337 3203 1566 3268 dominationis
1588 3204 1760 3282 correctio,
1789 3203 1863 3268 ideo
1884 3206 2034 3286 protinus
2062 3203 2212 3270 deman-¹

189 3299 269 3359 sunt
294 3297 454 3374 potestate
484 3291 589 3372 positi.
635 3288 747 3369 Quare
782 3290 810 3352 si
839 3309 859 3351 a
890 3310 986 3354 saevo
1019 3289 1166 3372 principe
1219 3289 1330 3354 datam
1351 3288 1444 3355 nobis
1466 3289 1676 3354 arbitremur:
1699 3290 1817 3371 quibus
1839 3290 1968 3354 nullum
1990 3289 2078 3354 aliud
2096 3285 2203 3373 quam'

190 3377 365 3443 crudeliter
386 3385 584 3459 torquemur,
608 3377 636 3440 si
657 3373 697 3438 ab
719 3396 818 3439 avaro
844 3383 901 3438 aut
923 3375 1090 3440 luxurioso
1112 3397 1165 3440 ra-
1217 3373 1354 3458 parendi
1373 3381 1412 3439 et'
1427 3375 1573 3458 patiendi
1596 3373 1711 3439 datrun
1731 3383 1782 3441 est
1807 3375 2009 3440 mandatum.
2052 3375 2105 3440 De
2127 3378 2197 3461 pri7

189 3464 314 3547 paciter
336 3463 534 3545 expilamur,
558 3463 584 3525 si
607 3462 648 3525 ab
676 3462 796 3544 ignavo
823 3461 1037 3544 negligimur,
1073 3462 1101 3525 si
1124 3463 1164 3527 ab
1217 3463 1302 3526 vatis
1327 3459 1514 3525 hominibus
1542 3482 1670 3543 semper
1695 3461 1817 3545 loquor.
1863 3461 1951 3526 Nam
1978 3461 2083 3544 siqui
2104 3483 2195 3529 nunc

187 3551 290 3633 impio
323 3549 462 3630 denique
491 3556 525 3611 et
552 3546 709 3630 sacrilego
743 3568 904 3611 vexamur
931 3548 981 3617 ob,
998 3547 1163 3629 pietatem,
1217 3548 1284 3611 sint
1305 3547 1478 3629 populares
1505 3547 1716 3630 magistratus
1745 3546 1787 3612 ad
1817 3546 2051 3612 moderandam
2078 3568 2195 3631 regum

188 3636 304 3700 subeat
341 3636 485 3717 primum
523 3632 716 3698 delictorum
754 3641 942 3696 nostrorum
975 3633 1163 3712 recordatio,
1217 3631 1385 3698 libidinem
1407 3634 1575 3697 constituti
1596 3632 1723 3717 (quales
1750 3632 1828 3697 olim
1850 3640 1944 3697 erant
1970 3633 2026 3714 qui
2047 3632 2194 3698 lacedae-

189 3743 271 3804 quae
294 3721 413 3785 talibus
441 3719 533 3783 haud
560 3717 657 3783 dubie
679 3719 814 3782 Domini
844 3718 982 3800 flagellis
1004 3719 1165 3802 castigan-
1216 3719 1335 3783 moniis
1362 3716 1493 3801 regibus
1520 3719 1659 3801 oppositi
1685 3726 1781 3783 arant
1809 3718 1937 3800 ephori,
1967 3726 2025 3782 aut
2051 3720 2196 3784 romanis

188 3816 246 3871 tur
268 3804 367 3888 (Dan.
389 3811 417 3883 9,
438 3809 481 3887 7).
514 3803 827 3870 Succurratdeinde
850 3803 980 3870 ethaeo
1002 3805 1164 3888 cogitatio,
1216 3803 1403 3870 consulibus
1435 3805 1559 3869 tribuni
1592 3803 1710 3888 plebis,
1739 3813 1796 3869 aut
1823 3804 2076 3868 Atheniensium
2099 3826 2194 3870 sena·

189 3913 258 3955 non
291 3899 441 3956 nostrum
473 3911 544 3954 esse
576 3889 765 3954 huiusmodi
802 3889 898 3954 malis
932 3889 1070 3968 mederi;
1103 3892 1165 3956 hoe
1217 3891 1264 3953 tui
1286 3888 1469 3969 demarchi;
1492 3897 1525 3954 et
1545 3911 1610 3972 qua
1627 3890 1727 3954 etiam
1749 3891 1832 3954 forte
1857 3899 2025 3972 potestate,
2048 3897 2085 3953 ut
2106 3907 2211 3957 nunc'

189 3987 318 4041 tantum
336 3999 406 4042 esse
424 3977 594 4058 reliquum,
614 3984 652 4038 ut
671 3976 805 4039 Domini
827 3996 922 4057 opem
944 3976 1164 4059 imploremus,
1217 3998 1270 4040 res
1292 3973 1428 4053 habent,
1456 3976 1639 4059 frmguntur
1666 3977 1701 4039 in
1723 3976 1862 4058 singulis
1883 3976 1995 4059 regnis
2017 3982 2083 4039 tres
2106 3975 2193 4040 ordi-

189 4063 282 4127 euius
309 4065 342 4126 in
372 4082 472 4126 manu
499 4068 577 4124 sunt
601 4082 717 4144 regum
745 4060 843 4125 corda
865 4061 978 4145 (Prov.
1000 4067 1049 4139 21,
1073 4063 1105 4143 1)
1133 4071 1166 4127 et
1216 4083 1284 4139 nes,
1307 4082 1408 4143 quum
1427 4062 1600 4144 primarios
1620 4068 1800 4126 conventus
1821 4061 1999 4145 peragtmt)
2022 4060 2101 4125 adeo
2119 4061 2192 4126 illos

189 4170 365 4230 regnorum
394 4146 630 4211 inclinationes.
675 4146 737 4209 Ille
766 4147 857 4211 Deus
885 4155 947 4226 est,
981 4148 1037 4229 qui
1067 4149 1166 4213 stabit
1216 4148 1383 4212 ferocienti
1415 4168 1532 4232 regrum
1571 4147 1720 4212 licentiae
1758 4168 1817 4229 pro
1850 4147 1955 4212 officio
1992 4145 2192 4212 intercedere

189 4235 225 4296 in
248 4254 417 4317 synagoga
439 4232 588 4309 deorum,
618 4246 651 4295 et
671 4233 708 4295 in
734 4232 841 4295 medio
871 4232 947 4298 deos
975 4233 1165 4299 diiudicabit
1216 4254 1283 4297 non
1304 4241 1389 4311 veto,
1411 4239 1449 4298 ut
1470 4235 1498 4297 si
1528 4234 1660 4316 regibus
1687 4235 1885 4316 impotenter
1914 4232 2136 4331 grassantibus
2159 4238 2193 4296 θῖ
2217 4245 2233 4266 ’·

189 4320 291 4401 (Psal.
313 4323 363 4397 82,
387 4319 434 4402 l);
459 4339 477 4381 a
500 4319 592 4383 cuius
608 4318 691 4382 facie
713 4318 884 4382 concident
905 4327 938 4382 et
955 4327 1165 4385 conterentur
1215 4319 1334 4391 humili
1362 4318 1548 4401 plebeculae
1574 4319 1805 4384 insultantibus
1833 4324 2044 4394 conmveant,
2078 4338 2192 4381 eorum

188 4429 281 4489 reges
304 4426 425 4481 ornnes,
449 4413 482 4468 et
503 4402 627 4468 iudices
648 4413 763 4481 terrae,
786 4405 971 4488 quicunque
988 4426 1053 4470 non
1071 4423 1164 4471 oscu-
1216 4404 1507 4470 dissimulationem
1540 4405 1666 4469 nefaria
1699 4403 1836 4488 perfidia
1869 4425 1937 4467 non
1969 4423 2080 4468 carere
2102 4404 2191 4467 affir-

189 4492 245 4555 lati
268 4492 391 4556 fuerint
418 4490 588 4555 Christum
616 4489 685 4556 eius
714 4490 956 4574 (Psal.2,1o);
984 4492 1040 4574 qui
1061 4493 1163 4575 scrip·
1215 4513 1319 4555 mem:
1342 4491 1419 4572 quia
1440 4490 1551 4574 populi
1573 4490 1773 4569 libertatem,
1804 4492 1896 4556 cuius
1919 4510 1953 4553 se
1974 4488 2039 4552 Dei
2060 4485 2192 4552 ordina-

187 4579 291 4642 serint
312 4579 400 4661 leges
423 4578 561 4658 iniquas,
585 4584 623 4640 ut
645 4577 867 4659 opprimerent
889 4578 923 4641 in
945 4576 1064 4642 iudicio
1082 4600 1162 4660 pau·
1215 4578 1302 4642 tione
1323 4583 1447 4641 tutores
1468 4578 1590 4658 positos
1610 4586 1744 4653 norunt,
1766 4574 1990 4641 fraudulenter
2016 4572 2167 4654 produnt

187 4687 295 4746 peres,
328 4673 361 4727 et
384 4664 449 4727 vim
477 4664 621 4728 facerent
643 4683 759 4727 causae
782 4661 970 4742 humilium3
992 4670 1031 4727 ut
1047 4664 1163 4729 viduas
1302 4667 1352 4726 31.
1397 4663 1444 4727 At
1460 4684 1538 4727 vero
1562 4664 1598 4726 in
1620 4684 1672 4742 ea,
1702 4684 1801 4744 quam
1828 4660 2065 4742 praefectorum
2086 4660 2190 4741 impe·

187 4750 347 4815 haberent
357 4750 393 4812 in
404 4748 568 4832 praedam,
582 4756 616 4813 et
626 4749 767 4831 pupillos
779 4747 959 4830 diriperent
966 4749 1043 4832 (Ies.
1055 4754 1102 4826 10,
1119 4750 1160 4833 1).
1214 4751 1272 4813 riis
1295 4749 1406 4813 deberi
1427 4750 1667 4826 constituimus,
1689 4747 1881 4824 obedientia,
1904 4744 1938 4809 id
1956 4765 2084 4826 semper
2101 4746 2189 4810 exci-

274 4839 324 4899 29.
369 4836 480 4916 Atque
497 4834 551 4899 hie
573 4834 731 4898 mirabilis
751 4835 820 4898 eius
840 4841 910 4898 tum
932 4836 1069 4913 bonitas,
1092 4844 1163 4900 tum
1214 4833 1371 4917 piendum
1400 4844 1464 4913 est,
1496 4836 1563 4899 imo
1592 4836 1627 4898 iu
1655 4834 1769 4915 primis
1796 4831 2051 4908 observandum,
2085 4852 2126 4895 ne
2148 4830 2190 4895 ab

187 4923 339 5002 potentia,
362 4929 433 4984 tum
454 4920 659 5002 providentia
692 4942 762 4984 sese
791 4921 927 5001 profert:
962 4944 1040 4986 nam
1067 4922 1162 4986 modo
1214 4922 1283 4985 eius
1305 4919 1488 4985 obedientia
1510 4941 1569 4984 nos
1591 4917 1738 5002 deducat,
1767 4918 1859 4982 cuius
1888 4917 2046 4980 voluntati
2073 4938 2190 5000 regum

187 5025 230 5068 ex
252 5007 355 5072 servis
377 5007 444 5070 suis
466 5006 654 5070 manifestos
674 5005 822 5070 vindices
844 5007 991 5086 excitat„
1008 5027 1045 5073 ao
1067 5029 1162 5072 man·
1214 5007 1360 5069 omnium
1389 5015 1467 5070 vota
1494 5006 1638 5082 subesse,
1668 5004 1760 5069 cuius
1788 5002 1926 5069 decretis
1947 5004 2036 5067 iussa
2063 5001 2190 5081 cedere,

189 5088 263 5154 dato
286 5111 344 5154 suo
367 5091 509 5167 instruit,
531 5093 587 5172 qui
610 5090 650 5154 de
672 5090 830 5155 scelerata
848 5092 1068 5158 dominatione
1086 5101 1162 5177 poe-
1214 5094 1305 5158 cuius
1333 5092 1495 5157 maiestati
1527 5091 1630 5154 fasces
1663 5089 1811 5154 submitti
1837 5111 1898 5171 par
1925 5095 1983 5153 est.
2028 5087 2074 5151 Et
2100 5109 2201 5168 vero,-

189 5178 249 5239 1ias
271 5185 416 5252 sumant,
450 5189 484 5240 et
510 5197 703 5260 oppressum
728 5177 858 5242 iniustis
878 5178 983 5244 modis
1005 5180 1162 5262 populum
1214 5185 1251 5241 ut
1273 5177 1458 5241 homiuibus
1479 5176 1667 5252 satisfacias,
1689 5175 1725 5237 in
1748 5176 1819 5240 eius
1847 5175 2058 5239 offensionem
2079 5174 2188 5239 ineur-

188 5282 206 5325 θ
228 5260 348 5324 misera
375 5261 558 5325 calamitate
587 5262 748 5338 eximant3
776 5262 881 5327 modo·
900 5264 1046 5328 furorem
1073 5262 1162 5330 aliud
1213 5284 1300 5342 rere,
1326 5270 1460 5345 propter
1487 5281 1584 5344 quem
1607 5260 1793 5326 hominibus
1814 5262 1894 5344 ipsis
1917 5258 2063 5338 obedias,
2089 5280 2189 5342 quam

258 5359 474 5430 Oalmaiopero.
511 5363 569 5417 Vol.
586 5362 613 5417 1.
1952 5361 1985 5415 'll
