4770 6030
221 340 302 403 roeo
485 372 486 377 ¹
794 330 1187 401 mauraneum.
1211 331 1392 401 999199.
1418 335 1649 401 toea-1554.
1835 354 1838 361 ¹
2132 318 2228 397 'noo

1857 443 1972 516 9499
1988 445 2099 516 9499
2118 444 2225 508 esre.

216 526 410 610 mysterium
440 533 503 604 est,
527 523 612 606 quod
638 524 700 589 sibi
730 522 883 588 Christus
909 529 1033 588 costam
1066 521 1195 588 detrahi
1246 522 1353 588 coitus
1375 530 1486 589 tamen
1508 520 1752 589 sacramentum
1774 431 1888 599 995,[9
1910 542 1976 603 quo
1996 521 2102 586 ullum
2125 520 2226 586 Obri-

216 631 333 695 passus
355 617 418 688 995,
448 610 536 675 unde
556 610 788 687 formaremur,
812 609 874 673 hoc
893 615 956 682 cst,
980 630 1081 690 quum
1102 609 1195 674 fortis
1246 608 1390 673 stianum
1411 610 1515 675 areeri
1537 610 1629 673 nefas
1649 608 1721 672 fuit.
1755 606 1829 672 Nisi
1850 607 1936 671 forte
1957 607 2226 673 Christianorum

217 704 312 773 esset,
335 695 450 762 debilis
479 717 549 761 esse
571 694 691 773 voluit,
720 716 783 777 quo
810 715 870 758 sua
891 693 1079 759 fortitudine
1101 695 1194 759 robo-
1246 702 1452 760 sacramenta
1478 695 1557 760 adeo
1584 694 1671 758 malo
1700 693 1913 767 conveniunt,
1942 702 2030 770 stare
2059 701 2096 757 95
2124 693 2226 758 91991

216 803 380 861 9999999
402 782 526 846 utiam
546 802 612 845 non
634 781 732 845 modo
753 781 904 845 vivamus
924 781 1000 863 ipsi,
1024 780 1081 845 sed
1103 781 1195 846 vivat
1245 800 1313 843 999
1340 782 1475 863 possint.
1526 782 1589 846 1195
1621 787 1654 844 95
1681 777 1783 842 altera
1810 778 1847 841 in
1874 799 1988 842 eorum
2016 777 2225 863 dogmatibus

215 868 343 951 ipsein
365 868 466 932 nobis.
1245 865 1439 932 absurditas.
1473 866 1515 930 In
1536 871 1740 930 sacramento
1762 864 1902 929 conferri
1925 865 2067 948 gratiam
2088 865 2224 948 spiritus

304 956 374 1016 38:
398 953 561 1036 Imposuit
582 952 647 1017 illis
669 952 866 1017 9999999951
887 971 1016 1015 99999.
1056 950 1192 1030 Verum,
1245 952 1350 1016 sancti
1374 952 1555 1016 affirmant:
1579 951 1701 1017 coitum
1722 949 1861 1014 tradunt
1880 971 1951 1016 9999
1969 958 2222 1030 sacramentum,

217 1059 398 1121 aequumne
417 1045 497 1118 erat,
515 1045 553 1102 ut
570 1059 682 1102 eorum
700 1037 847 1101 inscitiae
864 1057 987 1118 poenas
1003 1043 1072 1100 tota
1091 1037 1193 1102 eccle-
1243 1036 1279 1100 in
1306 1037 1394 1101 coitu
1422 1046 1546 1121 negant
1571 1056 1718 1119 unquam
1745 1036 1898 1119 spiritum
1926 1044 2077 1102 sanctum
2098 1035 2222 1101 adesse.

216 1125 266 1189 919
298 1124 474 1206 penderet?
525 1124 724 1208 Mysterium
756 1122 885 1188 dixerat
915 1122 1055 1200 Paulus,
1095 1143 1193 1204 quam
1331 1126 1381 1186 39.
1409 1124 1460 1188 Ae
1477 1144 1519 1188 ne
1538 1123 1728 1206 simpliciter
1745 1121 1914 1187 ecclesiam
1937 1121 2098 1200 luderent,
2121 1142 2223 1203 quam

216 1208 391 1276 dictionem
419 1227 519 1292 quum
541 1210 723 1292 relinquere
744 1216 856 1291 posset
876 1209 1055 1290 interpres,
1083 1207 1193 1273 latinis
1244 1207 1378 1290 longam
1400 1230 1564 1287 errorum,
1586 1206 1845 1284 mendaciorum
1869 1206 2037 1284 handum,
2060 1208 2222 1289 nequitia·

215 1296 349 1360 auribus
371 1316 438 1359 non
459 1296 707 1378 infrequentem,
730 1294 784 1360 vel
805 1315 962 1360 arcanum
981 1301 1118 1372 vertere,
1141 1315 1193 1358 sa·
1243 1314 1318 1357 rum
1340 1295 1458 1359 seriem
1480 1295 1538 1359 uni
1559 1294 1660 1359 errori
1683 1293 1916 1358 attexuerunt?
1948 1293 1996 1359 Ut
2018 1293 2115 1372 dieas,
2137 1293 2223 1358 nihil

215 1392 419 1447 crumentum
446 1401 566 1462 ponere
591 1381 724 1458 maluit,
754 1402 821 1444 999
853 1388 965 1459 tamon
994 1379 1057 1444 alio
1085 1401 1191 1457 sensu,
1244 1376 1334 1443 aliud
1351 1401 1451 1462 quam
1468 1380 1748 1444 abominationum
1763 1378 1924 1444 latebram
1936 1380 2122 1461 quaesiisse,
2142 1377 2223 1443 dum

216 1487 314 1550 quam
335 1488 397 1549 quo
424 1488 539 1550 graece
567 1489 588 1531 a
611 1467 716 1531 Paulo
740 1467 933 1550 mysterium
960 1464 1083 1530 dictum
1112 1472 1192 1530 erat
1244 1485 1262 1529 9
1283 1465 1494 1530 matrimonio
1522 1472 1767 1532 sacramentum
1788 1465 1945 1530 fecerunt.
1989 1465 2056 1531 Ubi
2077 1465 2165 1529 enim
2187 1464 2223 1530 id

214 1552 306 1618 11995
318 1574 413 1629 9999,
426 1560 459 1617 et
468 1552 657 1636 linguarum
668 1552 818 1634 peritiam
830 1550 970 1615 clamose
981 1551 1191 1629 insectentur,
1244 1549 1345 1613 semel
1363 1552 1543 1630 obtinuere,
1566 1550 1786 1633 coniugalium
1807 1571 1986 1617 causarum
2002 1551 2222 1634 cognitionem

236 1659 355 1702 uarum
376 1639 561 1721 ignorantia
588 1638 623 1701 in
645 1659 680 1702 re
701 1637 791 1703 facili
812 1644 845 1701 et
867 1638 970 1702 cuivis
992 1637 1088 1701 obvia
1109 1644 1193 1701 599-
1218 1701 1220 1705 4
1244 1632 1286 1699 ad
1313 1657 1348 1701 so
1374 1643 1556 1702 traxerunt.
1602 1635 1732 1718 Quippe
1759 1656 1811 1701 res
1839 1635 2019 1719 spiritualis
2047 1645 2118 1701 erat
2144 1659 2221 1719 pro-

215 1659 274 1788 119
301 1722 484 1789 foedissime
512 1724 705 1788 hallucinati
739 1730 824 1788 sunt
870 1720 936 1787 Sed
970 1745 1028 1788 our
1059 1722 1095 1786 19
1127 1743 1193 1787 999
1217 1711 1221 1806 l
1243 1721 1329 1785 fanis
1351 1720 1513 1787 iudicibus
1534 1744 1600 1787 non
1622 1721 1834 1788 attrectanda.
1880 1722 1966 1786 Tum
1991 1721 2081 1806 leges
2102 1742 2221 1788 sanxe-

215 1809 370 1875 hocloco
392 1810 587 1875 sacramenti
610 1809 760 1881 voculam
782 1815 951 1890 tantopere
971 1814 1105 1891 urgent,
1133 1808 1193 1870 ali-
1218 1814 1221 1871 7
1243 1814 1338 1884 runt,
1361 1808 1480 1889 quibus
1502 1807 1713 1892 tyrannidem
1735 1828 1831 1872 suam
1852 1808 2039 1872 firmarunt:
2065 1807 2123 1873 sed
2143 1830 2220 1891 par·

216 1895 342 1979 quoties
364 1895 547 1978 neglectam
568 1894 800 1977 praetereunt?
837 1894 924 1958 Nam
945 1895 1034 1958 etin
1057 1893 1194 1975 epistola
1217 1896 1221 1980 l
1244 1894 1304 1956 tim
1326 1893 1362 1956 in
1383 1894 1495 1957 Deum
1515 1893 1688 1958 manifeste
1708 1893 1837 1976 impias,
1868 1894 1990 1977 partim
2012 1894 2048 1958 in
2070 1894 2222 1960 homines

216 1980 258 2045 ad
285 1980 496 2045 Timotheum
522 1981 630 2062 priore
658 1979 708 2063 (3,
733 1978 783 2065 9),
812 2001 832 2044 9
858 1979 988 2062 vulgari
1015 1980 1193 2061 interprete
1243 1977 1474 2060 iniquissimas.
1520 1978 1644 2060 Quales
1664 1987 1757 2057 sunt,
1780 1988 1818 2042 ut
1837 1979 2006 2062 coniugia,
2031 1981 2119 2044 inter
2141 1978 2222 2045 adu-

214 2067 320 2148 posita
340 2073 398 2131 est
443 2066 493 2131 Ae
520 2067 556 2129 in
584 2064 1193 2149 99919919999111919919999195919
1243 2063 1438 2130 leseentulos
1459 2073 1636 2147 parentum
1657 2066 1784 2130 iniussu
1807 2073 1989 2144 eontracta,
2016 2066 2113 2130 firma
2133 2074 2222 2130 rata-

162 2153 165 2160 '
215 2151 344 2300 qv),
378 2152 496 2233 ubique
527 2173 588 2233 pro
619 2152 783 2236 mysterio.
836 2150 1049 2216 Condonctur
1081 2157 1192 2215 tamen
1243 2171 1306 2232 que
1323 2159 1491 2230 maneant3
1521 2173 1562 2216 ne
1580 2151 1667 2216 inter
1684 2158 1839 2234 cognatos
1857 2150 1898 2215 ad
1922 2150 2098 2232 septimum
2116 2172 2221 2234 usque

217 2237 224 2250 '
256 2237 282 2301 's
315 2237 369 2302 hic
396 2237 519 2318 lapsus:
555 2237 670 2302 saltem
699 2236 873 2302 mendaces
901 2243 1090 2318 oportuerat
1121 2258 1192 2302 esse
1243 2235 1383 2320 gradum
1404 2236 1553 2321 legitima
1573 2238 1641 2302 sint
1663 2237 1880 2314 matrimonia,
1900 2243 2035 2319 atquae
2053 2246 2222 2303 9995999599

213 2342 385 2387 memores.
413 2322 661 2387 Matrimonium
679 2344 756 2388 vero
774 2323 970 2388 sacramenti
988 2323 1084 2386 titulo
1103 2343 1192 2388 com-
1243 2329 1321 2387 9995
1348 2320 1584 2403 dissolvantur;
1612 2322 1734 2406 gradus
1762 2343 1840 2388 vero
1863 2323 1966 2405 ipsos,
1998 2332 2114 2389 eontra
2141 2345 2221 2408 gen·

215 2407 423 2485 99919599,
447 2408 688 2473 immunditiem
708 2416 835 2491 postea,
859 2415 893 2472 et
909 2408 1135 2491 pollutionem,
1159 2415 1193 2473 et
1217 2420 1221 2496 ξ
1242 2408 1325 2472 5199
1346 2410 1493 2473 omnium
1514 2410 1602 2488 iura,
1631 2416 1665 2472 et
1686 2409 1772 2473 Mosi
1799 2429 1926 2491 quoquo
1951 2409 2116 2492 politiam,
2143 2431 2220 2475 con-

215 2493 362 2560 carnales
384 2493 495 2558 sordes
517 2514 650 2572 vocare,
681 2517 780 2577 quam
807 2494 1008 2576 vertiginosa
1035 2502 1084 2557 est
1110 2494 1191 2558 levi-
1217 2497 1220 2614 i
1242 2494 1388 2576 tingunt3
1410 2516 1453 2558 ne
1472 2495 1553 2573 viro,
1571 2495 1628 2576 qui
1639 2493 1821 2559 adulteram
1833 2494 2063 2577 repudiaverit,
2082 2495 2220 2559 alteram

214 2578 286 2643 tas?
332 2577 440 2658 Quam
462 2579 640 2644 absurdum
662 2589 712 2644 cst
734 2601 844 2645 arcere
867 2601 887 2644 a
908 2587 1113 2646 sacramento
1139 2600 1191 2643 sa-
1217 2619 1219 2639 1
1242 2579 1397 2644 inducere
1425 2580 1537 2659 lioeat;
1571 2602 1613 2645 ne
1642 2580 1828 2662 spirituales
1850 2581 1982 2664 cognati
2009 2580 2219 2646 matrimonio

214 2663 383 2731 cerdotes?
424 2663 463 2729 Si
486 2687 506 2728 a
523 2674 726 2731 sacramento
749 2686 784 2730 99
806 2687 917 2730 arcere
937 2672 1068 2749 negent,
1092 2663 1150 2730 sed
1171 2684 1191 2729 a
1217 2643 1220 2731 1
1243 2665 1448 2746 copulentur3
1477 2688 1519 2730 ne
1548 2688 1567 2730 a
1589 2667 1830 2750 septuagesima
1852 2664 1894 2730 ad
1915 2672 2045 2731 octavas
2065 2666 2215 2749 paschae,

214 2751 318 2816 coitus
336 2758 466 2815 tantum
484 2749 627 2828 libidine,
648 2772 715 2815 non
735 2752 783 2815 ita
793 2751 874 2814 mihi
893 2751 1076 2816 elabuntur.
1104 2750 1192 2815 Nam
1216 2736 1219 2860 j
1241 2751 1348 2816 tribus
1370 2751 1626 2816 hebdomadibus
1653 2762 1728 2816 ante
1749 2752 1893 2817 natalem
1914 2751 2060 2828 Ioannis,
2088 2752 2128 2816 ab
2158 2751 2215 2816 ad-

213 2843 248 2900 et
268 2836 390 2900 coitum
412 2837 521 2918 ipsum
543 2845 670 2919 partem
692 2857 763 2901 esse
778 2838 979 2902 'sacramenti
1001 2835 1149 2915 tradunt;
1165 2836 1190 2919 1)
1216 2888 1219 2921 ,
1242 2845 1343 2901 ventu
1365 2835 1407 2900 ad
1429 2838 1666 2921 Epiphaniam,
1691 2839 1825 2921 nuptiae
1847 2836 2060 2903 celebrentur.
2103 2838 2151 2902 Et
2171 2839 2216 2901 si·

213 2942 314 3003 eoque
336 2919 467 2986 demum
490 2922 628 3004 figurari
644 2923 809 3001 unionem,
832 2943 915 3005 quac
936 2921 1031 2987 nobis
1048 2930 1099 2987 est
1116 2943 1191 2987 cum
1216 2931 1219 2970 ³
1241 2922 1336 2986 miles
1357 2924 1559 3001 innumerae,
1582 2944 1664 3006 quas
1685 2944 1853 2989 recensere
1874 2924 2009 3007 longum
2031 2924 2139 2988 fuerit.
2172 2925 2219 2988 115

214 3005 357 3084 Ohristo,
379 3007 414 3070 in
436 3015 573 3072 naturae
589 3008 830 3073 conformitate:
853 3010 929 3091 quia
945 3009 997 3073 vir
1018 3016 1052 3072 et
1073 3008 1191 3072 mulier
1215 2986 1219 3025 '
1242 3029 1283 3072 ex
1305 3028 1418 3072 eorum
1440 3029 1540 3074 eoeno
1563 3008 1737 3092 aliquando
1757 3009 1990 3092 emergendum
2011 3017 2076 3087 est,
2099 3011 2133 3074 in
2156 3031 2220 3091 quo

213 3113 281 3156 non
297 3093 362 3156 nisi
384 3092 506 3157 carnali
536 3094 651 3175 copula
672 3115 740 3158 una
761 3115 836 3160 earo
857 3095 947 3159 fiant.
992 3092 1190 3176 Quanquam
1214 3038 1306 3208 1199
1325 3094 1447 3159 diutius
1465 3095 1571 3159 haesit
1587 3095 1700 3174 oratio,
1721 3116 1819 3178 quam
1839 3097 1967 3161 animus
1984 3095 2118 3160 ferebat
2148 3096 2221 3160 Ali·

214 3177 280 3242 duo
298 3185 504 3243 sacramenta
524 3178 657 3261 qnidam
680 3200 794 3243 eorum
815 3181 869 3245 hie
886 3187 1086 3263 repererunt,
1109 3179 1190 3243 alte-
1215 3212 1218 3261 ,
1241 3180 1436 3261 quantulum
1459 3187 1569 3245 tamen
1592 3181 1676 3243 mihi
1697 3181 1870 3263 profecisse
1892 3180 2018 3245 videor:
2043 3180 2132 3264 quod
2153 3181 2220 3246 leo·

213 3284 289 3328 rum
310 3262 375 3327 Dei
396 3272 430 3328 95
451 3267 594 3344 animae,
622 3265 658 3328 19
686 3286 804 3348 sponso
833 3273 867 3330 95
888 3285 1021 3349 sponsa;
1049 3265 1190 3329 alterum
1240 3266 1293 3328 nis
1314 3265 1434 3348 pellem
1455 3267 1527 3330 istis
1549 3265 1650 3331 asinis
1672 3265 1813 3348 qualem
1831 3287 1873 3332 ex
1892 3276 1986 3350 parte
2009 3264 2146 3332 detruxi.

213 3348 339 3415 (lhristi
361 3356 395 3415 95
415 3350 569 3416 ecelesiae
594 3350 628 3414 in
651 3351 771 3435 marito
793 3358 828 3415 95
848 3372 958 3416 uxore.
1003 3351 1188 3433 Utcunque,

890 4003 1095 4124 darer
1126 4037 1533 4125 9999999999

665 4243 758 4338 DE
785 4240 1099 4340 POLITIOA
1124 4242 1765 4343 ADMINISTRATIONE.

301 4449 326 4508 1.
370 4444 474 4508 Porro
495 4464 597 4526 quum
619 4443 739 4526 duplex
757 4445 792 4509 in
811 4445 944 4510 homine
961 4445 1109 4528 regimen
1131 4466 1185 4509 su·
1238 4445 1340 4511 altero
1361 4448 1470 4524 etiam,
1490 4446 1577 4530 quod
1595 4446 1637 4512 ad
1654 4448 1890 4514 instituendam
1907 4449 2037 4516 civilem
2054 4447 2219 4515 (19959995

210 4530 321 4616 perius
342 4531 560 4607 statuerimus,
585 4528 677 4594 etde
700 4531 801 4595 altero
823 4531 889 4608 illo,
912 4529 998 4613 quod
1020 4532 1055 4593 in
1077 4532 1187 4595 anima
1237 4539 1619 4616 externamqucmorum
1639 4534 1798 4600 iustitiam
1818 4535 1975 4618 pertinet,
2004 4534 2155 4600 nonnihil
2178 4543 2217 4600 ut

210 4638 269 4693 seu
296 4616 443 4680 interiori
471 4615 603 4680 homine
631 4615 759 4694 residet,
771 4614 800 4700 ⁸)
828 4624 1060 4698 aeternamque
1083 4617 1187 4681 vitam
1238 4616 1434 4684 disseramus
1460 4619 1551 4685 loeus
1578 4620 1631 4684 hic
1659 4622 1789 4703 appetit.
1834 4622 2015 4705 Principio,
2039 4631 2216 4704 antequam

211 4702 352 4784 respicit,
376 4703 455 4767 satis
474 4703 542 4766 iam
549 4700 578 4786 ⁴)
599 4700 704 4767 multa
725 4702 826 4767 verba
845 4700 924 4766 alibi
940 4701 1121 4781 fecerimus,
1146 4701 1186 4766 de
1236 4704 1272 4768 in
1288 4725 1358 4768 rem
1374 4704 1481 4788 ipsam
1497 4704 1730 4789 ingrediamur,
1753 4707 1895 4772 tenenda
1908 4708 1966 4773 illa
1983 4715 2034 4773 est
2050 4705 2215 4773 distinctio

212 4823 417 4834 --———
1239 4798 1316 4854 ante
1338 4811 1358 4854 a
1379 4791 1471 4857 nobis
1515 4792 1612 4870 osita,
1640 4813 1682 4857 ne
1704 4793 1805 4877 (quod
1825 4793 1938 4859 multis
1960 4793 2059 4877 vulgo
2082 4792 2214 4877 accidit)

280 4887 310 4958 1)
327 4889 402 4942 Libr.
420 4886 445 4942 4
463 4895 579 4943 sentent.
598 4889 660 4943 dist.
679 4886 720 4942 17.
739 4886 798 4943 95
817 4893 846 4942 95
863 4889 891 4942 in
909 4888 1009 4942 decret
1021 4887 1063 4944 27.
1083 4896 1186 5012 quaest.
1237 4875 1319 4942 haec
1347 4876 1443 4941 simul
1503 4899 1543 4941 uo
1575 4876 1800 4959 imprudenter
1831 4881 2099 4962 permisceamus,
2131 4900 2215 4962 quae

185 4984 186 4988 =
211 4957 236 5010 2.
256 4973 279 5011 9.
316 4957 383 5038 Cum
400 4958 523 5011 societas.
542 4959 623 5041 gloaq.
642 4975 664 5011 9.
676 4957 734 5011 Lex
751 4957 1067 5040 divina.1bidem·deer.
1106 4960 1148 5012 br.
1160 4956 1185 5012 4
1238 4960 1401 5027 diversam
1446 4983 1557 5027 torsus
1578 4963 1738 5027 rationem
1760 4964 1891 5031 habent,
1924 4965 1980 5030 ΠΕ
2002 4965 2091 5030 enim
2111 4986 2215 5048 quum

654 5025 1020 5158 9999999
1043 5027 1186 5150 99
1237 4983 1464 5130 1991
1486 5047 1636 5130 prome
1653 5047 1839 5113 959
1857 5051 2007 5130 eunt,
2030 5071 2114 5134 quae
2136 5050 2213 5114 mi-

440 5111 504 5217 wp
1018 5137 1024 5150 .

211 5177 231 5215 α
252 5168 400 5217 ,mm
423 5163 438 5215 1
518 5179 588 5234 wll·
612 5163 692 5217 aad,
715 5170 758 5216 est
775 5204 781 5218 ⁸
801 5205 808 5219 .
827 5205 833 5218 ¹
854 5205 861 5218 ι
884 5165 1010 5234 positum.
1084 5165 1115 5234 4)
1132 5167 1186 5219 iam
1237 5131 1308 5196 lum
1330 5133 1418 5197 inter
1440 5132 1590 5232 homines
1617 5153 1731 5231 regem
1753 5135 1951 5219 nullumque
1979 5136 2214 5220 magistratum

210 5230 295 5287 onir.
312 5230 381 5286 154³
398 5247 468 5302 seqq.
1238 5227 1404 5303 agnoscat,
1427 5215 1485 5284 sed
1505 5241 1541 5282 1n
1564 5218 1737 5286 Christum
1758 5242 1864 5287 unum
1881 5223 2057 5302 intueatur,
2080 5221 2215 5287 nullum
