4732 6030
303 1538 936 1675 cuatsumunu
972 1538 1505 1675 anticione
1541 1536 2080 1677 meritorio.

957 1800 1161 1884 CAPUT
1192 1801 1454 1886 PRIMUM.

850 1988 944 2085 DE
973 1986 1388 2085 COGNITIONE
1415 1988 1549 2097 DEI,

486 2176 565 2236 quae
580 2157 724 2238 palatum
744 2162 789 2222 est
809 2157 970 2239 religion-is
990 2157 1243 2238 fontenetum,-
1264 2161 1292 2220 ct
1314 2156 1395 2221 anda
1416 2178 1490 2222 cere
1511 2157 1580 2221 cias
1601 2155 1709 2241 reputa
1731 2157 1772 2220 sit
1788 2156 1929 2237 petenda.

1831 2288 1834 2294 ¹
1927 2283 2195 2356 u13a1;cr.¹

284 2369 311 2428 l.
335 2376 341 2387 ¹
360 2364 444 2427 Tota
471 2364 539 2427 lere
561 2363 742 2446 sapientiae
765 2372 899 2428 nostrae
926 2383 1071 2440 summa,
1093 2383 1176 2444 quae
1228 2383 1295 2426 non
1317 2363 1498 2445 requiescit,
1521 2363 1680 2445 quamdiu
1700 2363 1762 2428 sibi
1783 2369 1834 2427 est
1858 2272 2059 2445 incbgnitus,
2078 2277 2214 2429 hocesi

198 2472 277 2519 veru
314 2450 446 2514 domum
482 2470 520 2513 ac
560 2450 664 2514 solida
693 2450 855 2532 sapientia
895 2450 1021 2514 censori
1050 2448 1175 2528 debeat,
1229 2449 1297 2512 edis
1321 2448 1451 2513 dotibus
1470 2456 1520 2514 est
1538 2456 1720 2527 contentus,
1744 2456 1777 2512 et
1798 2449 1920 2513 inscius
1938 2470 2016 2514 suae
2034 2446 2210 2515 miseriae?

197 2535 324 2602 duabus
352 2535 501 2618 partibus
523 2543 663 2599 constat:
693 2536 881 2620 cognitione
902 2536 983 2610 Dei,
1008 2541 1041 2598 et
1062 2535 1175 2599 nostri.
1228 2533 1374 2598 Proinde
1395 2536 1619 2618 unusquisque
1647 2534 1698 2600 sui
1722 2535 1888 2618 agnitione
1916 2555 1984 2598 non
2006 2540 2135 2600 tantum
2156 2535 2209 2598 in·

196 2622 262 2688 Illa
279 2621 410 2698 scilicet,
430 2642 513 2703 quae
530 2641 599 2684 non
616 2621 712 2686 modo
730 2643 833 2685 unum
851 2642 920 2686 esse
938 2621 1049 2685 Deum
1068 2627 1177 2685 osten·
1229 2621 1375 2703 stigatun·
1391 2621 1432 2685 ad
1457 2621 1680 2703 quaerendum
1701 2622 1827 2702 Deum,
1852 2620 1909 2686 scd
1931 2622 2031 2685 etiarn
2051 2619 2093 2685 ad
2114 2640 2209 2704 repe·

197 2708 263 2788 dat,
285 2729 384 2791 quem
407 2707 447 2770 ab
470 2707 622 2771 omnibus
645 2715 795 2790 oporteat
817 2707 879 2772 coli
901 2715 935 2772 ot
957 2707 1096 2784 adorari,
1120 2706 1178 2771 sed
1229 2705 1383 2771 tiendum
1405 2708 1498 2788 quasi
1518 2729 1621 2772 manu
1643 2707 1782 2772 ducitur.

197 2795 295 2861 simul
323 2795 423 2858 etiam
453 2793 582 2871 doceat,
615 2794 710 2857 illum
742 2815 848 2858 unum
881 2793 988 2857 omnis
1018 2793 1177 2871 veritatis,
1319 2796 1346 2856 3.
1392 2793 1555 2872 Rursum,
1584 2793 1753 2858 hominem
1779 2793 1816 2856 in
1843 2814 1963 2876 puram
1984 2793 2036 2857 sui
2057 2792 2210 2858 notitiam

197 2880 386 2965 sapientiae,
410 2877 577 2956 bonitatis,
600 2879 753 2958 iustitiae,
776 2879 904 2958 iudicii,
926 2879 1177 2958 misericordiae,
1230 2900 1401 2961 nunquam
1428 2880 1603 2962 pervenire
1625 2886 1772 2957 constat,
1801 2879 1867 2943 nisi
1893 2879 1986 2962 prius
2007 2876 2072 2943 Dei
2094 2878 2211 2943 faciem
2330 2937 2337 2965 ,

196 2966 373 3050 potentiae,
397 2963 581 3034 sanctitatis
603 2965 726 3029 fontem
746 2987 825 3040 esse,
848 2972 887 3028 ut
909 2966 950 3030 ab
973 2966 1045 3048 ipso
1067 2973 1100 3028 et
1122 2985 1179 3028 ex·
1231 2965 1275 3027 sit
1296 2964 1549 3047 contemplatus,
1577 2972 1674 3048 atque
1704 2985 1746 3029 cx
1773 2963 1863 3029 illius
1886 2963 2148 3029 consideratione
2168 2962 2212 3029 ad

193 3059 341 3135 spectare
363 3058 396 3114 et
416 3059 529 3132 petere
552 3050 1180 3134 universuistadiscamus,p1aeterea
1231 3071 1266 3115 se
1295 3050 1406 3133 ipsum
1432 3051 1673 3135 inspiciendum
1701 3050 1884 3116 descendat
1928 3050 2016 3115 Nam
2038 3048 2138 3136 (quae
2158 3050 2212 3115 in·

155 3138 158 3144 ’
196 3159 272 3205 cum
294 3135 391 3201 laude
414 3143 447 3200 ot·
469 3137 652 3219 gratiarum
670 3138 798 3202 actione
821 3146 953 3221 accepta
974 3137 1024 3200 illi
1046 3139 1177 3202 referre.
1231 3137 1344 3220 genita
1366 3144 1416 3200 est
1436 3138 1588 3202 omnibus
1606 3137 1701 3202 nobis
1718 3136 1885 3221 superbia)
1905 3136 1986 3206 iusti
2004 3156 2134 3220 semper
2149 3156 2211 3200 no·

156 3214 166 3254 l
196 3222 315 3289 Altera
337 3232 463 3299 autem,
494 3242 593 3304 quac,
622 3230 771 3287 nostram
793 3223 888 3288 nobis
910 3222 1177 3301 imbecillitatem,
1231 3222 1282 3287 bis
1303 3221 1456 3287 videmur
1482 3230 1516 3288 et
1537 3244 1671 3289 veraces
1693 3231 1726 3287 et
1753 3222 1917 3306 sapientes
1939 3228 1972 3287 et
1993 3220 2115 3299 sancti,
2143 3221 2212 3288 nisi

196 3307 373 3386 miseriam,
392 3309 583 3385 vanitatem,
602 3307 789 3373 foeditatem
802 3308 1012 3387 ostendendo,
1077 3309 1084 3322 '
1121 3330 1179 3373 um
1231 3307 1415 3372 manifestis
1437 3309 1658 3392 argumentis,
1681 3308 1877 3388 iniustitiae,
1899 3307 2078 3387 mendacii,
2101 3307 2210 3373 stulti·

196 3416 256 3460 nos
274 3396 310 3458 in
329 3395 448 3459 seriam
468 3393 698 3471 humilitatem,
715 3393 937 3473 deiectionem,
951 3329 1177 3473 diffidldbm'lam,
1232 3395 1297 3459 tiae
1319 3400 1352 3458 et
1379 3394 1581 3477 impuritatis
1608 3401 1740 3459 nostrae
1767 3396 2007 3460 contineamur.
2052 3393 2129 3459 Non
2151 3415 2210 3459 au·

197 3481 372 3564 odiumque
399 3482 506 3544 nostri
529 3480 684 3558 adducat,
716 3480 834 3546 deinde
856 3481 1035 3563 quaerendi
1055 3481 1120 3546 Dei
1142 3481 1179 3543 in
1231 3488 1297 3544 tem
1321 3480 1560 3559 convincimur,
1588 3481 1675 3545 siin
1696 3501 1756 3545 nos
1779 3479 1940 3546 duntaxat
1962 3481 2051 3564 ipsos
2075 3480 2210 3564 respici·

198 3567 293 3632 nobis
317 3566 516 3632 desiderium
534 3567 697 3645 accendat,
720 3589 838 3650 nempe
860 3568 897 3631 in
915 3588 978 3650 quo
999 3568 1179 3650 repositum
1231 3587 1313 3644 mus,
1337 3575 1371 3629 et
1392 3587 1458 3631 non
1480 3567 1516 3630 in
1532 3567 1716 3631 Dominum
1732 3587 1874 3649 quoquc;
1897 3567 1952 3649 qui
1972 3567 2070 3631 unica
2087 3572 2138 3631 est
2157 3587 2210 3630 re-

199 3652 243 3715 sit
273 3672 368 3716 omne
391 3654 530 3731 benum,
560 3654 652 3718 citius
679 3653 727 3718 ita
753 3654 870 3718 inanes
892 3661 925 3717 ct
946 3654 1041 3719 tiacui
1064 3653 1179 3736 deprc·
1231 3651 1309 3735 gula
1331 3651 1373 3716 ad
1394 3674 1493 3735 quam
1515 3652 1715 3737 exigendum
1737 3653 1781 3717 sit
1802 3652 1891 3717 istud
1911 3651 2078 3717 iudicium.
2120 3648 2211 3732 Quia

198 3736 382 3802 hendinuu·.
1231 3738 1320 3802 enim
1342 3737 1384 3802 ad
1412 3738 1602 3823 hypocrisin
1625 3746 1746 3804 natura
1774 3739 1928 3823 propensi
1950 3758 2064 3802 sumus
2085 3758 2209 3814 omncs,

285 3827 314 3885 2.
359 3823 444 3890 Utra
464 3840 574 3890 autem
597 3825 735 3891 alteram
756 3826 931 3909 praecedat
953 3847 991 3890 ac
1008 3847 1050 3889 ex
1068 3846 1102 3889 se
1119 3846 1178 3909 pa·
1230 3823 1303 3888 ideo
1336 3824 1445 3888 inanis
1474 3824 1634 3907 quaedam
1666 3825 1810 3890 iustitiae
1838 3826 1961 3908 species
1988 3844 2049 3908 pro
2080 3824 2211 3889 iustitia
2251 3858 2254 3863 ,

197 3909 277 3987 riat,
301 3930 368 3972 non
389 3911 484 3974 lacile
507 3920 555 3974 cst
578 3911 769 3977 discerncre.
814 3912 901 3977 Nam
927 3912 1022 3975 utin
1044 3911 1178 3977 homine
1230 3911 1302 3993 ipsa
1322 3910 1416 3975 nobis
1438 3911 1567 3975 abunde
1590 3911 1755 3976 satisfacit
1799 3911 1846 3975 Et
1866 3910 1943 3992 quia
1964 3909 2048 3975 nihil
2069 3930 2137 3974 non
2157 3916 2210 3974 cst

198 3995 362 4078 reperitur
384 3996 518 4077 quidam
540 3999 686 4062 omnium
707 4000 916 4063 miseriarum
938 3997 1108 4076 mundus,
1125 3999 1177 4061 in·
1229 3997 1317 4060 iuter
1337 4017 1398 4060 nos
1411 3994 1441 4081 2)
1468 3997 1612 4080 plurima
1633 3997 1851 4062 obscoenitate
1873 3997 2096 4079 inquinatum,
2119 3993 2208 4079 quod

190 4081 284 4145 ‘tueri
306 4101 367 4145 nos
385 4081 409 4165 ¹)
432 4089 519 4145 recte
541 4104 609 4145 non
632 4104 823 4166 possumus,
848 4085 927 4167 quin
952 4084 1105 4167 propriae
1126 4084 1177 4146 in·
1229 4082 1327 4165 paulo
1354 4083 1466 4146 minus
1498 4081 1629 4146 foedum
1659 4090 1709 4146 est
1738 4104 1798 4166 pro
1824 4081 1999 4166 purissimo
2021 4081 2206 4166 recipimus,

196 4167 362 4232 felicitatis
391 4166 587 4232 conscicntia
620 4169 778 4234 feriamur
806 4191 844 4234 ac
875 4190 1076 4254 pungamur:
1112 4189 1178 4251 quo
1230 4169 1257 4233 si
1279 4174 1423 4234 mentem
1444 4175 1591 4232 nostram
1618 4169 1708 4234 intra
1729 4169 1894 4233 humanae
1912 4167 2103 4251 pollutionis
2124 4167 2208 4232 fines

197 4255 310 4318 statim
332 4254 374 4318 ad
395 4254 579 4318 Dominum
599 4254 752 4319 tollamus
773 4256 892 4333 oculos,
916 4257 1011 4320 acin
1034 4255 1178 4337 aliquam
1230 4256 1440 4319 continemus.
1471 4254 1546 4318 Non
1568 4275 1661 4319 secus
1683 4262 1780 4338 atquc
1803 4255 1924 4333 oculus,
1948 4254 2001 4318 cui
2021 4253 2107 4319 nihil
2124 4250 2208 4317 alias

197 4340 315 4405 saltem
340 4340 410 4405 eius
439 4339 592 4403 notitiam
617 4342 799 4406 veniamus.
850 4341 904 4406 Ita
926 4364 968 4406 ex
996 4340 1175 4418 tenuitatis,
1229 4339 1421 4406 obversatur
1442 4340 1507 4404 nisi
1529 4340 1617 4424 nigri
1634 4341 1760 4419 coloris,
1783 4340 2050 4405 candidissimum
2068 4359 2139 4405 esee
2155 4338 2208 4402 iu·

197 4424 417 4505 hebetudinis,
441 4424 607 4503 vanitatis,
630 4427 805 4508 pravitatis
828 4426 969 4510 denique
990 4434 1024 4491 et
1041 4446 1175 4508 corrup-
1229 4425 1324 4505 dicat,
1348 4426 1434 4509 quod
1455 4433 1567 4490 tamen
1585 4427 1786 4492 subobscura
1803 4433 1853 4490 est
1871 4425 2031 4504 albedine,
2053 4423 2106 4509 vol
2123 4444 2208 4488 non·

197 4511 297 4577 tionis
319 4513 471 4597 propriae
489 4533 588 4576 sensu
606 4513 877 4596 recognoscimus,
897 4534 965 4577 non
983 4512 1060 4577 alibi
1077 4532 1178 4594 quam
1228 4512 1321 4577 nulla
1342 4513 1443 4576 etiarn
1463 4511 1630 4577 fuscedine
1653 4533 1830 4596 aspersum.
1876 4510 1968 4592 Quin
1990 4533 2031 4576 ex
2051 4528 2206 4595 corporeo

197 4597 233 4661 in
254 4599 399 4663 Domino
421 4599 520 4664 sitam
537 4619 607 4663 csse
624 4619 737 4663 veram
754 4598 1026 4682 magnitudinem,
1045 4598 1176 4681 sapien·
1229 4619 1327 4663 sensu
1344 4599 1478 4681 propius
1496 4598 1603 4664 adhuc
1621 4598 1806 4664 discernere
1823 4598 1907 4675 licet,
1925 4598 2134 4679 quantumin
2151 4615 2207 4660 ae-

197 4683 288 4761 tiam,
307 4686 496 4764 veritatem,
520 4684 679 4748 iustitiam
698 4692 731 4749 ot
752 4685 946 4768 puritatem;
976 4692 1073 4767 atque
1096 4683 1176 4748 adeo
1229 4683 1402 4749 stimandis
1424 4684 1554 4771 ammae
1576 4684 1753 4749 virtutibus
1775 4683 2027 4748 hallucincmur.
2069 4682 2156 4746 Nam
2178 4680 2208 4745 si

196 4768 293 4834 malis
315 4772 436 4835 nostris
459 4771 501 4836 ad
522 4772 586 4836 Dei
614 4770 700 4835 bona
724 4769 961 4836 consideranda
982 4770 1174 4848 excitamur,
1230 4771 1283 4834 vel
1300 4779 1424 4836 terram
1440 4766 1638 4854 despicimus
1655 4769 1763 4835 medio
1781 4769 1842 4847 die,
1867 4768 1920 4835 vel
1937 4769 2106 4833 intuemur
2123 4787 2208 4850 quae

197 4875 258 4920 nec
287 4863 365 4920 ante
392 4856 434 4921 ad
461 4857 557 4921 illum
580 4857 665 4921 serio
687 4858 833 4941 aspirare
859 4877 1049 4941 possumus,
1077 4877 1176 4940 quam
1228 4857 1374 4940 aspectui
1395 4862 1506 4923 nestm
1529 4857 1739 4921 circumcirca
1759 4861 1887 4938 patent,
1910 4853 2111 4935 validissima
2131 4874 2207 4936 pcr-

197 4943 399 5025 ooeperimus
417 4944 511 5008 nobis
528 4944 609 5027 ipsis
626 4963 760 5026 prorsus
778 4942 957 5028 displicere.
986 4941 1071 5024 Quis
1088 4942 1177 5007 enim

199 5025 370 5091 hominum
389 5048 458 5092 non
479 5029 943 5113 libentcrinserequiescat?
974 5027 1059 5111 Quis
1076 5029 1176 5095 etiam
1299 5077 1327 5146 l)
1346 5079 1372 5132 A
1390 5079 1501 5133 dmm,
1518 5078 1558 5132 ec.
1576 5077 1645 5131 1539
1678 5076 1789 5130 3154ss
1820 5076 1935 5131 01545.
1969 5075 2136 5131 Pom&
2152 5089 2206 5129 m

1228 5151 1335 5203 tanum
1352 5149 1473 5201 nomeu
1495 5120 1694 5216 θρηαθθθέη
1712 5119 1835 5201 medus
1852 5148 1956 5200 sesam.
2031 5143 2062 5212 a)
2079 5144 2146 5198 niun
2165 5150 2208 5196 ee

266 5215 295 5281 1)
313 5216 377 5269 cdd.
396 5216 469 5284 ipsos
489 5214 557 5270 1543
574 5223 599 5270 et
616 5233 686 5288 seqq.
1229 5217 1301 5269 inter
1318 5233 1367 5269 nos
1386 5216 1458 5284 quod
1476 5232 1530 5267 non
1549 5217 1584 5268 sit
1603 5213 1672 5269 1553
1689 5222 1783 5285 etseq.

1132 5638 1242 5765 aad
