4732 6030
189 326 245 389 aa
777 321 877 388 oar.
898 322 941 388 r.
984 322 1049 389 33
1070 320 1239 389 rasere
1261 320 1600 410 3333333333.
2129 331 2190 393 res

186 516 261 580 ritas
287 512 372 577 mihi
399 511 476 576 data
502 518 551 577 est
578 517 615 576 te
639 511 843 591 absolvendi,
872 512 900 577 si
927 513 989 576 iter
1002 519 1080 576 sunt
1102 517 1160 576 tua
1211 511 1387 594 impietatis
1408 533 1476 575 non
1497 512 1710 595 conspiciunt,
1733 513 2014 596 operaepretium
2036 515 2191 580 estindi·

184 599 307 665 merita.
351 596 513 662 Videmus
541 598 658 680 igitur,
684 619 841 679 quorsum
864 598 1055 680 spectarint,
1084 619 1160 663 cum
1211 618 1285 662 care
1313 618 1380 661 non
1408 598 1515 664 solum
1543 599 1655 680 quales
1678 599 1745 664 sint
1769 599 2009 684 indulgentiae,
2032 600 2090 665 sed
2110 601 2189 685 quid

184 685 394 761 definierunt,
422 682 531 749 claves
558 704 629 748 3333
656 685 863 748 autoritatum
893 682 1098 749 discernendi
1126 690 1160 747 et
1211 683 1345 748 omnino
1373 684 1458 762 sint,
1492 685 1582 748 omni
1609 685 1740 750 macula
1768 684 1953 751 abstersae?
2008 684 2098 751 Sunt
2129 709 2188 752 33-

183 770 409 853 exequutionis
429 774 631 852 potestatem.
677 767 856 834 ficientium
879 768 1032 835 accedam
1053 769 1158 834 eonsi-
1210 775 1279 833 tem
1310 775 1348 832 ut
1379 769 1522 852 genuine
1544 768 1739 849 describam,
1769 772 1940 855 sanguinis
1961 770 2086 837 Christi
2113 793 2188 856 pro-

182 857 313 922 lisrium
341 862 375 920 et
400 856 505 920 instar
532 855 707 937 consiliarii
734 854 776 920 ad
800 854 921 920 bonum
948 876 1046 919 usum
1072 875 1157 919 esse:
1211 854 1335 918 fanatio
1363 862 1562 937 satanaeque
1588 855 1783 935 ludibrium,
1806 877 1870 938 quo
1892 856 2109 922 christianum
2130 879 2188 942 po-

182 963 298 1026 nempe
316 940 486 1007 libidinose
504 949 538 1005 33
553 941 697 1019 11333333,
720 941 791 1006 3133
808 942 880 1006 Deo
902 947 935 1006 et
956 941 1056 1006 verbo
1079 940 1157 1018 eius,
1210 938 1327 1021 pulum
1348 941 1449 1005 aDei
1470 942 1586 1025 gratia,
1608 963 1628 1005 a
1648 943 1717 1008 vita
1738 963 1821 1025 quae
1843 949 1893 1007 333
1912 943 1948 1006 13
1966 941 2107 1021 Christo,
2131 944 2188 1010 ab·

183 1029 357 1096 rolncnmt
374 1048 521 1110 regnare.
1211 1025 1318 1103 ducat,
1342 1033 1375 1090 et
1397 1049 1418 1091 3
1436 1048 1516 1091 vera
1536 1027 1651 1093 salufis
1672 1028 1727 1093 via
1749 1034 1884 1093 avertat.
1918 1026 1986 1110 Qui
2006 1029 2095 1092 enim
2158 1036 2188 1093 t·

263 1114 372 1180 Porro
388 1113 474 1195 quod
494 1133 570 1178 suas
588 1113 696 1178 claves
712 1119 761 1177 tot
777 1112 858 1178 seris
876 1118 991 1195 aptant
1008 1118 1042 1175 et
1057 1112 1157 1189 ostiis,
1211 1117 1283 1176 erat
1309 1111 1434 1178 foedius
1457 1113 1625 1194 profanari
1652 1112 1777 1179 Christi
1804 1114 1953 1197 sanguis,
1982 1135 2082 1197 quam
2130 1136 2189 1179 um

182 1220 268 1266 3333
286 1205 330 1263 33
350 1198 564 1264 iurisdictioni
586 1220 665 1264 suae
686 1199 847 1275 serviant,
875 1220 963 1263 3333
985 1198 1158 1263 confessio-
1210 1203 1352 1280 negatur
1373 1199 1523 1264 sufficere
1540 1198 1582 1263 ad
1598 1207 1806 1281 peccatorum
1823 1196 2056 1278 remissionem,
2075 1199 2118 1265 ad
2135 1222 2187 1266 33-

183 1286 285 1364 nibus,
302 1306 392 1350 nunc
409 1284 701 1362 constitutionibus,
719 1306 808 1349 nunc
825 1283 1058 1361 devotionibus,
1077 1305 1158 1365 pau·
1210 1283 1478 1361 conciliationem,
1502 1284 1543 1348 ad
1565 1285 1825 1365 satisfactionem,
1848 1286 1912 1349 nisi
1928 1285 2021 1351 velut
2037 1306 2188 1352 arescen-

184 1374 229 1438 313
250 1371 364 1437 dicam.
409 1371 452 1434 In
473 1370 529 1434 illo
549 1368 713 1448 mandato,
733 1369 820 1452 quod
839 1368 880 1434 de
901 1369 1104 1434 remittendis
1126 1377 1159 1433 et
1210 1368 1253 1432 tis
1275 1376 1308 1432 et
1329 1369 1482 1434 exhausti
1503 1370 1647 1436 defectus
1675 1370 1807 1435 aliunde
1829 1370 2020 1469 suppleatur
2041 1378 2075 1435 et
2095 1372 2187 1437 suffi-

184 1455 360 1523 retinendis
380 1457 522 1538 peccatis
545 1455 698 1520 Christus
727 1455 814 1538 apud
832 1454 1071 1520 Ioannemdat
1091 1456 1158 1520 suis
1210 1454 1336 1519 cietur?
1365 1452 1405 1541 [p
1425 1454 1501 1542 339]
1521 1455 1720 1521 Christolex
1739 1464 1772 1522 et
1788 1457 1977 1540 prophetiae
1994 1478 2117 1536 omnes,
2136 1459 2187 1523 in·

184 1543 356 1626 discipulis,
378 1562 446 1606 non
467 1541 678 1624 legislatores,
702 1562 769 1605 non
791 1542 1030 1606 confessionum
1052 1562 1158 1606 secre-
1210 1541 1281 1621 quit
1298 1541 1427 1620 Petrus,
1448 1542 1673 1609 testimonium
1692 1542 1875 1625 perhibent,
1920 1542 1984 1607 uod
2000 1564 2060 1625 per
2078 1544 2188 1626 ipsum

184 1630 288 1706 333133,
311 1649 379 1692 333
400 1628 563 1706 officiales,
585 1649 653 1691 non
675 1627 826 1704 datarios,
848 1648 916 1691 non
933 1626 1088 1692 bullarios
1109 1627 1158 1691 fa·
1210 1626 1397 1708 accipienda
1424 1628 1467 1692 sit
1493 1628 1640 1694 remissio
1668 1637 1874 1710 peecatorum
1898 1565 1990 1713 1333,
2015 1626 2077 1780 ΜΒ.
2128 1629 2187 1693 ln-

184 1716 238 1793 cit,
260 1713 321 1779 sed
340 1734 421 1796 quos
440 1714 532 1778 vorbi
554 1713 605 1778 sui
625 1713 792 1778 ministros
812 1713 942 1790 fecerat,
965 1712 1088 1796 insigni
1109 1719 1157 1776 te·
1211 1709 1398 1794 dulgentiae
1435 1714 1661 1779 remissionem
1699 1721 1906 1796 peccatorum
1943 1736 2002 1798 per
2069 1721 2206 1793 etrum,-

182 1801 333 1867 stimonio
367 1796 408 1885 [p.
424 1798 501 1886 337]
536 1805 639 1864 ornat.
694 1798 794 1881 Apud
825 1798 1048 1878 Matthaeum,
1082 1819 1158 1863 cum
1209 1796 1354 1861 Paulum
1381 1805 1414 1863 et
1440 1807 1603 1885 martyres
1636 1800 1832 1883 largiuntur.
1884 1797 2029 1883 Sanguis
2061 1799 2187 1866 Christi

181 1885 305 1970 ligandi
331 1894 365 1951 et
385 1884 536 1951 solvendi
565 1885 737 1950 arbitrium
759 1884 913 1950 ecclesiae
940 1905 1018 1950 suae
1044 1884 1155 1960 defert,
1210 1883 1367 1948 emundat
1388 1905 1449 1949 nos
1475 1892 1662 1968 apeccato,
1691 1887 1797 1969 inquit
1813 1886 1954 1950 Ioannes
1983 1885 2185 1971 (113331).

181 1993 244 2037 333
272 1972 378 2047 iubet,
406 1978 444 2035 ut
472 1972 645 2035 autoritate
671 1969 842 2035 reverendi
869 1969 1005 2035 alicuius
1032 1970 1158 2034 mitrati
1208 1967 1454 2052 Indulgentiae,
1484 1973 1678 2054 sanguinem
1702 1979 1887 2057 martyrum
1912 1970 2038 2036 faciunt
2062 1973 2187 2055 peccati

183 2064 237 2123 333
254 2057 409 2135 bicornis,
431 2056 640 2121 eliminentur
657 2063 691 2121 et
707 2057 975 2134 exterminantia,
995 2055 1157 2138 pulsuque
1208 2053 1415 2120 ablutionem
1456 2055 1617 2135 Christus,
1639 2058 1746 2208 inquit
1765 2058 1891 2123 Paulus
1914 2056 1948 2141 (2
1967 2056 2041 2122 Cor.
2063 2055 2107 2142 5),
2131 2059 2187 2140 qui

182 2143 404 2228 cymbalorum
426 2147 459 2206 et
480 2142 616 2207 candela
637 2143 797 2218 extincta,
827 2141 906 2206 diris
928 2142 1078 2206 omnibus
1100 2139 1156 2206 de·
1207 2134 1377 2222 peccatum
1405 2163 1473 2207 non
1494 2150 1645 2222 noverat,
1687 2150 1779 2208 actus
1803 2152 1853 2208 est
1877 2164 1936 2226 pro
1958 2143 2051 2208 nobis
2072 2164 2186 2226 pecca

182 2236 363 2295 vorsantur
383 2249 557 2311 pauperes,
580 2229 636 2311 qui
657 2227 811 2293 solvendo
831 2248 897 2291 non
919 2235 1010 2306 sunt;
1040 2225 1098 2292 sed
1119 2233 1157 2291 ut
1187 2233 1281 2289 'tum
1305 2226 1354 2310 (id
1377 2233 1441 2307 est,
1462 2228 1587 2311 peccati
1608 2228 1799 2313 satisfactio)
1826 2239 1865 2293 ut
1885 2230 2009 2294 iustitia
2029 2230 2094 2294 Dei
2116 2230 2186 2294 effi·

183 2314 352 2397 disciplina
378 2315 738 2392 excommunicationis,
765 2313 987 2395 improborum
1011 2313 1157 2396 nequitia
1207 2333 1357 2376 ceremur
1394 2315 1430 2378 in
1462 2313 1526 2378 illo.
1582 2313 1811 2398 Indulgentiae
1849 2320 2056 2397 peccatorum
2090 2316 2185 2379 satis·

181 2401 375 2484 corrigatur,
403 2400 499 2482 idque
521 2401 613 2466 verbi
635 2401 686 2464 sui
709 2399 896 2477 autoritate,
919 2399 1072 2465 eeclesiae
1094 2400 1156 2462 mi-
1207 2397 1381 2463 factionem
1402 2400 1619 2483 insanguine
1640 2421 1675 2463 m
1846 2408 2018 2482 reponunt
2053 2399 2185 2465 Clama-

181 2486 317 2552 nisterie.
1207 2482 1265 2548 bat
1290 2483 1416 2550 Paulus
1444 2484 1627 2570 (10331)
1655 2496 1688 2549 et
1749 2485 1900 2550 orinthiis
1932 2486 2182 2551 testificabatrr:

259 2573 335 2637 Iam
352 2594 430 2637 vero
445 2573 553 2637 insani
568 2571 625 2649 illi,
649 2571 704 2653 qui
727 2569 835 2636 claves
851 2569 1005 2635 eeclesiae
1024 2569 1155 2652 dispen·
1208 2568 1314 2633 solum
1341 2569 1513 2636 Christum
1544 2592 1604 2654 pro
1635 2571 1715 2654 ipsis
1742 2571 1936 2636 crucifixum
1957 2578 1991 2635 et
2015 2577 2184 2636 mortuum

180 2659 335 2724 sationem
362 2660 555 2723 meritorum
576 2657 701 2723 Christi
729 2662 763 2720 et
788 2663 973 2740 martyrum
1000 2677 1071 2720 esse
1091 2656 1155 2720 fin-
1208 2675 1287 2720 3333.
1331 2655 1562 2740 Indulgentiae
1593 2657 1826 2740 pronunciant,
1860 2656 2004 2721 Paulum
2038 2663 2072 2722 et
2102 2657 2184 2723 alios

180 2753 272 2828 gunt,
301 2765 401 2827 quam
422 2765 508 2827 papa
529 2745 596 2809 suis
618 2743 716 2809 bullis
742 2748 775 2808 et
799 2740 1012 2825 indulgentiis
1033 2742 1156 2823 partia
1206 2761 1267 2822 pro
1288 2742 1382 2806 nobis
1403 2751 1556 2807 mortuos.
1601 2742 1690 2807 Alibi
1712 2742 1790 2807 dicit
1808 2742 1895 2826 (Act.
1916 2742 1987 2891 wi:
2011 2742 2185 2808 Christum

180 2837 241 2907 tur,
263 2830 404 2896 elleboro
414 2831 521 2914 magis
538 2850 637 2912 quam
648 2826 893 2912 argumentisdi
940 2828 1054 2892 isunt.
1085 2826 1155 2894 Nec
1208 2828 1417 2908 acquisivisse
1435 2829 1618 2900 „ecclesiam
1644 2848 1703 2894 suo
1736 2829 1904 2912 sanguine.
1974 2826 2185 2911 ndulgentiae

181 2915 216 2980 in
231 2915 415 2981 refellendis
439 2915 653 2999 indulgentiis
680 2935 878 2997 magnopere
913 2913 1048 2978 aborare
1074 2934 1155 2995 opus
1208 2911 1297 2977 aliud
1323 2915 1465 2996 pretium
1498 2914 1718 2996 acquisitionis
1748 2914 1785 2977 in
1811 2921 1996 2998 martyrum
2022 2913 2184 2996 sanguine

182 3008 243 3080 est,
274 3024 355 3085 quae
384 3002 496 3066 multis
525 3001 679 3066 arietibus
706 3021 892 3082 percussae,
925 3020 1014 3064 nunc
1041 3006 1155 3081 suapte
1207 3004 1364 3064 statuunt.
1408 3000 1486 3065 Una
1512 3000 1674 3065 oblatione
1703 2998 1856 3065 Christus
1884 3000 2123 3065 consummavit
2148 3001 2185 3063 in

181 3102 294 3170 sponte
314 3109 544 3154 consenescere
566 3095 600 3150 et
621 3085 663 3151 ad
682 3085 927 3151 inclinationem
945 3091 1091 3167 spectare
1103 3085 1155 3148 in·
1205 3091 1400 3166 perpetuum
1432 3086 1664 3164 sanctificatos,
1697 3086 1744 3150 ait
1775 3086 1939 3168 apostolus
1972 3084 2089 3170 (Hebr.
2117 3083 2183 3172 10).

180 3173 309 3255 cipiunt
353 3175 401 3238 Et
421 3195 500 3238 sane
521 3173 607 3256 quod
635 3180 704 3236 tam
732 3171 789 3236 diu
810 3171 920 3236 salvae
949 3170 1156 3236 constiterint
1206 3168 1435 3253 Indulgentiae
1456 3170 1646 3249 reclamant,
1670 3193 1689 3235 a
1710 3172 1911 3257 martyribus
1932 3172 2045 3253 perfici
2062 3171 2184 3237 sancti-

180 3279 215 3324 ac
234 3260 272 3323 in
294 3270 364 3324 tam
385 3259 556 3342 impotenti
585 3266 619 3322 et
639 3258 812 3323 furiosalas
833 3258 917 3323 ciria
937 3265 1007 3321 tam
1028 3254 1155 3320 diutur·
1206 3255 1404 3335 ficationem,
1442 3278 1526 3340 quae
1553 3257 1673 3340 alioqui
1699 3277 1768 3321 non
1796 3257 1985 3323 sufficiebat.
2039 3257 2183 3322 Ioannes

180 3366 253 3410 nam
283 3346 513 3427 impunitatem
545 3345 754 3421 retinuerint,
786 3343 821 3406 id
851 3364 930 3408 vero
962 3341 1155 3413 documento
1207 3340 1286 3407 dicit
1313 3342 1428 3426 (Apcc.
1448 3341 1496 3426 ‘l):
1529 3351 1660 3409 sanctos
1694 3364 1807 3408 omnes
1834 3343 1954 3408 lavisse
1982 3342 2082 3407 stolas
2103 3363 2181 3406 3333
2287 3387 2292 3395 ,

180 3451 246 3496 3333
266 3438 392 3514 potest,
417 3453 517 3514 quam
545 3430 611 3494 alta
633 3450 781 3494 errorum
803 3437 897 3494 nocte
918 3428 1065 3492 immersi
1084 3429 1154 3494 fue-
1205 3427 1242 3491 in
1264 3430 1423 3511 sangiune
1446 3430 1530 3513 agni.
1575 3428 1807 3513 Indulgentiae
1829 3428 1959 3506 docent,
1981 3427 2093 3492 lavare
2114 3433 2181 3492 stc·

180 3517 243 3581 rint
264 3517 389 3599 aliquot
414 3516 553 3582 saeculis
581 3516 738 3580 homines.
784 3514 951 3579 Videbunt
971 3535 1006 3578 se
1029 3534 1049 3577 3
1069 3534 1155 3596 papa
1204 3512 1255 3578 las
1276 3515 1311 3577 in
1330 3515 1490 3599 sanguine
1507 3522 1704 3580 sanctorum.
1742 3512 1921 3596 Equidem,
1943 3533 2019 3577 cum
2038 3518 2106 3577 tota
2128 3533 2182 3577 ec-

181 3609 211 3667 et
225 3603 295 3668 3313
308 3603 513 3685 bulligerulis
529 3602 647 3684 palam,
666 3623 726 3666 nee
743 3600 994 3677 dissimulanter,
1014 3598 1154 3664 ludibrio
1205 3621 1281 3664 rum
1302 3599 1449 3666 doctrina
1469 3622 1511 3665 ex
1531 3600 1703 3666 horrendis
1725 3599 1903 3682 sacrilegiis
1920 3607 1954 3663 et
1969 3598 2182 3680 blasphemiis

180 3687 300 3767 haberi,
322 3697 532 3772 quaestuosas
549 3686 801 3752 nundinationes
818 3686 859 3751 de
877 3687 1061 3750 animarum
1078 3706 1154 3750 sua-
1206 3698 1343 3750 consuta
1370 3687 1428 3765 sit,
1456 3686 1539 3752 haec
1565 3693 1677 3751 tamen
1707 3682 1748 3771 [p.
1766 3682 1842 3771 ³40]
1865 3705 1945 3767 prae
1972 3683 2045 3749 aliis
2072 3683 2183 3767 prodi·

179 3796 250 3839 rum
272 3774 379 3840 salute
404 3775 563 3851 exerceri,
592 3773 740 3856 pauculis
767 3773 911 3837 nummis
937 3771 1052 3836 salutis
1079 3792 1154 3853 pre·
1205 3771 1297 3853 giosa
1318 3782 1368 3837 est
1388 3771 1600 3854 blasphemia.

179 3860 257 3925 tium
291 3860 413 3939 taxari,
442 3859 526 3924 nihil
553 3860 733 3942 gratuitum
757 3867 919 3941 prostare;
952 3857 1015 3922 hac
1047 3857 1154 3939 specie
1291 3858 1495 3940 Agnoscent,
1519 3878 1630 3922 annon
1651 3857 1733 3922 haec
1754 3857 1821 3920 sint
1842 3877 1903 3920 sua
1923 3855 2051 3939 placita.
2090 3855 2183 3921 Mar-

179 3947 310 4030 emnngi
339 3967 374 4014 se
395 3945 624 4021 oblationibus,
651 3966 734 4027 quae
754 3946 790 4008 in
811 3953 931 4020 scorta,
953 3943 989 4006 in
1008 3942 1152 4020 lenones,
1205 3950 1295 4027 tyres
1320 3943 1394 4026 plus
1426 3949 1531 4008 morte
1565 3964 1625 4008 sua
1649 3943 1721 4007 Deo
1753 3943 1953 4025 praestitisse
1984 3963 2022 4007 ae
2048 3943 2182 4007 meritos

178 4031 472 4099 incornessationes
487 4030 527 4117 [p.
541 4028 617 4116 333]
632 4032 771 4112 turpiter
789 4030 1048 4106 absumerentur,
1063 4050 1152 4092 sum·
1205 4050 1290 4109 esse,
1312 4051 1410 4111 quam
1432 4030 1495 4096 sibi
1515 4050 1596 4112 opus
1624 4034 1723 4105 esset,
1751 4036 1940 4110 tantamque
1961 4027 2026 4093 illis
2047 4028 2182 4092 merito·

178 4138 246 4184 mos
266 4117 548 4202 indulgentiarum
568 4117 794 4182 buccinatores
816 4136 961 4179 summos
983 4135 1054 4179 esse
1076 4135 1152 4179 con-
1204 4137 1279 4180 rum
1311 4115 1498 4199 largitatem
1529 4113 1741 4196 superfuisse,
1776 4135 1858 4196 quae
1890 4114 1926 4177 13
1952 4113 2033 4178 31133
2060 4112 2182 4178 redun-

179 4209 369 4286 temptores,
405 4211 589 4269 monstrum
620 4201 708 4267 istud
739 4201 856 4265 maiori
885 4200 990 4265 indies
1021 4200 1153 4265 licentia
1205 4200 1311 4280 daret;
1344 4223 1386 4265 ne
1415 4201 1518 4285 igitur
1543 4220 1782 4282 supervacuum
1815 4200 1859 4264 sit
1889 4206 2020 4264 tantum
2050 4198 2182 4276 bonum,

178 4290 321 4373 grsssmi
342 4308 382 4354 ac
401 4290 570 4367 luxuriari,
593 4309 654 4352 nec
674 4289 776 4351 finem
795 4287 902 4352 ullum
923 4286 1003 4351 fieri.
1037 4285 1152 4351 Plum·
1204 4287 1406 4352 commisceri
1441 4308 1554 4353 eorum
1587 4286 1782 4370 sanguinem
1814 4287 1968 4369 sanguini
1995 4283 2120 4349 Christi
2147 4289 2182 4347 et

178 4375 256 4440 bum
283 4397 411 4458 semper
441 4396 564 4441 novum
591 4373 725 4452 adferri,
758 4394 860 4438 novos
887 4393 1038 4437 nummos
1070 4371 1150 4436 elici.
1204 4394 1246 4437 ex
1267 4380 1404 4456 utreque
1425 4373 1618 4438 thesaurum
1638 4371 1792 4438 ecclesiae
1809 4372 1933 4450 confici,
1954 4370 1997 4436 ad
2017 4368 2180 4434 remissio-

179 4461 394 4544 Excipiebant
414 4468 526 4526 tamen
547 4481 676 4526 summa
692 4459 901 4525 veneratione
922 4457 1151 4541 indulgentias,
1203 4480 1282 4523 nem
1310 4465 1344 4523 et
1370 4459 1624 4524 satisfactionem
1649 4465 1872 4540 peccatorum;
1899 4463 1996 4539 atque
2021 4455 2069 4519 ita
2095 4454 2179 4521 3331-

180 4545 371 4625 adorabant,
410 4547 621 4613 redimebant.
677 4546 724 4610 113
759 4545 816 4626 qui
852 4545 1031 4609 cernebant
1066 4544 1154 4608 inter
1202 4543 1374 4626 piendum,
1396 4543 1482 4627 quod
1504 4545 1551 4609 ait
1570 4544 1696 4609 Paulus
1715 4540 1799 4628 (Col.
1822 4541 1868 4627 l):
1897 4563 1957 4624 sup
1979 4539 2030 4605 leo
2051 4541 2087 4604 13
2108 4561 2180 4605 333·

178 4631 256 4699 31133
278 4634 419 4711 3333133,
443 4632 673 4698 existimabant
694 4639 805 4696 tamen
826 4631 898 4712 piae
919 4650 990 4694 esse
1011 4627 1151 4706 fiendas,
1203 4651 1282 4713 pore
1308 4651 1394 4709 meo,
1423 4652 1463 4695 ea
1489 4651 1572 4713 quae
1594 4629 1713 4694 desunt
1738 4629 1925 4711 passionum
1952 4562 2091 4704 dhrisu,
2119 4645 2180 4708 pro

178 4719 293 4802 quibus
326 4740 401 4784 cum
431 4719 539 4784 fructu
570 4718 677 4800 aliquo
706 4716 776 4781 falli
804 4722 944 4799 possent
995 4712 1151 4792 Tandem,
1204 4735 1337 4798 corpore
1357 4718 1441 4794 eius,
1469 4715 1554 4799 quod
1575 4721 1626 4780 est
1646 4714 1789 4781 eeclesia
1834 4710 1923 4793 Quid
1944 4712 2006 4776 hoc
2028 4716 2091 4790 est,
2114 4712 2180 4777 nisi

178 4804 232 4871 ubi
252 4805 342 4869 orbis
363 4804 600 4886 aliquantulum
623 4803 683 4868 sibi
705 4823 818 4884 sapere
839 4801 1001 4884 permisit,
1031 4800 1153 4883 frigent
1205 4799 1467 4866 Christonomen
1477 4801 1669 4883 relinquere,
1687 4806 1853 4865 caeterum
1865 4797 2180 4880 vulgaremsanetu-

178 4888 400 4974 indulgentiae
426 4898 460 4954 et
478 4889 637 4972 paulatim
659 4889 758 4952 etiam
778 4885 1023 4971 congelascunt,
1051 4885 1152 4951 donce
1204 4886 1274 4950 lum
1295 4889 1416 4967 faeere,
1440 4888 1498 4969 qui
1523 4887 1559 4952 in
1580 4887 1678 4951 turba
1697 4886 1756 4950 rix
1783 4879 2012 4966 dignoscatur?
2056 4882 2178 4961 Unum,

178 4976 273 5058 plane
294 4982 498 5041 evanescant
940 5014 945 5023 -
1204 4993 1308 5037 unum
1318 4973 1412 5038 illum
1427 4972 1609 5055 praedicari
1622 4971 1765 5048 decebat,
1784 4990 1888 5032 unum
1905 4968 2051 5051 proponi,
2074 4990 2179 5035 unum

261 5062 390 5126 Verum
407 5060 561 5143 quoniam
578 5059 720 5143 plurimi,
739 5060 794 5141 qui
812 5057 932 5138 sordes,
946 5058 1151 5140 impostrras,
1205 5058 1382 5137 nominari,
1411 5080 1515 5123 unum
1540 5057 1673 5140 respici,
1702 5076 1778 5121 cum
1799 5053 1840 5118 de
1862 5054 2037 5119 obtinenda
2064 5076 2179 5138 pecca-

179 5145 280 5224 fure,
308 5148 502 5229 rapacitates
529 5146 661 5231 (quibus
688 5144 839 5210 luserunt
858 5145 1017 5210 hactenus
1039 5149 1072 5206 et
1093 5162 1153 5206 nos
1204 5149 1313 5207 torum
1340 5145 1543 5222 remissione,
1578 5143 1776 5225 expiatione,
1810 5140 2028 5205 satisfactione
2060 5141 2179 5224 agitur.

179 5229 335 5298 ludificati
356 5239 434 5297 sunt
459 5231 721 5315 indulgentiarii)
743 5230 870 5309 vident,
900 5231 1023 5295 fontem
1044 5229 1153 5311 ipsum
1205 5226 1275 5294 Sed
1296 5229 1469 5296 audiamus
1490 5250 1603 5295 eorum
1624 5227 1878 5312 enthymemata
1910 5224 1962 5291 Ne
1983 5227 2054 5293 3133
2071 5228 2182 5293 fructu

1411 5350 1416 5360 .
1919 5326 1976 5381 11⁸
