4770 6030
209 342 272 405 539

208 528 322 602 ordine
344 546 403 591 suo
424 524 595 589 recenseri.
640 522 728 586 Nam
749 521 805 603 qui
826 521 892 586 Dei
914 520 1185 608 omnipotentiam

207 621 442 698 paternamque
464 608 680 686 clementiam,
705 606 831 672 Christi
853 607 1028 684 iustitiam,
1051 607 1185 689 spiritus

208 699 313 766 sancti
334 695 501 779 energiam
521 694 685 777 intelligit,
709 715 842 758 causam
864 693 979 757 salutis
999 700 1105 771 tenet;
1127 690 1185 756 sed
1202 740 1206 747 .

207 783 355 851 nondum
376 782 560 863 assequitur
581 777 742 862 quomodo
763 779 852 842 salus
880 778 958 842 inde
984 779 1021 841 in
1043 778 1184 842 homini-

208 871 269 936 bus
289 866 474 950 impleatur,
497 867 562 930 nisi
584 864 626 930 ad
645 864 824 943 ecclesiam,
846 875 1052 947 peccatorum
1071 864 1185 928 remis·

207 956 332 1022 sionem
361 960 394 1018 et
422 953 526 1016 vitam
553 958 721 1015 aeternam
749 948 932 1014 descendat.
978 950 1068 1032 Ergo
1096 955 1184 1032 post-

207 1062 306 1125 quam
323 1038 429 1103 edocti
447 1058 569 1115 sumus,
592 1037 704 1102 Deum
721 1056 791 1100 esse
811 1037 897 1101 vitae
916 1037 1009 1100 nobis
1027 1044 1183 1113 autorem,

207 1127 270 1192 rite
301 1124 343 1190 ab
376 1132 489 1189 autore
522 1123 592 1207 ipso
626 1143 836 1205 progressum
864 1120 906 1185 ad
928 1143 1010 1204 epus
1038 1122 1184 1200 facimus,

208 1211 295 1296 quod
316 1213 352 1274 in
378 1211 472 1275 nobis
495 1216 553 1274 θεῖ.
597 1207 745 1273 Ecclesia
773 1208 867 1272 nobis
896 1208 1002 1290 primo
1024 1207 1093 1272 loce
1115 1227 1184 1272 cre·
1221 1251 1224 1258 -

209 1298 316 1363 denda
352 1296 546 1380 proponitur
578 1294 614 1358 in
641 1294 730 1358 hunc
762 1295 877 1372 finem,
914 1302 953 1358 ut
984 1292 1207 1359 confidamus·

208 1385 401 1450 universum
429 1382 605 1447 electorum
632 1401 807 1444 numerum
835 1401 894 1462 per
918 1378 995 1443 fidei
1017 1378 1186 1443 vinculum

104 1498 107 1504 ·
209 1471 247 1534 in
268 1491 370 1534 unam
384 1468 476 1545 ,coire
499 1467 700 1542 societatem,
732 1472 828 1547 atque
850 1466 887 1528 in
909 1487 1013 1529 unum
1034 1465 1099 1528 Dei
1128 1486 1186 1546 po·

208 1555 337 1639 pulum,
367 1555 460 1618 cuius
489 1552 642 1617 Christus
671 1551 821 1615 dominus
847 1559 959 1615 noster
987 1550 1054 1614 dux
1083 1550 1126 1614 sit
1153 1559 1186 1613 et

174 1645 176 1648 ’
208 1642 375 1740 princeps;
399 1638 542 1720 adeoque
564 1638 599 1701 in
621 1658 725 1700 unum
745 1657 860 1718 eorpus
882 1636 1071 1713 coalescere,
1094 1637 1185 1700 cuius

208 1748 278 1811 ipse
300 1729 343 1791 sit
364 1732 478 1807 caput;
506 1731 604 1806 prout
628 1723 665 1785 in
692 1723 764 1805 ipso
786 1729 863 1786 ante
891 1720 1006 1786 mundi
1029 1722 1185 1786 coustitu-

181 1869 182 1874 ,
208 1815 332 1879 tionem
354 1822 432 1877 sunt
453 1809 556 1887 electi,
580 1809 674 1872 utin
696 1809 760 1872 Dei
783 1829 921 1892 regnum
939 1829 1051 1872 omnes
1069 1828 1185 1890 aggre-

209 1906 374 1984 garentur.
1211 1920 1213 1929 ·

297 1989 325 2047 3.
371 1981 481 2063 Quam
503 1987 614 2044 autem
641 1981 824 2045 necessaria
849 1980 893 2044 sit
918 1980 1073 2044 ecelesiae
1094 1978 1184 2057 fides,

210 2071 288 2136 hinc
309 2076 450 2145 constat,
479 2065 566 2149 quod
587 2066 683 2135 utin
704 2066 808 2129 vitam
828 2066 1047 2129 immortalem
1074 2087 1186 2129 renas-

210 2178 339 2234 camur,
372 2154 462 2217 illius
495 2159 587 2216 utero
619 2172 678 2215 nos
708 2152 848 2234 concipi;
881 2158 919 2213 ut
946 2171 1185 2227 conservemur,

209 2242 299 2306 illius
321 2241 444 2324 gremio
466 2238 568 2303 foveri
591 2243 725 2320 oportet.
755 2238 818 2301 Est
840 2237 928 2302 enim
950 2245 1064 2300 nostra
1080 2237 1201 2299 omni-0

95 2381 100 2392 ,
209 2350 266 2392 um
288 2334 406 2402 mater,
435 2345 537 2408 penes
559 2344 658 2405 quam
680 2324 805 2404 gratiae
833 2344 910 2386 suae
939 2322 1110 2386 thesauros
1131 2320 1186 2385 de·

209 2413 332 2498 positos
357 2432 427 2475 esse
449 2409 554 2475 voluit
579 2409 758 2484 Dominus,
787 2430 850 2491 quo
872 2416 905 2472 et
927 2409 996 2472 eius
1024 2407 1088 2472 fide
1110 2429 1186 2472 con-

210 2506 396 2573 serventur,
438 2502 471 2559 et
501 2516 559 2576 per
592 2495 666 2558 eius
694 2494 914 2558 ministerium
948 2494 1184 2575 dispensentur.

209 2583 366 2660 Proinde,
396 2583 424 2644 si
452 2582 486 2644 in
514 2601 655 2663 regnum
675 2581 741 2644 Dei
768 2582 952 2663 ingressum
980 2580 1073 2642 nobis
1095 2587 1186 2661 pate-

209 2670 281 2735 fieri
313 2668 479 2744 volumus
521 2665 691 2730 eeclesiam
729 2665 794 2729 fide
827 2664 1072 2748 apprehendere
1105 2685 1187 2746 opus

210 2762 268 2820 est.
319 2753 359 2818 Id
388 2761 498 2816 autem
527 2759 590 2829 θεῖ,
620 2773 688 2815 non
716 2749 812 2814 modo
834 2751 1011 2815 electorum
1038 2750 1186 2814 multitu-

210 2840 321 2905 dinem
353 2839 550 2921 cogitatione
589 2838 760 2919 auimoque
794 2836 960 2917 amplecti,
999 2836 1063 2900 sed
1088 2836 1188 2900 talem

210 2926 364 2992 ecclesiae
392 2925 556 2988 unitatem
583 2924 741 3006 cogitare,
772 2923 806 2985 in
834 2943 932 3003 quarn
961 2942 1021 2985 nos
1044 2944 1114 2986 esse
1135 2923 1187 2984 in-

210 3013 290 3077 sitos
309 3032 386 3074 vero
407 3009 555 3091 persuasi
576 3010 685 3102 ¹simus.
730 3007 818 3072 Nam
847 3009 911 3072 uisi
933 3007 1066 3073 Christe
1088 3008 1187 3090 capiti

211 3105 337 3173 nestro,
365 3117 424 3176 per
452 3094 538 3158 hanc
560 3116 634 3157 eum
662 3094 813 3158 omnibus
841 3094 911 3157 eius
933 3095 1089 3158 membris
1111 3115 1187 3158 cen·

210 3181 426 3258 iunctionem,
457 3180 632 3262 compacti,
662 3179 787 3244 nullam
808 3179 956 3245 eoelestis
976 3179 1189 3244 haereditatis

211 3289 304 3350 spem
325 3287 458 3331 cernere
480 3287 665 3348 possumus;
687 3265 815 3347 quando
834 3272 928 3329 extra
945 3266 1098 3333 ecelesiae
1115 3265 1188 3329 uni-

211 3360 313 3418 tatem
346 3352 472 3416 nollam
504 3373 575 3416 esse
614 3351 753 3415 salutern
792 3352 954 3432 scriptura
985 3352 1186 3434 pronuntiat.

211 3437 269 3505 Sic
291 3439 379 3503 enim
393 3437 626 3521 intelligendae
643 3443 720 3502 sunt
741 3437 823 3500 istae
846 3437 1053 3519 propheticae
1075 3439 1188 3520 lequu-

212 3525 328 3589 tiones:
358 3524 394 3587 in
417 3522 499 3589 Sion
528 3531 561 3588 et
589 3523 625 3587 in
652 3521 833 3586 Ierusalem
861 3523 923 3586 erit
950 3523 1087 3588 salvatio
1110 3524 1186 3608 (Ies.

212 3616 263 3690 46,
286 3615 333 3673 13.
365 3610 434 3674 Ioel
453 3614 481 3688 3,
502 3607 545 3708 ὃ).
603 3608 682 3673 Ideo
717 3608 894 3696 Dominus,
929 3610 1046 3691 quibus
1080 3616 1188 3674 extre-

211 3717 304 3759 mum
326 3696 464 3760 exitium
485 3696 605 3759 minari
626 3695 706 3773 vrdt,
731 3715 786 3758 eos
807 3695 842 3758 in
865 3715 983 3760 arcano
1006 3695 1116 3779 populi
1138 3696 1189 3760 sui

211 3781 338 3846 futuros
364 3789 478 3864 negat,
512 3791 570 3845 aut
601 3782 637 3844 in
665 3781 811 3863 catalogo
840 3779 955 3845 domus
977 3780 1082 3846 Israel
1110 3782 1189 3846 seri-

212 3864 335 3930 bendos
358 3866 429 3949 (ΕΖ.
453 3871 501 3946 13,
521 3866 565 3948 9).

299 3956 327 4014 4.
372 3952 474 4016 Porro
507 3951 589 4016 haec
617 3954 752 4017 societas
782 3952 941 4017 catholica
969 3953 1102 4031 dicitur,
1132 3976 1189 4018 seu

212 4036 425 4113 universalis,
452 4037 618 4119 quianon
641 4037 720 4102 duas
742 4046 799 4102 aut
820 4047 887 4103 tres
913 4038 1062 4104 invenire
1082 4039 1187 4103 liceat.

213 4115 305 4204 Quin
332 4122 378 4188 sie
407 4122 500 4187 electi
528 4123 592 4187 Dei
615 4145 727 4188 omnes
755 4125 790 4187 iu
818 4123 950 4189 Christo
976 4126 1135 4189 uniuntur
1157 4133 1190 4189 et

212 4208 452 4286 coadunantur,
480 4216 517 4271 ut
537 4208 810 4290 quemadmodum
832 4210 872 4274 ab
896 4232 960 4274 une
982 4212 1087 4293 capite
1108 4233 1189 4292 pen·

213 4294 301 4372 deut,
324 4295 371 4358 ita
392 4294 428 4357 in
449 4315 553 4357 unum
572 4294 663 4358 velut
682 4316 798 4377 eorpus
821 4296 1018 4375 eoalmcant,
1043 4318 1082 4360 ea
1102 4298 1189 4360 inter

213 4402 248 4446 se
269 4380 499 4463 compositione
524 4401 741 4462 compageque
763 4381 986 4460 cohaerentes,
1017 4404 1080 4463 qua
1103 4383 1188 4446 eius-

213 4465 288 4530 dem
316 4466 458 4549 corporis
485 4465 647 4543 membra;
674 4486 751 4529 vere
779 4488 883 4530 unum
910 4467 1002 4546 sacti,
1038 4468 1093 4549 qui
1123 4488 1189 4530 una

213 4550 286 4631 fide,
310 4574 375 4635 spe,
399 4552 544 4629 caritate,
568 4550 683 4614 eodem
703 4552 768 4615 Dei
790 4553 920 4633 spiritu,
943 4552 1040 4618 simul
1062 4553 1187 4633 vivunt,

212 4658 278 4703 non
300 4639 337 4702 in
363 4637 501 4703 eandem
528 4634 625 4700 mode
647 4636 734 4700 vitae
762 4642 914 4703 aeternae
942 4637 1187 4718 haereditatem,

213 4722 271 4786 sed
297 4725 333 4786 in
354 4725 451 4787 unius
476 4723 542 4788 Dei
570 4744 607 4787 ac
634 4719 759 4786 Christi
784 4723 1068 4806 participationem
1089 4725 1188 4789 etiam

213 4810 328 4874 vocati.
362 4808 485 4874 Sancta
505 4815 675 4892 praeterea
695 4816 761 4874 est:
784 4809 861 4890 quia
882 4817 1039 4892 quotquot
1056 4818 1189 4875 aeterna

213 4894 278 4960 Dei
298 4894 505 4977 providentia
526 4895 619 4961 electi
641 4902 732 4972 sunt,
762 4901 800 4959 ut
825 4895 861 4959 in
882 4896 1036 4962 ecelesiae
1058 4905 1188 4979 coepta

111 5050 114 5059 ,
213 4986 328 5046 rentur
349 5002 474 5062 corpus,
497 4979 659 5062 spirituali
680 4981 927 5064 regeneratione
949 5003 1061 5047 omnes
1083 4983 1188 5048 aDo-

213 5067 302 5130 mino
330 5066 582 5130 sanctificantur.
629 5064 797 5149 Siquidem
825 5067 879 5132 hic
902 5067 980 5132 orde
1007 5068 1188 5132 misericor-

215 5150 286 5215 diae
320 5152 384 5215 Dei
412 5153 505 5216 nobis
534 5175 554 5216 a
579 5151 684 5215 Paulo
711 5150 905 5218 describitur
937 5152 1047 5237 (Rom.
1067 5157 1097 5232 8,
1117 5156 1187 5236 30):

215 5243 252 5299 ut
273 5257 352 5317 quos
379 5237 491 5321 elegit,
521 5260 576 5302 eos
605 5246 713 5317 voeet;
741 5260 820 5321 quos
850 5241 992 5318 vocavit,
1021 5240 1187 5319 iustificet;

784 330 1052 400 marthanio
1074 333 1178 399 RDL.
1200 331 1382 400 CHRIST.
1407 336 1638 398 less-1554.

2154 335 2217 396 540

1834 431 1961 520 [uua
1979 443 2002 498 a
2018 447 2091 512 1573
2112 442 2216 500 ersi.

1236 543 1315 604 quos
1337 521 1541 599 iustificavit,
1566 519 1733 606 glorificet.
1779 520 1897 601 Itaque
1920 520 2046 585 vocatio
2068 526 2101 585 et
2123 521 2217 586 iusti-

1236 610 1344 672 ficatio
1366 607 1450 670 nihil
1473 607 1562 671 aliud
1575 614 1632 685 est,
1655 627 1754 688 quam
1772 604 1901 670 divinae
1924 605 2090 671 electionis
2112 606 2220 672 decla-

1236 694 1336 772 ratic,
1364 715 1428 775 qua
1453 693 1575 758 seilicet
1596 698 1810 756 accensentur
1834 692 1870 755 in
1893 691 2046 756 ecclesiae
2068 713 2213 756 commu-

1237 781 1382 858 nionem,
1409 779 1465 861 qui
1493 800 1530 842 eo
1559 777 1713 843 destinati
1745 778 1878 860 fueraut
1904 783 2080 859 aanuam
2101 799 2216 844 nesce-

1238 873 1360 929 rentur.
1405 864 1479 929 Hac
1502 865 1642 942 ratione,
1666 864 1847 945 scriptume
1869 862 1999 946 elegiis,
2022 864 2058 926 in
2080 865 2217 929 eeclesia

1237 952 1470 1034 utplurimum
1494 972 1562 1014 nen
1582 957 1771 1027 censentur,
1805 949 1868 1013 uisi
1890 949 1923 1012 in
1946 949 2062 1031 quibus
2086 950 2214 1016 electio-

1237 1059 1314 1102 nem
1335 1059 1429 1101 suam
1445 1037 1608 1101 Dominus
1625 1034 1784 1100 eiusmodi
1802 1035 1970 1099 vocatione
1989 1037 2214 1117 comprobarit.

1238 1121 1402 1204 Quoniam
1435 1122 1517 1187 tales
1549 1122 1670 1188 scilieet
1702 1121 1763 1185 filii
1789 1120 1855 1185 Dei
1886 1120 1980 1185 nobis
2014 1120 2217 1187 describendi

1238 1217 1346 1288 erant,
1380 1209 1492 1291 quales
1526 1207 1658 1290 agnosci
1686 1212 1797 1271 nostra
1824 1205 2042 1289 intelligentia
2072 1217 2214 1290 possent.

1238 1295 1364 1377 Nempe
1386 1296 1441 1377 qui
1461 1294 1578 1376 spiritu
1600 1293 1665 1357 Dei
1687 1298 1838 1376 aguntur

1326 1386 1353 1444 5.
1399 1378 1577 1445 Sedenim
1602 1380 1663 1442 rite
1687 1377 1954 1461 perpendendum
1978 1385 2042 1454 est,
2071 1399 2136 1460 qua
2158 1400 2216 1444 ex·

1238 1466 1334 1531 cellat
1362 1467 1534 1532 sanctitate
1560 1464 1710 1542 ecclesia;
1745 1485 1787 1528 ne
1820 1465 1848 1528 si
1874 1464 2044 1528 ecclesiam
2073 1465 2215 1531 nolimus

1238 1552 1419 1627 admittere,
1442 1552 1507 1616 nisi
1529 1551 1676 1615 numeris
1698 1550 1848 1614 omnibus
1871 1549 2062 1627 absolutam,
2088 1550 2215 1616 nullam

1238 1638 1469 1720 relinquamus.
1514 1638 1642 1700 Verum
1669 1634 1800 1717 quidem
1828 1641 1878 1700 est
1906 1634 1992 1718 quod
2022 1636 2068 1699 ait
2089 1636 2216 1703 Paulus

1238 1723 1338 1806 (Eph.
1362 1729 1390 1801 5,
1410 1722 1480 1807 25):
1505 1722 1675 1788 Christum
1697 1744 1731 1786 se
1757 1722 1864 1803 ipsum
1887 1720 2060 1786 tradidisse
2081 1743 2140 1804 pro
2163 1745 2216 1788 ec-

1238 1810 1344 1888 clesia,
1363 1817 1401 1874 ut
1417 1809 1509 1873 illam
1525 1809 1757 1885 sanctificaret;
1777 1806 1952 1872 mundasse
1969 1806 2100 1872 lavacro
2112 1829 2216 1889 aquae

1238 1897 1274 1959 in
1295 1897 1395 1960 verbo
1417 1896 1513 1972 vitae,
1536 1903 1574 1957 ut
1591 1894 1650 1958 sibi
1674 1893 1842 1957 exhiberet
1861 1894 2035 1976 gloriosam
2053 1915 2213 1975 sponsam,

1239 2003 1305 2045 non
1332 1980 1506 2045 habentem
1528 1980 1688 2044 maculam
1714 1987 1770 2043 aut
1782 2000 1909 2062 rugam,
1928 1987 1962 2044 et
1983 1986 2120 2044 caetera
2154 1981 2216 2063 Ni-

1239 2066 1306 2130 hilo
1328 2077 1439 2130 tamen
1468 2073 1501 2129 et
1526 2064 1616 2130 istud
1637 2066 1746 2129 verius
1773 2073 1837 2129 est:
1870 2064 2052 2130 Dominum
2074 2066 2217 2147 quotidie

1239 2153 1367 2234 operari
1387 2154 1421 2215 in
1444 2151 1534 2233 rugis
1556 2153 1625 2214 eius
1647 2150 1849 2234 expoliendis
1872 2150 2072 2232 maculisque
2091 2151 2217 2216 abster-

1239 2237 1363 2320 gendis.
1401 2235 1498 2302 Unde
1520 2238 1675 2318 sequitur,
1699 2235 1844 2301 nondum
1866 2244 2032 2317 peractam
2054 2258 2124 2301 esse
2147 2238 2217 2302 eius

1239 2325 1453 2388 sanctitatem.
1500 2321 1556 2386 Sic
1583 2344 1660 2404 ergo
1690 2334 1802 2385 saneta
1824 2330 1874 2387 est
1900 2321 2048 2397 ecclesia,
2077 2332 2115 2385 ut
2136 2345 2215 2405 quo·

1239 2409 1317 2473 tidie
1339 2410 1500 2491 proficiat,
1523 2407 1668 2472 nondum
1689 2408 1833 2490 perfecta
1855 2409 1910 2484 sit;
1939 2407 2081 2489 quotidie
2103 2430 2215 2488 proee-

1239 2495 1304 2569 dat,
1324 2494 1468 2559 noudum
1483 2495 1669 2577 pervenerit
1685 2493 1725 2557 ad
1739 2495 1921 2558 sanctitatis
1936 2501 2065 2557 metam.
2090 2492 2214 2573 Quem-

1240 2580 1415 2645 admodum
1447 2580 1524 2652 alibi
1552 2601 1678 2661 quoque
1709 2580 1812 2643 fusius
1841 2578 2063 2661 explicabitur.
2115 2577 2212 2659 Quod
2282 2603 2283 2606 ¹

1240 2689 1316 2749 ergo
1339 2675 1485 2731 sanctam
1505 2667 1572 2729 fore
1591 2665 1772 2730 Ierusalem
1793 2666 2014 2729 vaticinantur
2035 2665 2213 2747 prophetae

1240 2753 1324 2837 (Ioel
1342 2759 1376 2831 4,
1399 2758 1446 2815 17.
1479 2753 1542 2815 Ιθε.
1563 2756 1617 2827 35,
1638 2756 1689 2834 8),
1722 2773 1782 2832 per
1808 2772 1907 2832 quam
1934 2750 2031 2814 alieni
2059 2771 2124 2814 non
2147 2752 2214 2814 sint

1240 2840 1426 2917 transituri3
1454 2845 1695 2903 sacrosanctum
1722 2837 1895 2918 templum,
1922 2857 1985 2918 quo
2007 2837 2128 2918 impuri
2148 2858 2214 2901 non

1239 2926 1307 2988 sint
1323 2925 1517 3008 ingressuri:
1541 2945 1608 2987 non
1625 2923 1822 3004 accipiamus
1839 2922 1983 3004 perinde,
2003 2944 2041 2986 ac
2058 2923 2086 2986 si
2104 2923 2215 2988 nullus

1240 3012 1275 3075 in
1305 3010 1459 3075 ecclesiae
1485 3009 1641 3074 membris
1672 3029 1796 3073 naevus
1830 3008 1995 3073 resideret.
2042 3006 2111 3072 Sed
2139 3011 2215 3091 quia

1240 3104 1306 3161 toto
1336 3095 1442 3160 studio
1466 3094 1508 3159 ad
1541 3096 1787 3160 sanctimoniam
1816 3102 1848 3158 et
1874 3094 2012 3161 solidam
2039 3096 2214 3176 puritatem

1240 3183 1399 3265 aspirant,
1422 3181 1599 3246 mundities
1619 3180 1700 3258 illis,
1728 3201 1826 3261 quam
1853 3180 1999 3244 nondum
2024 3181 2120 3262 plene
2139 3202 2216 3246 eon·

1240 3269 1368 3351 sequuti
1395 3275 1486 3344 sunt,
1514 3267 1578 3331 Dei
1605 3267 1805 3349 benignitate
1833 3265 1995 3331 tribuitur.
2040 3266 2086 3329 Et
2113 3289 2216 3349 quan-

1240 3376 1339 3437 quam
1366 3376 1441 3418 rara
1471 3354 1599 3434 saepius
1628 3351 1748 3416 indicia
1770 3351 1929 3416 eiusmodi
1950 3353 2215 3418 sanctificationis

1241 3448 1374 3505 exstant
1394 3442 1480 3503 inter
1502 3439 1665 3516 homines,
1689 3437 1898 3502 statuendum
1919 3445 2032 3502 tamen
2054 3446 2118 3515 est,
2140 3440 2216 3503 nul·

1240 3527 1310 3591 lum
1330 3527 1430 3590 fuisse
1453 3525 1494 3589 ab
1521 3524 1598 3588 orbe
1626 3522 1755 3588 condito
1783 3530 1927 3605 tempus,
1956 3544 2019 3605 quo
2046 3523 2215 3589 ecclesiam

1242 3634 1335 3677 suam
1346 3612 1510 3676 Dominus
1531 3631 1598 3673 uon
1621 3609 1787 3687 habuerit;
1809 3609 1939 3673 nullum
1961 3611 2060 3673 etiam
2076 3610 2153 3684 fore,
2173 3611 2215 3674 ad

1242 3698 1555 3764 consummationem
1582 3718 1684 3778 usque
1713 3695 1848 3773 saeculi,
1877 3716 1939 3778 quo
1967 3715 2035 3758 non
2057 3695 2101 3759 sit
2123 3694 2217 3759 habi·

1242 3792 1344 3848 turus.
1389 3784 1476 3847 Nam
1498 3783 1559 3847 etsi
1588 3782 1699 3846 statim
1722 3803 1741 3845 a
1766 3781 1926 3863 principie
1947 3779 2137 3844 universum
2159 3801 2216 3863 ge-

1242 3892 1304 3935 nus
1327 3869 1497 3932 hominum
1518 3866 1611 3932 Adae
1632 3875 1765 3949 peccate
1794 3874 1982 3948 corruptum
2003 3885 2041 3930 ae
2062 3864 2217 3929 vitiatum

1243 3963 1301 4034 est,
1325 3977 1366 4019 ex
1388 3953 1450 4020 hac
1473 3963 1597 4032 tamen,
1621 3975 1680 4018 eeu
1702 3953 1827 4037 polluta
1849 3973 1965 4031 massa
1988 3971 2117 4032 semper
2136 3973 2218 4016 vasa

1243 4042 1351 4123 aliqua
1382 4041 1418 4103 in
1447 4041 1604 4104 honorem
1637 4040 1832 4103 sanctificat:
1866 4059 1907 4102 ne
1939 4037 2008 4102 ulla
2040 4037 2083 4101 sit
2116 4045 2215 4115 aetas,

1242 4149 1324 4209 quae
1356 4148 1424 4191 non
1456 4147 1548 4190 suam
1577 4124 1833 4201 misericordiam
1866 4124 2062 4207 experiatur.
2118 4121 2217 4204 Quod
2257 4162 2259 4167 .
2345 4111 2354 4124 ’

1242 4214 1338 4277 certis
1377 4211 1643 4295 promissionibus
1674 4218 1831 4275 testatum
1865 4211 1955 4290 feeit;
1994 4209 2105 4292 quales
2139 4216 2217 4274 sunt

1241 4301 1323 4364 istae
1356 4298 1458 4382 (Psal.
1486 4301 1542 4375 89,
1568 4296 1617 4381 4);
1654 4297 1803 4361 ordinavi
1842 4302 2077 4361 testamentum
2104 4295 2216 4360 electis

1241 4385 1338 4465 meis;
1366 4384 1473 4448 iuravi
1501 4382 1611 4447 David
1635 4404 1729 4447 servo
1751 4404 1837 4460 meo,
1866 4383 2026 4464 usquein
2047 4388 2217 4447 aeternum

1242 4470 1427 4553 propagabo
1450 4490 1562 4534 semen
1584 4477 1694 4546 tuum;
1722 4469 1758 4532 in
1786 4469 1994 4552 generatione
2017 4476 2050 4533 et
2079 4488 2216 4550 genera-

1241 4557 1329 4620 tione
1352 4555 1525 4620 aedifieabo
1548 4553 1657 4619 sedem
1680 4562 1780 4630 tuam.
1820 4553 1906 4618 Item
1928 4553 2030 4637 (Psal.
2053 4557 2121 4631 132,
2144 4552 2213 4635 13):

1241 4642 1340 4725 elegit
1366 4642 1528 4705 Dominus
1555 4639 1650 4718 Sion,
1686 4637 1886 4724 elegit'eam
1914 4641 1949 4703 in
1981 4639 2215 4704 habitationem

1240 4727 1318 4805 sibi;
1352 4727 1433 4791 haec
1461 4727 1589 4809 requies
1619 4748 1692 4790 mea
1724 4727 1760 4789 in
1793 4725 1959 4791 saeculum
1988 4725 2125 4802 saeculi,
2154 4731 2213 4790 etc.

1240 4814 1326 4877 Item
1349 4812 1426 4898 (Ier.
1449 4817 1504 4892 31,
1531 4811 1602 4896 35):
1637 4811 1718 4878 haee
1751 4811 1830 4877 dicit
1857 4812 2035 4888 Dominus,
2069 4812 2127 4893 qui
2158 4809 2216 4875 dat

1241 4899 1343 4964 solem
1372 4899 1408 4962 in
1441 4899 1554 4962 lumen
1582 4898 1661 4976 diei,
1695 4897 1810 4962 lunam
1843 4905 1877 4961 et
1902 4897 2013 4961 stellas
2040 4897 2075 4960 in
2102 4896 2216 4962 lumen

1241 4986 1361 5064 noetis;
1383 4985 1412 5048 si
1433 4984 1610 5049 defecerint
1635 4983 1724 5066 leges
1750 4984 1833 5048 istae
1854 5002 1965 5048 coram
1986 5003 2053 5061 me,
2081 4989 2161 5047 tunc
2182 4990 2218 5048 et

1242 5092 1353 5135 semen
1375 5069 1479 5135 Israel
1501 5069 1635 5134 deficiet.

1328 5159 1355 5220 6.
1400 5155 1594 5220 Proximam
1614 5153 1822 5236 particulam,
1853 5153 1893 5217 de
1916 5159 2105 5217 sanctorum
2127 5174 2215 5219 eom-

1242 5241 1480 5320 municatione,
1514 5262 1534 5305 a
1560 5239 1725 5305 veteribus
1751 5239 1819 5304 fere
1847 5240 2113 5323 praetermissam
2140 5243 2214 5306 ani·
