<?xml version="1.0" encoding="UTF-8"?>
<!DOCTYPE html PUBLIC "-//W3C//DTD XHTML 1.0 Transitional//EN"
    "http://www.w3.org/TR/xhtml1/DTD/xhtml1-transitional.dtd">
<html xmlns="http://www.w3.org/1999/xhtml" xml:lang="en" lang="en">
 <head>
  <title>
</title>
<meta http-equiv="Content-Type" content="text/html;charset=utf-8" />
  <meta name='ocr-system' content='tesseract 3.04.00' />
  <meta name='ocr-capabilities' content='ocr_page ocr_carea ocr_par ocr_line ocrx_word'/>
</head>
<body>
  <div class='ocr_page' id='page_1' title='image "./ioanniscalvinio05calvgoog_0214.png"; bbox 0 0 4770 6030; ppageno 0'>
   <div class='ocr_carea' id='block_1_1' title="bbox 137 357 2247 3636">
    <p class='ocr_par' dir='ltr' id='par_1_1' title="bbox 137 357 2247 3636">
     <span class='ocr_line' id='line_1_1' title="bbox 182 357 2190 431; baseline 0.003 -8"><span class='ocrx_word' id='word_1_1' title='bbox 182 362 244 423; x_wconf 84' lang='grc'>293</span> <span class='ocrx_word' id='word_1_2' title='bbox 843 357 994 426; x_wconf 79' lang='lat' dir='ltr'>CARI.</span> <span class='ocrx_word' id='word_1_3' title='bbox 1037 360 1101 425; x_wconf 81' lang='lat' dir='ltr'>Du</span> <span class='ocrx_word' id='word_1_4' title='bbox 1123 358 1414 426; x_wconf 77' lang='lat' dir='ltr'><strong>GOGNI&#39;PIONE</strong></span> <span class='ocrx_word' id='word_1_5' title='bbox 1435 359 1527 426; x_wconf 81' lang='lat' dir='ltr'>DEI.</span> <span class='ocrx_word' id='word_1_6' title='bbox 1625 404 1634 417; x_wconf 84' lang='lat'>-</span> <span class='ocrx_word' id='word_1_7' title='bbox 2125 368 2190 431; x_wconf 84' lang='grc'>294</span> 
     </span>
     <span class='ocr_line' id='line_1_2' title="bbox 179 461 453 548; baseline 0.004 -23"><span class='ocrx_word' id='word_1_8' title='bbox 179 472 273 542; x_wconf 77' lang='lat' dir='ltr'>A1o;</span> <span class='ocrx_word' id='word_1_9' title='bbox 290 473 360 541; x_wconf 64' lang='lat' dir='ltr'>aa</span> <span class='ocrx_word' id='word_1_10' title='bbox 379 461 453 548; x_wconf 83' lang='lat' dir='ltr'>ca]</span> 
     </span>
     <span class='ocr_line' id='line_1_3' title="bbox 179 548 2184 634; baseline 0.001 -21"><span class='ocrx_word' id='word_1_11' title='bbox 179 550 345 614; x_wconf 88' lang='lat' dir='ltr'>efficacem</span> <span class='ocrx_word' id='word_1_12' title='bbox 371 548 570 631; x_wconf 79' lang='lat' dir='ltr'><strong>provideret:</strong></span> <span class='ocrx_word' id='word_1_13' title='bbox 604 549 667 614; x_wconf 90' lang='lat' dir='ltr'>hac</span> <span class='ocrx_word' id='word_1_14' title='bbox 695 556 784 614; x_wconf 88' lang='lat' dir='ltr'>recta</span> <span class='ocrx_word' id='word_1_15' title='bbox 812 548 867 614; x_wconf 89' lang='lat' dir='ltr'>via</span> <span class='ocrx_word' id='word_1_16' title='bbox 893 548 1156 613; x_wconf 89' lang='lat' dir='ltr'>contendendum</span> <span class='ocrx_word' id='word_1_17' title='bbox 1179 567 1182 593; x_wconf 75' lang='lat'>¹</span> <span class='ocrx_word' id='word_1_18' title='bbox 1207 551 1348 614; x_wconf 86' lang='lat' dir='ltr'>istorum</span> <span class='ocrx_word' id='word_1_19' title='bbox 1384 551 1531 614; x_wconf 91' lang='lat' dir='ltr'>omnium</span> <span class='ocrx_word' id='word_1_20' title='bbox 1569 550 1719 634; x_wconf 79' lang='lat' dir='ltr'>regulam</span> <span class='ocrx_word' id='word_1_21' title='bbox 1755 550 1893 617; x_wconf 87' lang='lat' dir='ltr'>ccclesia</span> <span class='ocrx_word' id='word_1_22' title='bbox 1947 554 2184 618; x_wconf 78' lang='lat' dir='ltr'>raescriberet‘?</span> 
     </span>
     <span class='ocr_line' id='line_1_4' title="bbox 178 634 2186 719; baseline 0.003 -21"><span class='ocrx_word' id='word_1_23' title='bbox 178 635 273 700; x_wconf 89' lang='lat' dir='ltr'>nobis</span> <span class='ocrx_word' id='word_1_24' title='bbox 295 643 353 712; x_wconf 81' lang='lat' dir='ltr'>est,</span> <span class='ocrx_word' id='word_1_25' title='bbox 377 635 405 699; x_wconf 92' lang='lat' dir='ltr'>si</span> <span class='ocrx_word' id='word_1_26' title='bbox 427 634 469 698; x_wconf 89' lang='lat' dir='ltr'>ad</span> <span class='ocrx_word' id='word_1_27' title='bbox 488 637 650 702; x_wconf 87' lang='lat' dir='ltr'>sinceram</span> <span class='ocrx_word' id='word_1_28' title='bbox 667 636 732 699; x_wconf 90' lang='lat' dir='ltr'>Dei</span> <span class='ocrx_word' id='word_1_29' title='bbox 748 634 1053 716; x_wconf 88' lang='lat' dir='ltr'>contemplationem</span> <span class='ocrx_word' id='word_1_30' title='bbox 1070 635 1155 698; x_wconf 88' lang='lat' dir='ltr'>serio</span> <span class='ocrx_word' id='word_1_31' title='bbox 1206 635 1335 700; x_wconf 90' lang='lat' dir='ltr'>Pendet</span> <span class='ocrx_word' id='word_1_32' title='bbox 1355 636 1464 719; x_wconf 82' lang='lat' dir='ltr'>igitur,</span> <span class='ocrx_word' id='word_1_33' title='bbox 1487 637 1649 719; x_wconf 90' lang='lat' dir='ltr'>inquiunt,</span> <span class='ocrx_word' id='word_1_34' title='bbox 1673 638 1714 702; x_wconf 91' lang='lat' dir='ltr'>ab</span> <span class='ocrx_word' id='word_1_35' title='bbox 1736 637 1890 703; x_wconf 88' lang='lat' dir='ltr'>eeclesiae</span> <span class='ocrx_word' id='word_1_36' title='bbox 1936 640 2186 704; x_wconf 81' lang='lat' dir='ltr'>aterminatione</span> 
     </span>
     <span class='ocr_line' id='line_1_5' title="bbox 179 719 2185 807; baseline 0.002 -22"><span class='ocrx_word' id='word_1_37' title='bbox 179 721 371 803; x_wconf 81' lang='lat' dir='ltr'>aspiramus.</span> <span class='ocrx_word' id='word_1_38' title='bbox 427 720 481 785; x_wconf 89' lang='lat' dir='ltr'>Ad</span> <span class='ocrx_word' id='word_1_39' title='bbox 508 721 661 800; x_wconf 90' lang='lat' dir='ltr'>verbum,</span> <span class='ocrx_word' id='word_1_40' title='bbox 690 721 841 802; x_wconf 90' lang='lat' dir='ltr'>inquam,</span> <span class='ocrx_word' id='word_1_41' title='bbox 869 728 919 784; x_wconf 90' lang='lat' dir='ltr'>est</span> <span class='ocrx_word' id='word_1_42' title='bbox 945 719 1153 797; x_wconf 90' lang='lat' dir='ltr'>veniendum,</span> <span class='ocrx_word' id='word_1_43' title='bbox 1206 728 1239 785; x_wconf 92' lang='lat' dir='ltr'>et</span> <span class='ocrx_word' id='word_1_44' title='bbox 1261 742 1344 804; x_wconf 89' lang='lat' dir='ltr'>quae</span> <span class='ocrx_word' id='word_1_45' title='bbox 1366 722 1548 803; x_wconf 72' lang='lat' dir='ltr'>scriptruae</span> <span class='ocrx_word' id='word_1_46' title='bbox 1572 723 1756 788; x_wconf 88' lang='lat' dir='ltr'>reverentia</span> <span class='ocrx_word' id='word_1_47' title='bbox 1778 722 1949 800; x_wconf 72' lang='lat' dir='ltr'>debeatur,</span> <span class='ocrx_word' id='word_1_48' title='bbox 1978 731 2011 789; x_wconf 89' lang='lat' dir='ltr'>et</span> <span class='ocrx_word' id='word_1_49' title='bbox 2033 725 2090 807; x_wconf 87' lang='lat' dir='ltr'>qui</span> <span class='ocrx_word' id='word_1_50' title='bbox 2111 725 2185 790; x_wconf 88' lang='lat' dir='ltr'>libri</span> 
     </span>
     <span class='ocr_line' id='line_1_6' title="bbox 178 804 2185 894; baseline 0.002 -23"><span class='ocrx_word' id='word_1_51' title='bbox 178 806 235 871; x_wconf 92' lang='lat' dir='ltr'>ubi</span> <span class='ocrx_word' id='word_1_52' title='bbox 256 806 370 889; x_wconf 92' lang='lat' dir='ltr'>probe,</span> <span class='ocrx_word' id='word_1_53' title='bbox 400 806 497 871; x_wconf 89' lang='lat' dir='ltr'>etad</span> <span class='ocrx_word' id='word_1_54' title='bbox 518 808 646 884; x_wconf 90' lang='lat' dir='ltr'>vivum,</span> <span class='ocrx_word' id='word_1_55' title='bbox 669 806 762 870; x_wconf 89' lang='lat' dir='ltr'>nobis</span> <span class='ocrx_word' id='word_1_56' title='bbox 791 828 810 870; x_wconf 86' lang='lat' dir='ltr'>a</span> <span class='ocrx_word' id='word_1_57' title='bbox 837 807 905 870; x_wconf 90' lang='lat' dir='ltr'>suis</span> <span class='ocrx_word' id='word_1_58' title='bbox 924 807 1075 888; x_wconf 89' lang='lat' dir='ltr'>operibus</span> <span class='ocrx_word' id='word_1_59' title='bbox 1098 804 1155 869; x_wconf 92' lang='lat' dir='ltr'>de-</span> <span class='ocrx_word' id='word_1_60' title='bbox 1206 808 1241 871; x_wconf 89' lang='lat' dir='ltr'>in</span> <span class='ocrx_word' id='word_1_61' title='bbox 1263 808 1333 871; x_wconf 90' lang='lat' dir='ltr'>eius</span> <span class='ocrx_word' id='word_1_62' title='bbox 1361 807 1508 892; x_wconf 86' lang='lat' dir='ltr'>catalogo</span> <span class='ocrx_word' id='word_1_63' title='bbox 1530 808 1684 873; x_wconf 90' lang='lat' dir='ltr'>censendi</span> <span class='ocrx_word' id='word_1_64' title='bbox 1711 810 1785 873; x_wconf 87' lang='lat' dir='ltr'>sint</span> <span class='ocrx_word' id='word_1_65' title='bbox 1830 809 1884 874; x_wconf 90' lang='lat' dir='ltr'>Ita</span> <span class='ocrx_word' id='word_1_66' title='bbox 1904 809 2057 894; x_wconf 77' lang='lat' dir='ltr'><strong>sacrilegi</strong></span> <span class='ocrx_word' id='word_1_67' title='bbox 2080 810 2185 875; x_wconf 92' lang='lat' dir='ltr'>homi·</span> 
     </span>
     <span class='ocr_line' id='line_1_7' title="bbox 179 891 2185 976; baseline 0.002 -19"><span class='ocrx_word' id='word_1_68' title='bbox 179 893 335 958; x_wconf 81' lang='lat' dir='ltr'>scribitur</span> <span class='ocrx_word' id='word_1_69' title='bbox 355 892 461 957; x_wconf 91' lang='lat' dir='ltr'>Deus:</span> <span class='ocrx_word' id='word_1_70' title='bbox 490 892 569 957; x_wconf 90' lang='lat' dir='ltr'>dum</span> <span class='ocrx_word' id='word_1_71' title='bbox 590 913 688 975; x_wconf 91' lang='lat' dir='ltr'>opera</span> <span class='ocrx_word' id='word_1_72' title='bbox 715 892 786 973; x_wconf 89' lang='lat' dir='ltr'>ipsa</span> <span class='ocrx_word' id='word_1_73' title='bbox 813 912 880 955; x_wconf 89' lang='lat' dir='ltr'>nou</span> <span class='ocrx_word' id='word_1_74' title='bbox 900 912 942 955; x_wconf 92' lang='lat' dir='ltr'>ex</span> <span class='ocrx_word' id='word_1_75' title='bbox 964 891 1075 956; x_wconf 91' lang='lat' dir='ltr'>iudicii</span> <span class='ocrx_word' id='word_1_76' title='bbox 1095 912 1155 956; x_wconf 91' lang='lat' dir='ltr'>no-</span> <span class='ocrx_word' id='word_1_77' title='bbox 1206 914 1280 970; x_wconf 91' lang='lat' dir='ltr'>nes,</span> <span class='ocrx_word' id='word_1_78' title='bbox 1310 891 1389 956; x_wconf 93' lang='lat' dir='ltr'>dum</span> <span class='ocrx_word' id='word_1_79' title='bbox 1416 893 1476 958; x_wconf 89' lang='lat' dir='ltr'>sub</span> <span class='ocrx_word' id='word_1_80' title='bbox 1505 894 1659 960; x_wconf 87' lang='lat' dir='ltr'>ecclesiae</span> <span class='ocrx_word' id='word_1_81' title='bbox 1686 902 1859 976; x_wconf 88' lang='lat' dir='ltr'>praetextu</span> <span class='ocrx_word' id='word_1_82' title='bbox 1887 895 2003 960; x_wconf 90' lang='lat' dir='ltr'>volunt</span> <span class='ocrx_word' id='word_1_83' title='bbox 2025 896 2185 961; x_wconf 85' lang='lat' dir='ltr'>effraena-</span> 
     </span>
     <span class='ocr_line' id='line_1_8' title="bbox 179 977 2185 1064; baseline 0.001 -22"><span class='ocrx_word' id='word_1_84' title='bbox 179 979 241 1042; x_wconf 87' lang='lat' dir='ltr'>stri</span> <span class='ocrx_word' id='word_1_85' title='bbox 267 980 444 1060; x_wconf 71' lang='lat' dir='ltr'><strong>pravitate,</strong></span> <span class='ocrx_word' id='word_1_86' title='bbox 474 978 531 1043; x_wconf 91' lang='lat' dir='ltr'>sed</span> <span class='ocrx_word' id='word_1_87' title='bbox 559 987 710 1043; x_wconf 74' lang='lat' dir='ltr'>aeternae</span> <span class='ocrx_word' id='word_1_88' title='bbox 737 978 885 1043; x_wconf 89' lang='lat' dir='ltr'>veritatis</span> <span class='ocrx_word' id='word_1_89' title='bbox 913 977 1029 1060; x_wconf 83' lang='lat' dir='ltr'>regula</span> <span class='ocrx_word' id='word_1_90' title='bbox 1056 978 1154 1058; x_wconf 71' lang='lat' dir='ltr'>aesti7</span> <span class='ocrx_word' id='word_1_91' title='bbox 1206 985 1275 1042; x_wconf 87' lang='lat' dir='ltr'>tam</span> <span class='ocrx_word' id='word_1_92' title='bbox 1296 978 1507 1063; x_wconf 77' lang='lat' dir='ltr'>tyrannidem</span> <span class='ocrx_word' id='word_1_93' title='bbox 1527 980 1691 1059; x_wconf 79' lang='lat' dir='ltr'>invehere,</span> <span class='ocrx_word' id='word_1_94' title='bbox 1714 980 1810 1044; x_wconf 90' lang='lat' dir='ltr'>nihili</span> <span class='ocrx_word' id='word_1_95' title='bbox 1827 988 1946 1045; x_wconf 89' lang='lat' dir='ltr'>curant</span> <span class='ocrx_word' id='word_1_96' title='bbox 1965 982 2083 1064; x_wconf 91' lang='lat' dir='ltr'>quibus</span> <span class='ocrx_word' id='word_1_97' title='bbox 2101 1003 2136 1046; x_wconf 88' lang='lat' dir='ltr'>sc</span> <span class='ocrx_word' id='word_1_98' title='bbox 2154 994 2185 1046; x_wconf 85' lang='lat' dir='ltr'>et</span> 
     </span>
     <span class='ocr_line' id='line_1_9' title="bbox 177 1063 2186 1148; baseline 0.002 -20"><span class='ocrx_word' id='word_1_99' title='bbox 177 1072 320 1128; x_wconf 69' lang='lat' dir='ltr'>mantua</span> <span class='ocrx_word' id='word_1_100' title='bbox 372 1064 426 1128; x_wconf 85' lang='lat' dir='ltr'>Ab</span> <span class='ocrx_word' id='word_1_101' title='bbox 454 1085 493 1128; x_wconf 94' lang='lat' dir='ltr'>eo</span> <span class='ocrx_word' id='word_1_102' title='bbox 521 1066 549 1130; x_wconf 92' lang='lat' dir='ltr'>si</span> <span class='ocrx_word' id='word_1_103' title='bbox 578 1063 792 1141; x_wconf 90' lang='lat' dir='ltr'>deflectimus,</span> <span class='ocrx_word' id='word_1_104' title='bbox 820 1063 999 1144; x_wconf 88' lang='lat' dir='ltr'>quamhbet</span> <span class='ocrx_word' id='word_1_105' title='bbox 1020 1071 1154 1128; x_wconf 87' lang='lat' dir='ltr'>strenua</span> <span class='ocrx_word' id='word_1_106' title='bbox 1207 1064 1287 1129; x_wconf 88' lang='lat' dir='ltr'>ahos</span> <span class='ocrx_word' id='word_1_107' title='bbox 1310 1064 1564 1130; x_wconf 77' lang='lat' dir='ltr'>absurditatibus</span> <span class='ocrx_word' id='word_1_108' title='bbox 1586 1065 1777 1148; x_wconf 77' lang='lat' dir='ltr'>illaqueent,</span> <span class='ocrx_word' id='word_1_109' title='bbox 1801 1065 1896 1130; x_wconf 90' lang='lat' dir='ltr'>modo</span> <span class='ocrx_word' id='word_1_110' title='bbox 1918 1065 1981 1131; x_wconf 92' lang='lat' dir='ltr'>hoc</span> <span class='ocrx_word' id='word_1_111' title='bbox 2002 1089 2107 1132; x_wconf 86' lang='lat' dir='ltr'>unmn</span> <span class='ocrx_word' id='word_1_112' title='bbox 2128 1088 2186 1133; x_wconf 88' lang='lat' dir='ltr'>ex·</span> 
     </span>
     <span class='ocr_line' id='line_1_10' title="bbox 177 1149 2183 1236; baseline 0.001 -22"><span class='ocrx_word' id='word_1_113' title='bbox 177 1150 343 1214; x_wconf 82' lang='lat' dir='ltr'>enitamur</span> <span class='ocrx_word' id='word_1_114' title='bbox 370 1149 551 1229; x_wconf 89' lang='lat' dir='ltr'>celeritate,</span> <span class='ocrx_word' id='word_1_115' title='bbox 580 1151 656 1232; x_wconf 89' lang='lat' dir='ltr'>quia</span> <span class='ocrx_word' id='word_1_116' title='bbox 681 1157 792 1214; x_wconf 92' lang='lat' dir='ltr'>tamen</span> <span class='ocrx_word' id='word_1_117' title='bbox 813 1156 908 1212; x_wconf 86' lang='lat' dir='ltr'>extra</span> <span class='ocrx_word' id='word_1_118' title='bbox 929 1150 1018 1214; x_wconf 90' lang='lat' dir='ltr'>viam</span> <span class='ocrx_word' id='word_1_119' title='bbox 1039 1170 1154 1215; x_wconf 89' lang='lat' dir='ltr'>cursus</span> <span class='ocrx_word' id='word_1_120' title='bbox 1206 1158 1380 1232; x_wconf 91' lang='lat' dir='ltr'>torqueant</span> <span class='ocrx_word' id='word_1_121' title='bbox 1402 1149 1489 1232; x_wconf 92' lang='lat' dir='ltr'>apud</span> <span class='ocrx_word' id='word_1_122' title='bbox 1510 1151 1681 1233; x_wconf 90' lang='lat' dir='ltr'>simplices,</span> <span class='ocrx_word' id='word_1_123' title='bbox 1705 1151 1877 1217; x_wconf 85' lang='lat' dir='ltr'>ecclesiam</span> <span class='ocrx_word' id='word_1_124' title='bbox 1895 1151 1979 1216; x_wconf 91' lang='lat' dir='ltr'>nihil</span> <span class='ocrx_word' id='word_1_125' title='bbox 1997 1174 2063 1217; x_wconf 89' lang='lat' dir='ltr'>non</span> <span class='ocrx_word' id='word_1_126' title='bbox 2081 1174 2183 1236; x_wconf 88' lang='lat' dir='ltr'>posse.</span> 
     </span>
     <span class='ocr_line' id='line_1_11' title="bbox 179 1232 2185 1319; baseline 0.002 -19"><span class='ocrx_word' id='word_1_127' title='bbox 179 1236 257 1312; x_wconf 89' lang='lat' dir='ltr'>erit,</span> <span class='ocrx_word' id='word_1_128' title='bbox 283 1257 451 1317; x_wconf 91' lang='lat' dir='ltr'>nunquam</span> <span class='ocrx_word' id='word_1_129' title='bbox 477 1236 518 1301; x_wconf 86' lang='lat' dir='ltr'>ad</span> <span class='ocrx_word' id='word_1_130' title='bbox 546 1244 668 1300; x_wconf 89' lang='lat' dir='ltr'>metam</span> <span class='ocrx_word' id='word_1_131' title='bbox 699 1236 931 1318; x_wconf 83' lang='lat' dir='ltr'>pertingemus.</span> <span class='ocrx_word' id='word_1_132' title='bbox 981 1232 1038 1301; x_wconf 83' lang='lat' dir='ltr'>Sic</span> <span class='ocrx_word' id='word_1_133' title='bbox 1065 1236 1154 1299; x_wconf 91' lang='lat' dir='ltr'>enim</span> <span class='ocrx_word' id='word_1_134' title='bbox 1205 1235 1308 1319; x_wconf 84' lang='lat' dir='ltr'>Atqui</span> <span class='ocrx_word' id='word_1_135' title='bbox 1329 1237 1357 1300; x_wconf 91' lang='lat' dir='ltr'>si</span> <span class='ocrx_word' id='word_1_136' title='bbox 1384 1237 1432 1300; x_wconf 87' lang='lat' dir='ltr'>ita</span> <span class='ocrx_word' id='word_1_137' title='bbox 1455 1243 1519 1316; x_wconf 91' lang='lat' dir='ltr'>cst,</span> <span class='ocrx_word' id='word_1_138' title='bbox 1547 1236 1626 1319; x_wconf 94' lang='lat' dir='ltr'>quid</span> <span class='ocrx_word' id='word_1_139' title='bbox 1653 1238 1781 1302; x_wconf 90' lang='lat' dir='ltr'>miseris</span> <span class='ocrx_word' id='word_1_140' title='bbox 1802 1238 2008 1302; x_wconf 90' lang='lat' dir='ltr'>conscientiis</span> <span class='ocrx_word' id='word_1_141' title='bbox 2030 1240 2088 1303; x_wconf 87' lang='lat' dir='ltr'>fiet</span> <span class='ocrx_word' id='word_1_142' title='bbox 2108 1239 2185 1304; x_wconf 89' lang='lat' dir='ltr'>soli·</span> 
     </span>
     <span class='ocr_line' id='line_1_12' title="bbox 179 1320 2184 1407; baseline 0.002 -22"><span class='ocrx_word' id='word_1_143' title='bbox 179 1320 388 1407; x_wconf 75' lang='lat' dir='ltr'>cogitandum</span> <span class='ocrx_word' id='word_1_144' title='bbox 421 1329 483 1386; x_wconf 91' lang='lat' dir='ltr'>est:</span> <span class='ocrx_word' id='word_1_145' title='bbox 517 1321 677 1405; x_wconf 83' lang='lat' dir='ltr'>fulgorem</span> <span class='ocrx_word' id='word_1_146' title='bbox 704 1320 807 1386; x_wconf 87' lang='lat' dir='ltr'>divini</span> <span class='ocrx_word' id='word_1_147' title='bbox 838 1320 963 1397; x_wconf 90' lang='lat' dir='ltr'>vultus,</span> <span class='ocrx_word' id='word_1_148' title='bbox 996 1341 1094 1402; x_wconf 91' lang='lat' dir='ltr'>quem</span> <span class='ocrx_word' id='word_1_149' title='bbox 1121 1328 1155 1385; x_wconf 91' lang='lat' dir='ltr'>et</span> <span class='ocrx_word' id='word_1_150' title='bbox 1206 1320 1282 1385; x_wconf 91' lang='lat' dir='ltr'>dam</span> <span class='ocrx_word' id='word_1_151' title='bbox 1299 1322 1386 1386; x_wconf 90' lang='lat' dir='ltr'>vitae</span> <span class='ocrx_word' id='word_1_152' title='bbox 1403 1328 1554 1386; x_wconf 89' lang='lat' dir='ltr'>aeternae</span> <span class='ocrx_word' id='word_1_153' title='bbox 1566 1324 1774 1389; x_wconf 80' lang='lat' dir='ltr'>securitatem</span> <span class='ocrx_word' id='word_1_154' title='bbox 1785 1324 2026 1406; x_wconf 90' lang='lat' dir='ltr'>quaerentibus,</span> <span class='ocrx_word' id='word_1_155' title='bbox 2047 1325 2075 1389; x_wconf 86' lang='lat' dir='ltr'>si</span> <span class='ocrx_word' id='word_1_156' title='bbox 2086 1345 2184 1407; x_wconf 87' lang='lat' dir='ltr'>quae-</span> 
     </span>
     <span class='ocr_line' id='line_1_13' title="bbox 178 1405 2185 1491; baseline 0.002 -20"><span class='ocrx_word' id='word_1_157' title='bbox 178 1407 343 1489; x_wconf 90' lang='lat' dir='ltr'>apostolus</span> <span class='ocrx_word' id='word_1_158' title='bbox 362 1408 564 1473; x_wconf 89' lang='lat' dir='ltr'>inaccessum</span> <span class='ocrx_word' id='word_1_159' title='bbox 586 1414 680 1472; x_wconf 89' lang='lat' dir='ltr'>vocat</span> <span class='ocrx_word' id='word_1_160' title='bbox 702 1406 735 1491; x_wconf 94' lang='lat' dir='ltr'>(l</span> <span class='ocrx_word' id='word_1_161' title='bbox 756 1406 839 1471; x_wconf 74' lang='lat' dir='ltr'>&#39;lim</span> <span class='ocrx_word' id='word_1_162' title='bbox 860 1409 888 1483; x_wconf 90' lang='grc'>6,</span> <span class='ocrx_word' id='word_1_163' title='bbox 911 1405 976 1489; x_wconf 90' lang='grc'>16),</span> <span class='ocrx_word' id='word_1_164' title='bbox 1000 1427 1072 1482; x_wconf 84' lang='lat' dir='ltr'>esse</span> <span class='ocrx_word' id='word_1_165' title='bbox 1092 1427 1151 1471; x_wconf 91' lang='lat' dir='ltr'>no·</span> <span class='ocrx_word' id='word_1_166' title='bbox 1205 1428 1333 1489; x_wconf 91' lang='lat' dir='ltr'>cunque</span> <span class='ocrx_word' id='word_1_167' title='bbox 1355 1407 1539 1473; x_wconf 88' lang='lat' dir='ltr'>exstantde</span> <span class='ocrx_word' id='word_1_168' title='bbox 1555 1429 1595 1472; x_wconf 91' lang='lat' dir='ltr'>ea</span> <span class='ocrx_word' id='word_1_169' title='bbox 1613 1409 1843 1491; x_wconf 81' lang='lat' dir='ltr'>promissiones</span> <span class='ocrx_word' id='word_1_170' title='bbox 1860 1408 1928 1473; x_wconf 91' lang='lat' dir='ltr'>solo</span> <span class='ocrx_word' id='word_1_171' title='bbox 1946 1409 2117 1474; x_wconf 91' lang='lat' dir='ltr'>hominum</span> <span class='ocrx_word' id='word_1_172' title='bbox 2135 1410 2185 1476; x_wconf 90' lang='lat' dir='ltr'>iu·</span> 
     </span>
     <span class='ocr_line' id='line_1_14' title="bbox 178 1492 2184 1578; baseline 0.002 -20"><span class='ocrx_word' id='word_1_173' title='bbox 178 1493 228 1558; x_wconf 90' lang='lat' dir='ltr'>bis</span> <span class='ocrx_word' id='word_1_174' title='bbox 249 1494 354 1558; x_wconf 86' lang='lat' dir='ltr'>instar</span> <span class='ocrx_word' id='word_1_175' title='bbox 380 1493 617 1576; x_wconf 86' lang='lat' dir='ltr'>inexplicabilis</span> <span class='ocrx_word' id='word_1_176' title='bbox 644 1492 839 1577; x_wconf 83' lang='lat' dir='ltr'>labyrinthi,</span> <span class='ocrx_word' id='word_1_177' title='bbox 867 1492 931 1555; x_wconf 91' lang='lat' dir='ltr'>nisi</span> <span class='ocrx_word' id='word_1_178' title='bbox 952 1493 1044 1557; x_wconf 92' lang='lat' dir='ltr'>verbi</span> <span class='ocrx_word' id='word_1_179' title='bbox 1065 1492 1153 1556; x_wconf 87' lang='lat' dir='ltr'>linea</span> <span class='ocrx_word' id='word_1_180' title='bbox 1205 1492 1287 1558; x_wconf 92' lang='lat' dir='ltr'>dicio</span> <span class='ocrx_word' id='word_1_181' title='bbox 1316 1492 1417 1558; x_wconf 80' lang='lat' dir='ltr'>hiltae</span> <span class='ocrx_word' id='word_1_182' title='bbox 1443 1493 1644 1559; x_wconf 81' lang='lat' dir='ltr'>consistant?</span> <span class='ocrx_word' id='word_1_183' title='bbox 1696 1495 1753 1559; x_wconf 84' lang='lat' dir='ltr'>Aa</span> <span class='ocrx_word' id='word_1_184' title='bbox 1781 1503 1912 1577; x_wconf 92' lang='lat' dir='ltr'>accepto</span> <span class='ocrx_word' id='word_1_185' title='bbox 1941 1495 2000 1559; x_wconf 87' lang='lat' dir='ltr'>tali</span> <span class='ocrx_word' id='word_1_186' title='bbox 2029 1516 2184 1578; x_wconf 90' lang='lat' dir='ltr'>responso</span> 
     </span>
     <span class='ocr_line' id='line_1_15' title="bbox 176 1577 2181 1664; baseline 0.003 -22"><span class='ocrx_word' id='word_1_187' title='bbox 176 1579 211 1642; x_wconf 95' lang='lat' dir='ltr'>in</span> <span class='ocrx_word' id='word_1_188' title='bbox 232 1580 342 1661; x_wconf 88' lang='lat' dir='ltr'>ipsum</span> <span class='ocrx_word' id='word_1_189' title='bbox 363 1578 553 1663; x_wconf 84' lang='lat' dir='ltr'>dirigamur.</span> <span class='ocrx_word' id='word_1_190' title='bbox 591 1578 639 1645; x_wconf 89' lang='lat' dir='ltr'>Ut</span> <span class='ocrx_word' id='word_1_191' title='bbox 659 1580 761 1643; x_wconf 89' lang='lat' dir='ltr'>satius</span> <span class='ocrx_word' id='word_1_192' title='bbox 783 1578 881 1642; x_wconf 91' lang='lat' dir='ltr'>sitin</span> <span class='ocrx_word' id='word_1_193' title='bbox 903 1577 965 1643; x_wconf 87' lang='lat' dir='ltr'>hac</span> <span class='ocrx_word' id='word_1_194' title='bbox 986 1579 1042 1642; x_wconf 88' lang='lat' dir='ltr'>via</span> <span class='ocrx_word' id='word_1_195' title='bbox 1062 1577 1151 1643; x_wconf 89' lang='lat' dir='ltr'>clau·</span> <span class='ocrx_word' id='word_1_196' title='bbox 1203 1580 1356 1644; x_wconf 89' lang='lat' dir='ltr'>fluctuari</span> <span class='ocrx_word' id='word_1_197' title='bbox 1388 1593 1421 1643; x_wconf 90' lang='lat' dir='ltr'>ct</span> <span class='ocrx_word' id='word_1_198' title='bbox 1455 1579 1618 1662; x_wconf 87' lang='lat' dir='ltr'>trepidare</span> <span class='ocrx_word' id='word_1_199' title='bbox 1645 1578 1818 1644; x_wconf 86' lang='lat' dir='ltr'>desinent?</span> <span class='ocrx_word' id='word_1_200' title='bbox 1868 1580 2031 1660; x_wconf 85' lang='lat' dir='ltr'>Rursum,</span> <span class='ocrx_word' id='word_1_201' title='bbox 2047 1582 2181 1664; x_wconf 86' lang='lat' dir='ltr'>-quibus</span> 
     </span>
     <span class='ocr_line' id='line_1_16' title="bbox 175 1663 2181 1749; baseline 0.002 -21"><span class='ocrx_word' id='word_1_202' title='bbox 175 1663 293 1741; x_wconf 88' lang='lat' dir='ltr'>dicare,</span> <span class='ocrx_word' id='word_1_203' title='bbox 316 1686 416 1747; x_wconf 90' lang='lat' dir='ltr'>quam</span> <span class='ocrx_word' id='word_1_204' title='bbox 437 1673 532 1730; x_wconf 86' lang='lat' dir='ltr'>extra</span> <span class='ocrx_word' id='word_1_205' title='bbox 553 1686 627 1729; x_wconf 91' lang='lat' dir='ltr'>eam</span> <span class='ocrx_word' id='word_1_206' title='bbox 648 1664 816 1730; x_wconf 90' lang='lat' dir='ltr'>celerrime</span> <span class='ocrx_word' id='word_1_207' title='bbox 833 1684 974 1728; x_wconf 90' lang='lat' dir='ltr'>currere.</span> <span class='ocrx_word' id='word_1_208' title='bbox 1007 1663 1151 1729; x_wconf 87' lang='lat' dir='ltr'>Proinde</span> <span class='ocrx_word' id='word_1_209' title='bbox 1203 1664 1378 1747; x_wconf 88' lang='lat' dir='ltr'>impiorum</span> <span class='ocrx_word' id='word_1_210' title='bbox 1406 1666 1518 1730; x_wconf 89' lang='lat' dir='ltr'>sannis</span> <span class='ocrx_word' id='word_1_211' title='bbox 1550 1665 1720 1731; x_wconf 89' lang='lat' dir='ltr'>subiicitur</span> <span class='ocrx_word' id='word_1_212' title='bbox 1746 1665 1828 1730; x_wconf 87' lang='lat' dir='ltr'>fides</span> <span class='ocrx_word' id='word_1_213' title='bbox 1857 1666 1989 1732; x_wconf 84' lang='lat' dir='ltr'>nostra?</span> <span class='ocrx_word' id='word_1_214' title='bbox 2024 1676 2181 1749; x_wconf 89' lang='lat' dir='ltr'>quantam</span> 
     </span>
     <span class='ocr_line' id='line_1_17' title="bbox 174 1749 2180 1835; baseline 0.001 -21"><span class='ocrx_word' id='word_1_215' title='bbox 174 1749 294 1826; x_wconf 90' lang='lat' dir='ltr'>David,</span> <span class='ocrx_word' id='word_1_216' title='bbox 313 1751 369 1815; x_wconf 91' lang='lat' dir='ltr'>ubi</span> <span class='ocrx_word' id='word_1_217' title='bbox 386 1751 653 1816; x_wconf 87' lang='lat' dir='ltr'>commemoravit</span> <span class='ocrx_word' id='word_1_218' title='bbox 671 1749 810 1833; x_wconf 84' lang='lat' dir='ltr'>gloriam</span> <span class='ocrx_word' id='word_1_219' title='bbox 820 1749 886 1813; x_wconf 93' lang='lat' dir='ltr'>Dei</span> <span class='ocrx_word' id='word_1_220' title='bbox 903 1772 923 1813; x_wconf 90' lang='lat' dir='ltr'>a</span> <span class='ocrx_word' id='word_1_221' title='bbox 940 1749 1038 1815; x_wconf 89' lang='lat' dir='ltr'>coelis</span> <span class='ocrx_word' id='word_1_222' title='bbox 1055 1770 1150 1814; x_wconf 89' lang='lat' dir='ltr'>euar-</span> <span class='ocrx_word' id='word_1_223' title='bbox 1203 1749 1291 1833; x_wconf 90' lang='lat' dir='ltr'>apud</span> <span class='ocrx_word' id='word_1_224' title='bbox 1323 1771 1436 1816; x_wconf 86' lang='lat' dir='ltr'>ornnes</span> <span class='ocrx_word' id='word_1_225' title='bbox 1468 1751 1503 1815; x_wconf 87' lang='lat' dir='ltr'>in</span> <span class='ocrx_word' id='word_1_226' title='bbox 1535 1752 1752 1835; x_wconf 90' lang='lat' dir='ltr'>suspicionem</span> <span class='ocrx_word' id='word_1_227' title='bbox 1778 1759 1929 1829; x_wconf 90' lang='lat' dir='ltr'>vocatur,</span> <span class='ocrx_word' id='word_1_228' title='bbox 1963 1753 1992 1817; x_wconf 93' lang='lat' dir='ltr'>si</span> <span class='ocrx_word' id='word_1_229' title='bbox 2018 1752 2180 1832; x_wconf 89' lang='lat' dir='ltr'>credatur,</span> 
     </span>
     <span class='ocr_line' id='line_1_18' title="bbox 173 1835 2181 1921; baseline 0.002 -21"><span class='ocrx_word' id='word_1_230' title='bbox 173 1837 239 1900; x_wconf 90' lang='lat' dir='ltr'>rari</span> <span class='ocrx_word' id='word_1_231' title='bbox 253 1836 356 1920; x_wconf 82' lang='lat' dir='ltr'>(Psal.</span> <span class='ocrx_word' id='word_1_232' title='bbox 373 1841 420 1915; x_wconf 88' lang='lat'>19,</span> <span class='ocrx_word' id='word_1_233' title='bbox 434 1835 526 1921; x_wconf 82' lang='lat' dir='ltr'>les),</span> <span class='ocrx_word' id='word_1_234' title='bbox 550 1857 649 1919; x_wconf 92' lang='lat' dir='ltr'>opera</span> <span class='ocrx_word' id='word_1_235' title='bbox 658 1835 1149 1900; x_wconf 71' lang='lat' dir='ltr'>manuumicnuntiariafirma·</span> <span class='ocrx_word' id='word_1_236' title='bbox 1203 1836 1374 1901; x_wconf 89' lang='lat' dir='ltr'>hominum</span> <span class='ocrx_word' id='word_1_237' title='bbox 1395 1836 1567 1916; x_wconf 87' lang='lat' dir='ltr'>beneficio,</span> <span class='ocrx_word' id='word_1_238' title='bbox 1594 1859 1660 1903; x_wconf 90' lang='lat' dir='ltr'>non</span> <span class='ocrx_word' id='word_1_239' title='bbox 1683 1858 1776 1904; x_wconf 91' lang='lat' dir='ltr'>secus</span> <span class='ocrx_word' id='word_1_240' title='bbox 1797 1858 1835 1902; x_wconf 86' lang='lat' dir='ltr'>ae</span> <span class='ocrx_word' id='word_1_241' title='bbox 1856 1838 2038 1920; x_wconf 90' lang='lat' dir='ltr'>precariam</span> <span class='ocrx_word' id='word_1_242' title='bbox 2060 1839 2181 1904; x_wconf 91' lang='lat' dir='ltr'>hahere</span> 
     </span>
     <span class='ocr_line' id='line_1_19' title="bbox 173 1921 1433 2004; baseline -0.002 -18"><span class='ocrx_word' id='word_1_243' title='bbox 173 1931 299 2000; x_wconf 87' lang='lat' dir='ltr'>mento,</span> <span class='ocrx_word' id='word_1_244' title='bbox 327 1923 368 1987; x_wconf 90' lang='lat' dir='ltr'>ab</span> <span class='ocrx_word' id='word_1_245' title='bbox 395 1922 544 1987; x_wconf 90' lang='lat' dir='ltr'>ordinata</span> <span class='ocrx_word' id='word_1_246' title='bbox 566 1921 693 1987; x_wconf 92' lang='lat' dir='ltr'>dierum</span> <span class='ocrx_word' id='word_1_247' title='bbox 715 1922 923 2004; x_wconf 90' lang='lat' dir='ltr'>noctiumque</span> <span class='ocrx_word' id='word_1_248' title='bbox 944 1921 1028 1986; x_wconf 86' lang='lat' dir='ltr'>serie</span> <span class='ocrx_word' id='word_1_249' title='bbox 1049 1921 1150 1986; x_wconf 90' lang='lat' dir='ltr'>maie·</span> <span class='ocrx_word' id='word_1_250' title='bbox 1203 1921 1433 1987; x_wconf 80' lang='lat' dir='ltr'>autoritatem?</span> 
     </span>
     <span class='ocr_line' id='line_1_20' title="bbox 171 2004 2181 2093; baseline 0.001 -21"><span class='ocrx_word' id='word_1_251' title='bbox 171 2014 291 2072; x_wconf 89' lang='lat' dir='ltr'>statem</span> <span class='ocrx_word' id='word_1_252' title='bbox 313 2010 383 2073; x_wconf 90' lang='lat' dir='ltr'>eius</span> <span class='ocrx_word' id='word_1_253' title='bbox 404 2008 600 2091; x_wconf 89' lang='lat' dir='ltr'>praedicari,</span> <span class='ocrx_word' id='word_1_254' title='bbox 628 2006 745 2072; x_wconf 91' lang='lat' dir='ltr'>deinde</span> <span class='ocrx_word' id='word_1_255' title='bbox 768 2006 810 2070; x_wconf 88' lang='lat' dir='ltr'>ad</span> <span class='ocrx_word' id='word_1_256' title='bbox 831 2007 937 2077; x_wconf 77' lang='lat' dir='ltr'>verbi,</span> <span class='ocrx_word' id='word_1_257' title='bbox 951 2008 1151 2071; x_wconf 88' lang='lat' dir='ltr'>mentionem</span> <span class='ocrx_word' id='word_1_258' title='bbox 1291 2011 1341 2072; x_wconf 86' lang='lat'>22.</span> <span class='ocrx_word' id='word_1_259' title='bbox 1387 2004 1455 2072; x_wconf 80' lang='lat' dir='ltr'>Sed</span> <span class='ocrx_word' id='word_1_260' title='bbox 1477 2008 1635 2073; x_wconf 82' lang='lat' dir='ltr'>cimmodi</span> <span class='ocrx_word' id='word_1_261' title='bbox 1662 2017 1853 2093; x_wconf 78' lang='lat' dir='ltr'>nugatores,</span> <span class='ocrx_word' id='word_1_262' title='bbox 1881 2008 1935 2073; x_wconf 93' lang='lat' dir='ltr'>vcl</span> <span class='ocrx_word' id='word_1_263' title='bbox 1957 2030 2022 2073; x_wconf 93' lang='lat' dir='ltr'>uno</span> <span class='ocrx_word' id='word_1_264' title='bbox 2045 2009 2181 2092; x_wconf 91' lang='lat' dir='ltr'>apostoli</span> 
     </span>
     <span class='ocr_line' id='line_1_21' title="bbox 172 2092 2183 2176; baseline 0.001 -18"><span class='ocrx_word' id='word_1_265' title='bbox 172 2093 353 2159; x_wconf 88' lang='lat' dir='ltr'>descendit:</span> <span class='ocrx_word' id='word_1_266' title='bbox 376 2095 446 2172; x_wconf 91' lang='lat' dir='ltr'>lex,</span> <span class='ocrx_word' id='word_1_267' title='bbox 470 2095 589 2176; x_wconf 91' lang='lat' dir='ltr'>inquit,</span> <span class='ocrx_word' id='word_1_268' title='bbox 612 2093 747 2158; x_wconf 91' lang='lat' dir='ltr'>Domini</span> <span class='ocrx_word' id='word_1_269' title='bbox 769 2092 987 2171; x_wconf 89' lang='lat' dir='ltr'>immaculata,</span> <span class='ocrx_word' id='word_1_270' title='bbox 1015 2114 1151 2159; x_wconf 91' lang='lat' dir='ltr'>conver·</span> <span class='ocrx_word' id='word_1_271' title='bbox 1203 2094 1302 2159; x_wconf 92' lang='lat' dir='ltr'>verbo</span> <span class='ocrx_word' id='word_1_272' title='bbox 1331 2093 1468 2176; x_wconf 93' lang='lat' dir='ltr'>pulchre</span> <span class='ocrx_word' id='word_1_273' title='bbox 1496 2093 1698 2159; x_wconf 86' lang='lat' dir='ltr'>refelluntur.</span> <span class='ocrx_word' id='word_1_274' title='bbox 1747 2094 1931 2160; x_wconf 80' lang='lat' dir='ltr'>Ecclesiam</span> <span class='ocrx_word' id='word_1_275' title='bbox 1958 2093 2013 2159; x_wconf 91' lang='lat' dir='ltr'>ille</span> <span class='ocrx_word' id='word_1_276' title='bbox 2042 2102 2183 2160; x_wconf 90' lang='lat' dir='ltr'>testatur</span> 
     </span>
     <span class='ocr_line' id='line_1_22' title="bbox 172 2174 2182 2264; baseline 0.001 -20"><span class='ocrx_word' id='word_1_277' title='bbox 172 2185 246 2244; x_wconf 86' lang='lat' dir='ltr'>tens</span> <span class='ocrx_word' id='word_1_278' title='bbox 267 2181 409 2260; x_wconf 90' lang='lat' dir='ltr'>animas;</span> <span class='ocrx_word' id='word_1_279' title='bbox 433 2180 655 2245; x_wconf 84' lang='lat' dir='ltr'>testimonium</span> <span class='ocrx_word' id='word_1_280' title='bbox 673 2174 808 2244; x_wconf 89' lang='lat' dir='ltr'>Domini</span> <span class='ocrx_word' id='word_1_281' title='bbox 828 2177 934 2257; x_wconf 90' lang='lat' dir='ltr'>fidele,</span> <span class='ocrx_word' id='word_1_282' title='bbox 957 2178 1151 2262; x_wconf 85' lang='lat' dir='ltr'>sapientiam</span> <span class='ocrx_word' id='word_1_283' title='bbox 1203 2180 1304 2264; x_wconf 83' lang='lat' dir='ltr'>(Eph.</span> <span class='ocrx_word' id='word_1_284' title='bbox 1324 2183 1354 2258; x_wconf 91' lang='grc'>2,</span> <span class='ocrx_word' id='word_1_285' title='bbox 1373 2177 1445 2263; x_wconf 88' lang='grc'>20),</span> <span class='ocrx_word' id='word_1_286' title='bbox 1478 2179 1713 2261; x_wconf 86' lang='lat' dir='ltr'>probatarum</span> <span class='ocrx_word' id='word_1_287' title='bbox 1746 2189 1780 2244; x_wconf 90' lang='lat' dir='ltr'>et</span> <span class='ocrx_word' id='word_1_288' title='bbox 1813 2179 2034 2262; x_wconf 88' lang='lat' dir='ltr'>apostolorum</span> <span class='ocrx_word' id='word_1_289' title='bbox 2065 2178 2182 2247; x_wconf 81' lang='lat' dir='ltr'>funda·</span> 
     </span>
     <span class='ocr_line' id='line_1_23' title="bbox 137 2201 2183 2349; baseline 0 -18"><span class='ocrx_word' id='word_1_290' title='bbox 137 2316 141 2321; x_wconf 83' lang='lat'><em>-</em></span> <span class='ocrx_word' id='word_1_291' title='bbox 170 2272 342 2348; x_wconf 87' lang='lat' dir='ltr'>praestans</span> <span class='ocrx_word' id='word_1_292' title='bbox 369 2266 529 2349; x_wconf 90' lang='lat' dir='ltr'>parvulis;</span> <span class='ocrx_word' id='word_1_293' title='bbox 561 2265 704 2330; x_wconf 90' lang='lat' dir='ltr'>iustitiae</span> <span class='ocrx_word' id='word_1_294' title='bbox 723 2263 859 2329; x_wconf 91' lang='lat' dir='ltr'>Domini</span> <span class='ocrx_word' id='word_1_295' title='bbox 881 2271 1004 2343; x_wconf 91' lang='lat' dir='ltr'>rectae,</span> <span class='ocrx_word' id='word_1_296' title='bbox 1033 2264 1150 2330; x_wconf 87' lang='lat' dir='ltr'>laetifi-</span> <span class='ocrx_word' id='word_1_297' title='bbox 1202 2274 1314 2330; x_wconf 89' lang='lat' dir='ltr'>mento</span> <span class='ocrx_word' id='word_1_298' title='bbox 1335 2266 1499 2330; x_wconf 82' lang='lat' dir='ltr'>sustineri.</span> <span class='ocrx_word' id='word_1_299' title='bbox 1536 2201 1574 2330; x_wconf 60' lang='lat' dir='ltr'>gi</span> <span class='ocrx_word' id='word_1_300' title='bbox 1595 2264 1847 2330; x_wconf 87' lang='lat' dir='ltr'>fundamentum</span> <span class='ocrx_word' id='word_1_301' title='bbox 1865 2274 1916 2330; x_wconf 89' lang='lat' dir='ltr'>cst</span> <span class='ocrx_word' id='word_1_302' title='bbox 1935 2265 2090 2331; x_wconf 88' lang='lat' dir='ltr'>ecclesiae</span> <span class='ocrx_word' id='word_1_303' title='bbox 2107 2287 2183 2348; x_wconf 89' lang='lat' dir='ltr'>pro·</span> 
     </span>
     <span class='ocr_line' id='line_1_24' title="bbox 173 2349 2183 2434; baseline 0 -17"><span class='ocrx_word' id='word_1_304' title='bbox 173 2358 286 2417; x_wconf 88' lang='lat' dir='ltr'>cantes</span> <span class='ocrx_word' id='word_1_305' title='bbox 313 2351 424 2431; x_wconf 90' lang='lat' dir='ltr'>corda;</span> <span class='ocrx_word' id='word_1_306' title='bbox 453 2359 663 2434; x_wconf 89' lang='lat' dir='ltr'>praeceptum</span> <span class='ocrx_word' id='word_1_307' title='bbox 684 2350 819 2415; x_wconf 89' lang='lat' dir='ltr'>Domini</span> <span class='ocrx_word' id='word_1_308' title='bbox 840 2349 1000 2427; x_wconf 92' lang='lat' dir='ltr'>lucidum,</span> <span class='ocrx_word' id='word_1_309' title='bbox 1030 2350 1150 2415; x_wconf 92' lang='lat' dir='ltr'>illumi-</span> <span class='ocrx_word' id='word_1_310' title='bbox 1202 2351 1333 2433; x_wconf 90' lang='lat' dir='ltr'>phetica</span> <span class='ocrx_word' id='word_1_311' title='bbox 1353 2359 1388 2417; x_wconf 90' lang='lat' dir='ltr'>et</span> <span class='ocrx_word' id='word_1_312' title='bbox 1413 2349 1588 2434; x_wconf 90' lang='lat' dir='ltr'>apostolica</span> <span class='ocrx_word' id='word_1_313' title='bbox 1610 2349 1771 2429; x_wconf 89' lang='lat' dir='ltr'>doctrina,</span> <span class='ocrx_word' id='word_1_314' title='bbox 1800 2372 1894 2414; x_wconf 72' lang='lat' dir='ltr'>suram</span> <span class='ocrx_word' id='word_1_315' title='bbox 1915 2351 1993 2416; x_wconf 93' lang='lat' dir='ltr'>huic</span> <span class='ocrx_word' id='word_1_316' title='bbox 2015 2351 2183 2417; x_wconf 89' lang='lat' dir='ltr'>certitudi-</span> 
     </span>
     <span class='ocr_line' id='line_1_25' title="bbox 171 2435 2183 2521; baseline 0.002 -21"><span class='ocrx_word' id='word_1_317' title='bbox 171 2458 257 2502; x_wconf 91' lang='lat' dir='ltr'>nans</span> <span class='ocrx_word' id='word_1_318' title='bbox 295 2437 418 2516; x_wconf 71' lang='lat' dir='ltr'>oeulos,</span> <span class='ocrx_word' id='word_1_319' title='bbox 458 2438 647 2521; x_wconf 79' lang='lat' dir='ltr'>significans</span> <span class='ocrx_word' id='word_1_320' title='bbox 682 2436 788 2514; x_wconf 89' lang='lat' dir='ltr'>illam,</span> <span class='ocrx_word' id='word_1_321' title='bbox 829 2436 1048 2501; x_wconf 88' lang='lat' dir='ltr'>universalem</span> <span class='ocrx_word' id='word_1_322' title='bbox 1079 2457 1150 2502; x_wconf 90' lang='lat' dir='ltr'>esse</span> <span class='ocrx_word' id='word_1_323' title='bbox 1202 2458 1280 2503; x_wconf 91' lang='lat' dir='ltr'>nem</span> <span class='ocrx_word' id='word_1_324' title='bbox 1305 2444 1381 2502; x_wconf 89' lang='lat' dir='ltr'>ante</span> <span class='ocrx_word' id='word_1_325' title='bbox 1403 2443 1552 2503; x_wconf 79' lang='lat' dir='ltr'>constare</span> <span class='ocrx_word' id='word_1_326' title='bbox 1577 2457 1596 2501; x_wconf 92' lang='lat' dir='ltr'>o</span> <span class='ocrx_word' id='word_1_327' title='bbox 1620 2443 1718 2513; x_wconf 89' lang='lat' dir='ltr'>ortet,</span> <span class='ocrx_word' id='word_1_328' title='bbox 1741 2457 1841 2518; x_wconf 88' lang='lat' dir='ltr'>quam</span> <span class='ocrx_word' id='word_1_329' title='bbox 1863 2435 1920 2500; x_wconf 91' lang='lat' dir='ltr'>illa</span> <span class='ocrx_word' id='word_1_330' title='bbox 1949 2444 2079 2503; x_wconf 88' lang='lat' dir='ltr'>exstare</span> <span class='ocrx_word' id='word_1_331' title='bbox 2102 2438 2183 2503; x_wconf 89' lang='lat' dir='ltr'>inei·</span> 
     </span>
     <span class='ocr_line' id='line_1_26' title="bbox 171 2520 2183 2607; baseline 0.001 -21"><span class='ocrx_word' id='word_1_332' title='bbox 171 2523 318 2587; x_wconf 92' lang='lat' dir='ltr'>omnium</span> <span class='ocrx_word' id='word_1_333' title='bbox 341 2525 593 2600; x_wconf 89' lang='lat' dir='ltr'>institutionem;</span> <span class='ocrx_word' id='word_1_334' title='bbox 621 2521 707 2587; x_wconf 87' lang='lat' dir='ltr'>hanc</span> <span class='ocrx_word' id='word_1_335' title='bbox 727 2543 819 2599; x_wconf 91' lang='lat' dir='ltr'>vero,</span> <span class='ocrx_word' id='word_1_336' title='bbox 847 2521 1046 2603; x_wconf 89' lang='lat' dir='ltr'>peculiarem</span> <span class='ocrx_word' id='word_1_337' title='bbox 1066 2522 1149 2586; x_wconf 88' lang='lat' dir='ltr'>filio·</span> <span class='ocrx_word' id='word_1_338' title='bbox 1202 2523 1279 2607; x_wconf 88' lang='lat' dir='ltr'>piat</span> <span class='ocrx_word' id='word_1_339' title='bbox 1312 2521 1426 2606; x_wconf 89' lang='lat' dir='ltr'>Neque</span> <span class='ocrx_word' id='word_1_340' title='bbox 1448 2530 1498 2588; x_wconf 90' lang='lat' dir='ltr'>est</span> <span class='ocrx_word' id='word_1_341' title='bbox 1539 2543 1581 2588; x_wconf 91' lang='lat' dir='ltr'>uo</span> <span class='ocrx_word' id='word_1_342' title='bbox 1626 2520 1828 2600; x_wconf 78' lang='lat' dir='ltr'>cavillentur,</span> <span class='ocrx_word' id='word_1_343' title='bbox 1852 2522 1997 2586; x_wconf 88' lang='lat' dir='ltr'>etiamsi</span> <span class='ocrx_word' id='word_1_344' title='bbox 2019 2522 2097 2587; x_wconf 92' lang='lat' dir='ltr'>inde</span> <span class='ocrx_word' id='word_1_345' title='bbox 2116 2524 2183 2606; x_wconf 91' lang='lat' dir='ltr'>pri-</span> 
     </span>
     <span class='ocr_line' id='line_1_27' title="bbox 171 2544 2247 2689; baseline 0 -17"><span class='ocrx_word' id='word_1_346' title='bbox 171 2630 248 2672; x_wconf 92' lang='lat' dir='ltr'>rum</span> <span class='ocrx_word' id='word_1_347' title='bbox 269 2608 334 2673; x_wconf 90' lang='lat' dir='ltr'>Dei</span> <span class='ocrx_word' id='word_1_348' title='bbox 355 2608 509 2674; x_wconf 85' lang='lat' dir='ltr'>scholam</span> <span class='ocrx_word' id='word_1_349' title='bbox 556 2607 641 2672; x_wconf 80' lang='lat' dir='ltr'>Hinc</span> <span class='ocrx_word' id='word_1_350' title='bbox 662 2612 689 2672; x_wconf 83' lang='lat' dir='ltr'>et</span> <span class='ocrx_word' id='word_1_351' title='bbox 710 2606 790 2672; x_wconf 79' lang='lat' dir='ltr'>illud</span> <span class='ocrx_word' id='word_1_352' title='bbox 811 2608 966 2672; x_wconf 72' lang='lat' dir='ltr'>manavit</span> <span class='ocrx_word' id='word_1_353' title='bbox 986 2607 1067 2689; x_wconf 80' lang='lat' dir='ltr'>qaod</span> <span class='ocrx_word' id='word_1_354' title='bbox 1090 2606 1149 2672; x_wconf 82' lang='lat' dir='ltr'>So-</span> <span class='ocrx_word' id='word_1_355' title='bbox 1201 2630 1293 2673; x_wconf 91' lang='lat' dir='ltr'>mum</span> <span class='ocrx_word' id='word_1_356' title='bbox 1321 2609 1492 2674; x_wconf 82' lang='lat' dir='ltr'>exordium</span> <span class='ocrx_word' id='word_1_357' title='bbox 1517 2544 1618 2674; x_wconf 78' lang='lat' dir='ltr'>ducat</span> <span class='ocrx_word' id='word_1_358' title='bbox 1644 2607 1793 2685; x_wconf 88' lang='lat' dir='ltr'>ecclesia,</span> <span class='ocrx_word' id='word_1_359' title='bbox 1827 2627 1960 2671; x_wconf 89' lang='lat' dir='ltr'>manere</span> <span class='ocrx_word' id='word_1_360' title='bbox 1989 2615 2101 2673; x_wconf 76' lang='lat' dir='ltr'>mmen</span> <span class='ocrx_word' id='word_1_361' title='bbox 2123 2608 2184 2673; x_wconf 92' lang='lat' dir='ltr'>du·</span> <span class='ocrx_word' id='word_1_362' title='bbox 2238 2614 2247 2630; x_wconf 66' lang='lat'>⁸</span> 
     </span>
     <span class='ocr_line' id='line_1_28' title="bbox 170 2691 2181 2779; baseline -0 -20"><span class='ocrx_word' id='word_1_363' title='bbox 170 2695 348 2759; x_wconf 68' lang='lat' dir='ltr'>meram</span> <span class='ocrx_word' id='word_1_364' title='bbox 366 2695 491 2760; x_wconf 78' lang='lat' dir='ltr'>multer-i</span> <span class='ocrx_word' id='word_1_365' title='bbox 512 2693 629 2760; x_wconf 71' lang='lat' dir='ltr'>caecat</span> <span class='ocrx_word' id='word_1_366' title='bbox 647 2691 790 2758; x_wconf 73' lang='lat' dir='ltr'>Christus</span> <span class='ocrx_word' id='word_1_367' title='bbox 812 2692 916 2779; x_wconf 88' lang='lat' dir='ltr'>(Ican.</span> <span class='ocrx_word' id='word_1_368' title='bbox 936 2697 966 2771; x_wconf 84' lang='grc'>4,</span> <span class='ocrx_word' id='word_1_369' title='bbox 985 2693 1059 2773; x_wconf 85' lang='grc'><strong>22).·</strong></span> <span class='ocrx_word' id='word_1_370' title='bbox 1078 2714 1149 2777; x_wconf 77' lang='lat' dir='ltr'>pcn-</span> <span class='ocrx_word' id='word_1_371' title='bbox 1200 2695 1309 2773; x_wconf 90' lang='lat' dir='ltr'>bium,</span> <span class='ocrx_word' id='word_1_372' title='bbox 1339 2715 1422 2777; x_wconf 89' lang='lat' dir='ltr'>quae</span> <span class='ocrx_word' id='word_1_373' title='bbox 1448 2694 1616 2778; x_wconf 88' lang='lat' dir='ltr'>prophetis</span> <span class='ocrx_word' id='word_1_374' title='bbox 1633 2706 1671 2759; x_wconf 81' lang='lat' dir='ltr'>et</span> <span class='ocrx_word' id='word_1_375' title='bbox 1692 2692 1845 2776; x_wconf 89' lang='lat' dir='ltr'>apostolis</span> <span class='ocrx_word' id='word_1_376' title='bbox 1868 2692 1935 2756; x_wconf 87' lang='lat' dir='ltr'>sint</span> <span class='ocrx_word' id='word_1_377' title='bbox 1958 2691 2181 2772; x_wconf 90' lang='lat' dir='ltr'>adscribenda,</span> 
     </span>
     <span class='ocr_line' id='line_1_29' title="bbox 171 2776 2182 2864; baseline 0 -20"><span class='ocrx_word' id='word_1_378' title='bbox 171 2785 233 2844; x_wconf 64' lang='lat' dir='ltr'>mm</span> <span class='ocrx_word' id='word_1_379' title='bbox 254 2781 322 2845; x_wconf 70' lang='lat' dir='ltr'>eicie</span> <span class='ocrx_word' id='word_1_380' title='bbox 352 2786 380 2845; x_wconf 84' lang='lat' dir='ltr'>et</span> <span class='ocrx_word' id='word_1_381' title='bbox 405 2781 538 2862; x_wconf 76' lang='lat' dir='ltr'>reliquos</span> <span class='ocrx_word' id='word_1_382' title='bbox 564 2800 666 2845; x_wconf 81' lang='lat' dir='ltr'>omnes</span> <span class='ocrx_word' id='word_1_383' title='bbox 686 2779 819 2861; x_wconf 73' lang='lat' dir='ltr'>papates</span> <span class='ocrx_word' id='word_1_384' title='bbox 841 2777 973 2844; x_wconf 84' lang='lat' dir='ltr'>odorare</span> <span class='ocrx_word' id='word_1_385' title='bbox 998 2779 1079 2861; x_wconf 82' lang='lat' dir='ltr'>quod</span> <span class='ocrx_word' id='word_1_386' title='bbox 1098 2800 1149 2844; x_wconf 80' lang='lat' dir='ltr'>ae-</span> <span class='ocrx_word' id='word_1_387' title='bbox 1201 2780 1264 2845; x_wconf 89' lang='lat' dir='ltr'>nisi</span> <span class='ocrx_word' id='word_1_388' title='bbox 1286 2780 1444 2846; x_wconf 93' lang='lat' dir='ltr'>iudicium</span> <span class='ocrx_word' id='word_1_389' title='bbox 1474 2780 1577 2864; x_wconf 88' lang='lat' dir='ltr'>ipsius</span> <span class='ocrx_word' id='word_1_390' title='bbox 1604 2777 1793 2845; x_wconf 90' lang='lat' dir='ltr'>intercedat.</span> <span class='ocrx_word' id='word_1_391' title='bbox 1838 2776 1926 2843; x_wconf 90' lang='lat' dir='ltr'>Nam</span> <span class='ocrx_word' id='word_1_392' title='bbox 1953 2778 1980 2842; x_wconf 87' lang='lat' dir='ltr'>si</span> <span class='ocrx_word' id='word_1_393' title='bbox 2003 2777 2182 2844; x_wconf 89' lang='lat' dir='ltr'>christiana</span> 
     </span>
     <span class='ocr_line' id='line_1_30' title="bbox 171 2862 2183 3013; baseline -0 -83"><span class='ocrx_word' id='word_1_394' title='bbox 171 2867 302 2946; x_wconf 51' lang='lat' dir='ltr'>scirent</span> <span class='ocrx_word' id='word_1_395' title='bbox 323 2867 402 2931; x_wconf 81' lang='lat' dir='ltr'>solos</span> <span class='ocrx_word' id='word_1_396' title='bbox 422 2866 557 2931; x_wconf 78' lang='lat' dir='ltr'>ledaeos</span> <span class='ocrx_word' id='word_1_397' title='bbox 572 2865 640 2931; x_wconf 85' lang='lat' dir='ltr'>Deo</span> <span class='ocrx_word' id='word_1_398' title='bbox 662 2885 731 2930; x_wconf 85' lang='lat' dir='ltr'>cero</span> <span class='ocrx_word' id='word_1_399' title='bbox 753 2864 867 2930; x_wconf 79' lang='lat' dir='ltr'>cultum</span> <span class='ocrx_word' id='word_1_400' title='bbox 888 2863 1035 2930; x_wconf 69' lang='lat' dir='ltr'>achibas.</span> <span class='ocrx_word' id='word_1_401' title='bbox 1062 2864 1149 2930; x_wconf 86' lang='lat' dir='ltr'>Nom</span> <span class='ocrx_word' id='word_1_402' title='bbox 1201 2865 1339 2932; x_wconf 90' lang='lat' dir='ltr'>ecclesia</span> <span class='ocrx_word' id='word_1_403' title='bbox 1364 2866 1599 2950; x_wconf 90' lang='lat' dir='ltr'>prophetarum</span> <span class='ocrx_word' id='word_1_404' title='bbox 1627 2866 1756 3013; x_wconf 67' lang='lat' dir='ltr'>scriptis</span> <span class='ocrx_word' id='word_1_405' title='bbox 1785 2871 1818 2928; x_wconf 92' lang='lat' dir='ltr'>et</span> <span class='ocrx_word' id='word_1_406' title='bbox 1840 2862 2059 2945; x_wconf 88' lang='lat' dir='ltr'>apostolorum</span> <span class='ocrx_word' id='word_1_407' title='bbox 2087 2884 2183 2945; x_wconf 88' lang='lat' dir='ltr'>prae-</span> 
     </span>
     <span class='ocr_line' id='line_1_31' title="bbox 172 2949 2184 3034; baseline -0 -19"><span class='ocrx_word' id='word_1_408' title='bbox 172 2973 271 3034; x_wconf 74' lang='lat' dir='ltr'>quam</span> <span class='ocrx_word' id='word_1_409' title='bbox 291 2951 431 3017; x_wconf 80' lang='lat' dir='ltr'>humana</span> <span class='ocrx_word' id='word_1_410' title='bbox 447 2973 541 3031; x_wconf 75' lang='lat' dir='ltr'>meras,</span> <span class='ocrx_word' id='word_1_411' title='bbox 547 2973 609 3033; x_wconf 76' lang='lat' dir='ltr'>pre</span> <span class='ocrx_word' id='word_1_412' title='bbox 625 2973 687 3016; x_wconf 81' lang='lat' dir='ltr'>aaa</span> <span class='ocrx_word' id='word_1_413' title='bbox 703 2950 915 3029; x_wconf 66' lang='lat' dir='ltr'>temeriditate,</span> <span class='ocrx_word' id='word_1_414' title='bbox 927 2952 1091 3033; x_wconf 79' lang='lat' dir='ltr'>pervenire</span> <span class='ocrx_word' id='word_1_415' title='bbox 1107 2951 1150 3016; x_wconf 84' lang='lat' dir='ltr'>od</span> <span class='ocrx_word' id='word_1_416' title='bbox 1203 2951 1363 3017; x_wconf 90' lang='lat' dir='ltr'>dicatione</span> <span class='ocrx_word' id='word_1_417' title='bbox 1386 2953 1479 3017; x_wconf 87' lang='lat' dir='ltr'>initio</span> <span class='ocrx_word' id='word_1_418' title='bbox 1500 2952 1637 3016; x_wconf 85' lang='lat' dir='ltr'>fundata</span> <span class='ocrx_word' id='word_1_419' title='bbox 1654 2950 1724 3029; x_wconf 81' lang='lat' dir='ltr'>fui,</span> <span class='ocrx_word' id='word_1_420' title='bbox 1743 2950 1926 3032; x_wconf 92' lang='lat' dir='ltr'>ubicunque</span> <span class='ocrx_word' id='word_1_421' title='bbox 1944 2949 2127 3032; x_wconf 89' lang='lat' dir='ltr'>reperiatur</span> <span class='ocrx_word' id='word_1_422' title='bbox 2144 2970 2184 3014; x_wconf 91' lang='lat' dir='ltr'>ca</span> 
     </span>
     <span class='ocr_line' id='line_1_32' title="bbox 172 3035 2182 3120; baseline -0.001 -17"><span class='ocrx_word' id='word_1_423' title='bbox 172 3037 280 3103; x_wconf 71' lang='lat' dir='ltr'>Decem</span> <span class='ocrx_word' id='word_1_424' title='bbox 300 3039 384 3103; x_wconf 78' lang='lat' dir='ltr'>callo</span> <span class='ocrx_word' id='word_1_425' title='bbox 404 3039 491 3103; x_wconf 73' lang='lat' dir='ltr'>accde</span> <span class='ocrx_word' id='word_1_426' title='bbox 512 3043 610 3120; x_wconf 77' lang='lat' dir='ltr'>queat,</span> <span class='ocrx_word' id='word_1_427' title='bbox 632 3038 698 3101; x_wconf 81' lang='lat' dir='ltr'>aiei</span> <span class='ocrx_word' id='word_1_428' title='bbox 719 3042 822 3101; x_wconf 82' lang='lat' dir='ltr'>sancto</span> <span class='ocrx_word' id='word_1_429' title='bbox 843 3037 912 3101; x_wconf 76' lang='lat' dir='ltr'>eius</span> <span class='ocrx_word' id='word_1_430' title='bbox 931 3036 1018 3102; x_wconf 85' lang='lat' dir='ltr'>cerdo</span> <span class='ocrx_word' id='word_1_431' title='bbox 1040 3037 1150 3102; x_wconf 77' lang='lat' dir='ltr'>edicto</span> <span class='ocrx_word' id='word_1_432' title='bbox 1203 3037 1365 3117; x_wconf 88' lang='lat' dir='ltr'>doctrina,</span> <span class='ocrx_word' id='word_1_433' title='bbox 1391 3038 1561 3104; x_wconf 88' lang='lat' dir='ltr'>ecelesiam</span> <span class='ocrx_word' id='word_1_434' title='bbox 1583 3044 1671 3103; x_wconf 88' lang='lat' dir='ltr'>certe</span> <span class='ocrx_word' id='word_1_435' title='bbox 1692 3036 1869 3119; x_wconf 79' lang='lat' dir='ltr'>praecessit</span> <span class='ocrx_word' id='word_1_436' title='bbox 1891 3035 1961 3100; x_wconf 94' lang='lat' dir='ltr'>eius</span> <span class='ocrx_word' id='word_1_437' title='bbox 1984 3035 2182 3118; x_wconf 89' lang='lat' dir='ltr'>approbatio,</span> 
     </span>
     <span class='ocr_line' id='line_1_33' title="bbox 172 3120 2185 3206; baseline -0.001 -18"><span class='ocrx_word' id='word_1_438' title='bbox 172 3129 201 3189; x_wconf 82' lang='lat' dir='ltr'>et</span> <span class='ocrx_word' id='word_1_439' title='bbox 229 3122 399 3204; x_wconf 71' lang='lat' dir='ltr'>cablwota,</span> <span class='ocrx_word' id='word_1_440' title='bbox 432 3144 535 3189; x_wconf 75' lang='lat' dir='ltr'>omttce</span> <span class='ocrx_word' id='word_1_441' title='bbox 561 3129 632 3189; x_wconf 80' lang='lat' dir='ltr'>tanc</span> <span class='ocrx_word' id='word_1_442' title='bbox 660 3123 817 3202; x_wconf 66' lang='lat' dir='ltr'>moade,</span> <span class='ocrx_word' id='word_1_443' title='bbox 851 3124 981 3204; x_wconf 74' lang='lat' dir='ltr'>exceptis</span> <span class='ocrx_word' id='word_1_444' title='bbox 1009 3123 1148 3202; x_wconf 62' lang='lat' dir='ltr'>Iudaea,</span> <span class='ocrx_word' id='word_1_445' title='bbox 1203 3125 1360 3206; x_wconf 86' lang='lat' dir='ltr'>sineque</span> <span class='ocrx_word' id='word_1_446' title='bbox 1380 3144 1548 3205; x_wconf 89' lang='lat' dir='ltr'>nunquam</span> <span class='ocrx_word' id='word_1_447' title='bbox 1569 3121 1706 3188; x_wconf 89' lang='lat' dir='ltr'>ecclesia</span> <span class='ocrx_word' id='word_1_448' title='bbox 1725 3123 1797 3205; x_wconf 92' lang='lat' dir='ltr'>ipsa</span> <span class='ocrx_word' id='word_1_449' title='bbox 1812 3121 2000 3186; x_wconf 87' lang='lat' dir='ltr'>exstitisset</span> <span class='ocrx_word' id='word_1_450' title='bbox 2034 3120 2185 3188; x_wconf 82' lang='lat' dir='ltr'>Vanissi-</span> 
     </span>
     <span class='ocr_line' id='line_1_34' title="bbox 172 3205 2183 3293; baseline 0 -21"><span class='ocrx_word' id='word_1_451' title='bbox 172 3210 252 3291; x_wconf 81' lang='lat' dir='ltr'>quia</span> <span class='ocrx_word' id='word_1_452' title='bbox 272 3209 379 3274; x_wconf 81' lang='lat' dir='ltr'>Deam</span> <span class='ocrx_word' id='word_1_453' title='bbox 399 3212 466 3275; x_wconf 79' lang='lat' dir='ltr'>siae</span> <span class='ocrx_word' id='word_1_454' title='bbox 487 3208 574 3274; x_wconf 82' lang='lat' dir='ltr'>verbo</span> <span class='ocrx_word' id='word_1_455' title='bbox 595 3208 793 3291; x_wconf 73' lang='lat' dir='ltr'>quaerebant,</span> <span class='ocrx_word' id='word_1_456' title='bbox 821 3227 939 3274; x_wconf 71' lang='lat' dir='ltr'>amesae</span> <span class='ocrx_word' id='word_1_457' title='bbox 958 3210 1020 3292; x_wconf 79' lang='lat' dir='ltr'>fail</span> <span class='ocrx_word' id='word_1_458' title='bbox 1042 3210 1076 3273; x_wconf 81' lang='lat' dir='ltr'>ia</span> <span class='ocrx_word' id='word_1_459' title='bbox 1097 3221 1151 3273; x_wconf 80' lang='lat' dir='ltr'>eo·</span> <span class='ocrx_word' id='word_1_460' title='bbox 1202 3230 1295 3274; x_wconf 92' lang='lat' dir='ltr'>mum</span> <span class='ocrx_word' id='word_1_461' title='bbox 1323 3218 1373 3274; x_wconf 85' lang='lat' dir='ltr'>est</span> <span class='ocrx_word' id='word_1_462' title='bbox 1400 3210 1501 3293; x_wconf 82' lang='lat' dir='ltr'>igitur</span> <span class='ocrx_word' id='word_1_463' title='bbox 1528 3216 1763 3286; x_wconf 87' lang='lat' dir='ltr'>commentum,</span> <span class='ocrx_word' id='word_1_464' title='bbox 1787 3208 1967 3289; x_wconf 83' lang='lat' dir='ltr'>scripturae</span> <span class='ocrx_word' id='word_1_465' title='bbox 1989 3205 2183 3273; x_wconf 88' lang='lat' dir='ltr'>iudicandae</span> 
     </span>
     <span class='ocr_line' id='line_1_35' title="bbox 171 3282 2183 3378; baseline -0.001 -18"><span class='ocrx_word' id='word_1_466' title='bbox 171 3297 269 3360; x_wconf 74' lang='lat' dir='ltr'>naec</span> <span class='ocrx_word' id='word_1_467' title='bbox 289 3300 379 3378; x_wconf 80' lang='lat' dir='ltr'>atque</span> <span class='ocrx_word' id='word_1_468' title='bbox 400 3317 502 3361; x_wconf 76' lang='lat' dir='ltr'>errore</span> <span class='ocrx_word' id='word_1_469' title='bbox 520 3297 648 3361; x_wconf 79' lang='lat' dir='ltr'>versari.</span> <span class='ocrx_word' id='word_1_470' title='bbox 1202 3303 1398 3378; x_wconf 87' lang='lat' dir='ltr'>potestatem</span> <span class='ocrx_word' id='word_1_471' title='bbox 1429 3316 1500 3360; x_wconf 89' lang='lat' dir='ltr'>esse</span> <span class='ocrx_word' id='word_1_472' title='bbox 1521 3315 1621 3377; x_wconf 90' lang='lat' dir='ltr'>penes</span> <span class='ocrx_word' id='word_1_473' title='bbox 1643 3292 1827 3372; x_wconf 91' lang='lat' dir='ltr'>ecelesiam;</span> <span class='ocrx_word' id='word_1_474' title='bbox 1855 3299 1893 3356; x_wconf 93' lang='lat' dir='ltr'>ut</span> <span class='ocrx_word' id='word_1_475' title='bbox 1915 3292 1956 3357; x_wconf 91' lang='lat' dir='ltr'>ab</span> <span class='ocrx_word' id='word_1_476' title='bbox 1978 3282 2077 3357; x_wconf 81' lang='lat' dir='ltr'>huius</span> <span class='ocrx_word' id='word_1_477' title='bbox 2099 3301 2183 3358; x_wconf 90' lang='lat' dir='ltr'>nutu</span> 
     </span>
     <span class='ocr_line' id='line_1_36' title="bbox 261 3376 2182 3464; baseline -0.002 -19"><span class='ocrx_word' id='word_1_478' title='bbox 261 3385 312 3446; x_wconf 91' lang='grc'>21.</span> <span class='ocrx_word' id='word_1_479' title='bbox 344 3381 418 3447; x_wconf 59' lang='lat' dir='ltr'>‚Ubi</span> <span class='ocrx_word' id='word_1_480' title='bbox 435 3401 619 3447; x_wconf 87' lang='lat' dir='ltr'>sermonem</span> <span class='ocrx_word' id='word_1_481' title='bbox 635 3380 699 3445; x_wconf 95' lang='lat' dir='ltr'>Dei</span> <span class='ocrx_word' id='word_1_482' title='bbox 722 3401 801 3460; x_wconf 88' lang='lat' dir='ltr'>esse,</span> <span class='ocrx_word' id='word_1_483' title='bbox 824 3381 881 3463; x_wconf 92' lang='lat' dir='ltr'>qui</span> <span class='ocrx_word' id='word_1_484' title='bbox 896 3382 1098 3464; x_wconf 88' lang='lat' dir='ltr'>proponitur,</span> <span class='ocrx_word' id='word_1_485' title='bbox 1116 3381 1152 3445; x_wconf 90' lang='lat' dir='ltr'>in</span> <span class='ocrx_word' id='word_1_486' title='bbox 1203 3381 1291 3446; x_wconf 89' lang='lat' dir='ltr'>illius</span> <span class='ocrx_word' id='word_1_487' title='bbox 1312 3380 1471 3446; x_wconf 90' lang='lat' dir='ltr'>certitudo</span> <span class='ocrx_word' id='word_1_488' title='bbox 1492 3378 1635 3462; x_wconf 90' lang='lat' dir='ltr'>pendere</span> <span class='ocrx_word' id='word_1_489' title='bbox 1656 3379 1761 3444; x_wconf 87' lang='lat' dir='ltr'>intelli</span> <span class='ocrx_word' id='word_1_490' title='bbox 1804 3386 1866 3442; x_wconf 91' lang='lat' dir='ltr'>tur.</span> <span class='ocrx_word' id='word_1_491' title='bbox 1912 3376 2025 3459; x_wconf 77' lang='lat' dir='ltr'>Quare</span> <span class='ocrx_word' id='word_1_492' title='bbox 2043 3376 2122 3442; x_wconf 91' lang='lat' dir='ltr'>dum</span> <span class='ocrx_word' id='word_1_493' title='bbox 2142 3377 2182 3442; x_wconf 92' lang='lat' dir='ltr'>il-</span> 
     </span>
     <span class='ocr_line' id='line_1_37' title="bbox 172 3462 2181 3550; baseline -0.003 -16"><span class='ocrx_word' id='word_1_494' title='bbox 172 3469 322 3534; x_wconf 89' lang='lat' dir='ltr'>confesso</span> <span class='ocrx_word' id='word_1_495' title='bbox 343 3476 401 3547; x_wconf 90' lang='lat' dir='ltr'>est,</span> <span class='ocrx_word' id='word_1_496' title='bbox 424 3488 520 3532; x_wconf 92' lang='lat' dir='ltr'>neme</span> <span class='ocrx_word' id='word_1_497' title='bbox 542 3480 593 3533; x_wconf 87' lang='lat' dir='ltr'>est</span> <span class='ocrx_word' id='word_1_498' title='bbox 613 3476 683 3531; x_wconf 90' lang='lat' dir='ltr'>tam</span> <span class='ocrx_word' id='word_1_499' title='bbox 704 3465 890 3549; x_wconf 86' lang='lat' dir='ltr'>deploratae</span> <span class='ocrx_word' id='word_1_500' title='bbox 913 3465 1077 3545; x_wconf 88' lang='lat' dir='ltr'>audaciae,</span> <span class='ocrx_word' id='word_1_501' title='bbox 1101 3467 1151 3530; x_wconf 91' lang='lat' dir='ltr'>ni·</span> <span class='ocrx_word' id='word_1_502' title='bbox 1203 3467 1271 3531; x_wconf 91' lang='lat' dir='ltr'>lam</span> <span class='ocrx_word' id='word_1_503' title='bbox 1292 3467 1407 3549; x_wconf 89' lang='lat' dir='ltr'>recipit</span> <span class='ocrx_word' id='word_1_504' title='bbox 1429 3487 1467 3531; x_wconf 91' lang='lat' dir='ltr'>ac</span> <span class='ocrx_word' id='word_1_505' title='bbox 1489 3465 1645 3550; x_wconf 80' lang='lat' dir='ltr'>suffragio</span> <span class='ocrx_word' id='word_1_506' title='bbox 1667 3486 1725 3531; x_wconf 92' lang='lat' dir='ltr'>suo</span> <span class='ocrx_word' id='word_1_507' title='bbox 1746 3487 1765 3528; x_wconf 96' lang='lat' dir='ltr'>o</span> <span class='ocrx_word' id='word_1_508' title='bbox 1789 3465 1907 3548; x_wconf 79' lang='lat' dir='ltr'>signat,</span> <span class='ocrx_word' id='word_1_509' title='bbox 1931 3482 1997 3527; x_wconf 90' lang='lat' dir='ltr'>non</span> <span class='ocrx_word' id='word_1_510' title='bbox 2018 3484 2060 3526; x_wconf 84' lang='lat' dir='ltr'>cx</span> <span class='ocrx_word' id='word_1_511' title='bbox 2082 3462 2181 3528; x_wconf 90' lang='lat' dir='ltr'>dubia</span> 
     </span>
     <span class='ocr_line' id='line_1_38' title="bbox 173 3544 2183 3636; baseline -0.002 -17"><span class='ocrx_word' id='word_1_512' title='bbox 173 3555 204 3619; x_wconf 89' lang='lat' dir='ltr'>si</span> <span class='ocrx_word' id='word_1_513' title='bbox 229 3556 312 3619; x_wconf 86' lang='lat' dir='ltr'>forte</span> <span class='ocrx_word' id='word_1_514' title='bbox 340 3561 373 3618; x_wconf 90' lang='lat' dir='ltr'>ct</span> <span class='ocrx_word' id='word_1_515' title='bbox 403 3575 503 3619; x_wconf 88' lang='lat' dir='ltr'>sensu</span> <span class='ocrx_word' id='word_1_516' title='bbox 529 3553 695 3618; x_wconf 89' lang='lat' dir='ltr'>communi</span> <span class='ocrx_word' id='word_1_517' title='bbox 727 3560 760 3616; x_wconf 93' lang='lat' dir='ltr'>et</span> <span class='ocrx_word' id='word_1_518' title='bbox 788 3552 993 3617; x_wconf 87' lang='lat' dir='ltr'>humanitate</span> <span class='ocrx_word' id='word_1_519' title='bbox 1023 3573 1150 3636; x_wconf 92' lang='lat' dir='ltr'>quoque</span> <span class='ocrx_word' id='word_1_520' title='bbox 1205 3560 1262 3617; x_wconf 92' lang='lat' dir='ltr'>aut</span> <span class='ocrx_word' id='word_1_521' title='bbox 1283 3552 1403 3635; x_wconf 88' lang='lat' dir='ltr'>alioqui</span> <span class='ocrx_word' id='word_1_522' title='bbox 1424 3551 1616 3617; x_wconf 87' lang='lat' dir='ltr'>nutabunda</span> <span class='ocrx_word' id='word_1_523' title='bbox 1638 3550 1860 3616; x_wconf 87' lang='lat' dir='ltr'>authenticam</span> <span class='ocrx_word' id='word_1_524' title='bbox 1882 3544 2002 3629; x_wconf 89' lang='lat' dir='ltr'>reddit;</span> <span class='ocrx_word' id='word_1_525' title='bbox 2026 3547 2084 3614; x_wconf 92' lang='lat' dir='ltr'>scd</span> <span class='ocrx_word' id='word_1_526' title='bbox 2105 3549 2183 3632; x_wconf 88' lang='lat' dir='ltr'>quia</span> 
     </span>
    </p>
   </div>
   <div class='ocr_carea' id='block_1_2' title="bbox 172 3633 2185 3808">
    <p class='ocr_par' dir='ltr' id='par_1_2' title="bbox 172 3633 2185 3808">
     <span class='ocr_line' id='line_1_39' title="bbox 172 3633 2183 3722; baseline -0.001 -18"><span class='ocrx_word' id='word_1_527' title='bbox 172 3641 247 3706; x_wconf 87' lang='lat' dir='ltr'>isa</span> <span class='ocrx_word' id='word_1_528' title='bbox 274 3639 463 3719; x_wconf 89' lang='lat' dir='ltr'>destitutus,</span> <span class='ocrx_word' id='word_1_529' title='bbox 492 3641 547 3721; x_wconf 90' lang='lat' dir='ltr'>qui</span> <span class='ocrx_word' id='word_1_530' title='bbox 571 3638 671 3703; x_wconf 89' lang='lat' dir='ltr'>fidem</span> <span class='ocrx_word' id='word_1_531' title='bbox 695 3637 843 3721; x_wconf 90' lang='lat' dir='ltr'>loquenti</span> <span class='ocrx_word' id='word_1_532' title='bbox 870 3637 948 3703; x_wconf 91' lang='lat' dir='ltr'>dero</span> <span class='ocrx_word' id='word_1_533' title='bbox 992 3661 1028 3704; x_wconf 92' lang='lat' dir='ltr'>re</span> <span class='ocrx_word' id='word_1_534' title='bbox 1056 3639 1150 3705; x_wconf 87' lang='lat' dir='ltr'>ausit</span> <span class='ocrx_word' id='word_1_535' title='bbox 1203 3639 1376 3704; x_wconf 89' lang='lat' dir='ltr'>veritatem</span> <span class='ocrx_word' id='word_1_536' title='bbox 1398 3659 1468 3704; x_wconf 87' lang='lat' dir='ltr'>esse</span> <span class='ocrx_word' id='word_1_537' title='bbox 1491 3637 1639 3722; x_wconf 81' lang='lat' dir='ltr'>agnoscit</span> <span class='ocrx_word' id='word_1_538' title='bbox 1659 3637 1794 3702; x_wconf 93' lang='lat' dir='ltr'>Domini</span> <span class='ocrx_word' id='word_1_539' title='bbox 1816 3634 1876 3713; x_wconf 92' lang='lat' dir='ltr'>sui,</span> <span class='ocrx_word' id='word_1_540' title='bbox 1899 3655 1959 3718; x_wconf 92' lang='lat' dir='ltr'>pro</span> <span class='ocrx_word' id='word_1_541' title='bbox 1980 3635 2111 3717; x_wconf 91' lang='lat' dir='ltr'>pietatis</span> <span class='ocrx_word' id='word_1_542' title='bbox 2133 3633 2183 3701; x_wconf 85' lang='lat' dir='ltr'>of·</span> 
     </span>
     <span class='ocr_line' id='line_1_40' title="bbox 172 3661 2185 3808; baseline -0.002 -16"><span class='ocrx_word' id='word_1_543' title='bbox 172 3661 419 3808; x_wconf 64' lang='lat' dir='ltr'>dedecentem</span> <span class='ocrx_word' id='word_1_544' title='bbox 436 3747 503 3790; x_wconf 92' lang='lat' dir='ltr'>non</span> <span class='ocrx_word' id='word_1_545' title='bbox 521 3723 710 3807; x_wconf 85' lang='lat' dir='ltr'>quotidiana</span> <span class='ocrx_word' id='word_1_546' title='bbox 730 3745 747 3790; x_wconf 95' lang='lat' dir='ltr'>e</span> <span class='ocrx_word' id='word_1_547' title='bbox 765 3724 862 3790; x_wconf 89' lang='lat' dir='ltr'>coelis</span> <span class='ocrx_word' id='word_1_548' title='bbox 880 3723 939 3789; x_wconf 90' lang='lat' dir='ltr'>red</span> <span class='ocrx_word' id='word_1_549' title='bbox 962 3732 1062 3790; x_wconf 91' lang='lat' dir='ltr'>untur</span> <span class='ocrx_word' id='word_1_550' title='bbox 1079 3746 1152 3790; x_wconf 74' lang='lat' dir='ltr'>ora</span> <span class='ocrx_word' id='word_1_551' title='bbox 1203 3723 1293 3802; x_wconf 90' lang='lat' dir='ltr'>ficio,</span> <span class='ocrx_word' id='word_1_552' title='bbox 1321 3723 1406 3788; x_wconf 92' lang='lat' dir='ltr'>nihil</span> <span class='ocrx_word' id='word_1_553' title='bbox 1431 3723 1613 3790; x_wconf 89' lang='lat' dir='ltr'>cunctando</span> <span class='ocrx_word' id='word_1_554' title='bbox 1641 3730 1826 3789; x_wconf 90' lang='lat' dir='ltr'>veneratur.</span> <span class='ocrx_word' id='word_1_555' title='bbox 1879 3719 1976 3802; x_wconf 73' lang='lat' dir='ltr'>Quod</span> <span class='ocrx_word' id='word_1_556' title='bbox 1999 3728 2109 3786; x_wconf 87' lang='lat' dir='ltr'>autem</span> <span class='ocrx_word' id='word_1_557' title='bbox 2133 3742 2185 3787; x_wconf 88' lang='lat' dir='ltr'>ro·</span> 
     </span>
    </p>
   </div>
   <div class='ocr_carea' id='block_1_3' title="bbox 171 3805 2247 4584">
    <p class='ocr_par' dir='ltr' id='par_1_3' title="bbox 171 3805 2247 4413">
     <span class='ocr_line' id='line_1_41' title="bbox 172 3805 2186 3894; baseline -0.003 -16"><span class='ocrx_word' id='word_1_558' title='bbox 172 3811 262 3891; x_wconf 92' lang='lat' dir='ltr'>cula,</span> <span class='ocrx_word' id='word_1_559' title='bbox 290 3819 325 3876; x_wconf 91' lang='lat' dir='ltr'>et</span> <span class='ocrx_word' id='word_1_560' title='bbox 351 3812 531 3894; x_wconf 89' lang='lat' dir='ltr'>scripturae</span> <span class='ocrx_word' id='word_1_561' title='bbox 553 3810 641 3876; x_wconf 87' lang='lat' dir='ltr'>solae</span> <span class='ocrx_word' id='word_1_562' title='bbox 662 3818 807 3889; x_wconf 90' lang='lat' dir='ltr'>exstant,</span> <span class='ocrx_word' id='word_1_563' title='bbox 835 3810 952 3894; x_wconf 92' lang='lat' dir='ltr'>quibus</span> <span class='ocrx_word' id='word_1_564' title='bbox 973 3810 1082 3876; x_wconf 90' lang='lat' dir='ltr'>visum</span> <span class='ocrx_word' id='word_1_565' title='bbox 1103 3816 1153 3876; x_wconf 92' lang='lat' dir='ltr'>est</span> <span class='ocrx_word' id='word_1_566' title='bbox 1204 3817 1299 3893; x_wconf 84' lang='lat' dir='ltr'>gant,</span> <span class='ocrx_word' id='word_1_567' title='bbox 1328 3809 1414 3875; x_wconf 91' lang='lat' dir='ltr'>unde</span> <span class='ocrx_word' id='word_1_568' title='bbox 1441 3808 1711 3893; x_wconf 89' lang='lat' dir='ltr'>persuadebimur</span> <span class='ocrx_word' id='word_1_569' title='bbox 1739 3807 1852 3872; x_wconf 90' lang='lat' dir='ltr'>aDeo</span> <span class='ocrx_word' id='word_1_570' title='bbox 1874 3807 2025 3882; x_wconf 86' lang='lat' dir='ltr'>fluxisse,</span> <span class='ocrx_word' id='word_1_571' title='bbox 2056 3808 2120 3872; x_wconf 90' lang='lat' dir='ltr'>nisi</span> <span class='ocrx_word' id='word_1_572' title='bbox 2143 3805 2186 3874; x_wconf 90' lang='lat' dir='ltr'>ad</span> 
     </span>
     <span class='ocr_line' id='line_1_42' title="bbox 171 3891 2247 3980; baseline -0.002 -16"><span class='ocrx_word' id='word_1_573' title='bbox 171 3898 317 3964; x_wconf 89' lang='lat' dir='ltr'>Domino</span> <span class='ocrx_word' id='word_1_574' title='bbox 345 3919 439 3964; x_wconf 88' lang='lat' dir='ltr'>suam</span> <span class='ocrx_word' id='word_1_575' title='bbox 467 3904 644 3980; x_wconf 90' lang='lat' dir='ltr'>perpetuae</span> <span class='ocrx_word' id='word_1_576' title='bbox 672 3897 848 3963; x_wconf 87' lang='lat' dir='ltr'>memoriae</span> <span class='ocrx_word' id='word_1_577' title='bbox 875 3897 1048 3962; x_wconf 87' lang='lat' dir='ltr'>veritatem</span> <span class='ocrx_word' id='word_1_578' title='bbox 1075 3918 1151 3962; x_wconf 91' lang='lat' dir='ltr'>cou-</span> <span class='ocrx_word' id='word_1_579' title='bbox 1204 3895 1358 3960; x_wconf 89' lang='lat' dir='ltr'>ecclcsiae</span> <span class='ocrx_word' id='word_1_580' title='bbox 1380 3894 1546 3963; x_wconf 91' lang='lat' dir='ltr'>decretum</span> <span class='ocrx_word' id='word_1_581' title='bbox 1573 3893 1819 3978; x_wconf 78' lang='lat' dir='ltr'>confugiamus?</span> <span class='ocrx_word' id='word_1_582' title='bbox 1872 3891 2071 3971; x_wconf 89' lang='lat' dir='ltr'>orindeest,</span> <span class='ocrx_word' id='word_1_583' title='bbox 2096 3893 2185 3961; x_wconf 83' lang='lat' dir='ltr'>acsi</span> <span class='ocrx_word' id='word_1_584' title='bbox 2242 3966 2247 3975; x_wconf 61' lang='grc'><strong>,</strong></span> 
     </span>
     <span class='ocr_line' id='line_1_43' title="bbox 172 3979 2184 4066; baseline -0.003 -16"><span class='ocrx_word' id='word_1_585' title='bbox 172 4002 319 4061; x_wconf 86' lang='lat' dir='ltr'>seerarc,</span> <span class='ocrx_word' id='word_1_586' title='bbox 348 3985 452 4049; x_wconf 89' lang='lat' dir='ltr'>obiter</span> <span class='ocrx_word' id='word_1_587' title='bbox 479 3980 707 4066; x_wconf 85' lang='lat' dir='ltr'>attingendum</span> <span class='ocrx_word' id='word_1_588' title='bbox 735 3990 798 4062; x_wconf 92' lang='lat' dir='ltr'>est,</span> <span class='ocrx_word' id='word_1_589' title='bbox 826 4004 889 4066; x_wconf 90' lang='lat' dir='ltr'>quc</span> <span class='ocrx_word' id='word_1_590' title='bbox 916 3983 987 4048; x_wconf 91' lang='lat' dir='ltr'>iure</span> <span class='ocrx_word' id='word_1_591' title='bbox 1014 3982 1153 4048; x_wconf 88' lang='lat' dir='ltr'>eandem</span> <span class='ocrx_word' id='word_1_592' title='bbox 1204 3981 1276 4064; x_wconf 93' lang='lat' dir='ltr'>quis</span> <span class='ocrx_word' id='word_1_593' title='bbox 1298 3989 1400 4065; x_wconf 81' lang='lat' dir='ltr'>roget,</span> <span class='ocrx_word' id='word_1_594' title='bbox 1423 3981 1510 4047; x_wconf 91' lang='lat' dir='ltr'>unde</span> <span class='ocrx_word' id='word_1_595' title='bbox 1533 3979 1693 4047; x_wconf 69' lang='lat' dir='ltr'>dacemm</span> <span class='ocrx_word' id='word_1_596' title='bbox 1715 3979 1822 4045; x_wconf 91' lang='lat' dir='ltr'>lucem</span> <span class='ocrx_word' id='word_1_597' title='bbox 1869 3979 2030 4044; x_wconf 86' lang='lat' dir='ltr'>&#39;sccrncre</span> <span class='ocrx_word' id='word_1_598' title='bbox 2053 3986 2184 4044; x_wconf 89' lang='lat' dir='ltr'>atone·</span> 
     </span>
     <span class='ocr_line' id='line_1_44' title="bbox 177 4063 2185 4154; baseline -0.004 -18"><span class='ocrx_word' id='word_1_599' title='bbox 177 4069 267 4154; x_wconf 91' lang='lat' dir='ltr'>apud</span> <span class='ocrx_word' id='word_1_600' title='bbox 288 4069 401 4135; x_wconf 88' lang='lat' dir='ltr'>fideles</span> <span class='ocrx_word' id='word_1_601' title='bbox 423 4069 630 4133; x_wconf 86' lang='lat' dir='ltr'>autoritatem</span> <span class='ocrx_word' id='word_1_602' title='bbox 647 4068 824 4149; x_wconf 86' lang='lat' dir='ltr'>obtineant,</span> <span class='ocrx_word' id='word_1_603' title='bbox 847 4090 885 4135; x_wconf 89' lang='lat' dir='ltr'>ac</span> <span class='ocrx_word' id='word_1_604' title='bbox 907 4071 935 4134; x_wconf 91' lang='lat' dir='ltr'>si</span> <span class='ocrx_word' id='word_1_605' title='bbox 951 4069 1047 4135; x_wconf 87' lang='lat' dir='ltr'>vivae</span> <span class='ocrx_word' id='word_1_606' title='bbox 1064 4070 1153 4152; x_wconf 89' lang='lat' dir='ltr'>ipsae</span> <span class='ocrx_word' id='word_1_607' title='bbox 1204 4067 1287 4145; x_wconf 89' lang='lat' dir='ltr'>bris,</span> <span class='ocrx_word' id='word_1_608' title='bbox 1310 4067 1422 4132; x_wconf 90' lang='lat' dir='ltr'>album</span> <span class='ocrx_word' id='word_1_609' title='bbox 1444 4089 1465 4132; x_wconf 93' lang='lat' dir='ltr'>a</span> <span class='ocrx_word' id='word_1_610' title='bbox 1485 4067 1596 4152; x_wconf 85' lang='lat' dir='ltr'>nigro,</span> <span class='ocrx_word' id='word_1_611' title='bbox 1623 4086 1724 4132; x_wconf 88' lang='lat' dir='ltr'>suave</span> <span class='ocrx_word' id='word_1_612' title='bbox 1752 4065 1793 4130; x_wconf 89' lang='lat' dir='ltr'>ab</span> <span class='ocrx_word' id='word_1_613' title='bbox 1815 4063 1951 4130; x_wconf 83' lang='lat' dir='ltr'>amaro?</span> <span class='ocrx_word' id='word_1_614' title='bbox 1997 4063 2073 4129; x_wconf 89' lang='lat' dir='ltr'>Non</span> <span class='ocrx_word' id='word_1_615' title='bbox 2095 4064 2185 4129; x_wconf 88' lang='lat' dir='ltr'>enim</span> 
     </span>
     <span class='ocr_line' id='line_1_45' title="bbox 177 4150 2238 4240; baseline -0.003 -19"><span class='ocrx_word' id='word_1_616' title='bbox 177 4156 244 4221; x_wconf 91' lang='lat' dir='ltr'>Dei</span> <span class='ocrx_word' id='word_1_617' title='bbox 266 4176 361 4222; x_wconf 91' lang='lat' dir='ltr'>voces</span> <span class='ocrx_word' id='word_1_618' title='bbox 383 4154 627 4220; x_wconf 82' lang='lat' dir='ltr'>exaudirentur.</span> <span class='ocrx_word' id='word_1_619' title='bbox 672 4153 740 4219; x_wconf 85' lang='lat' dir='ltr'>Bes</span> <span class='ocrx_word' id='word_1_620' title='bbox 761 4176 840 4221; x_wconf 90' lang='lat' dir='ltr'>sane</span> <span class='ocrx_word' id='word_1_621' title='bbox 862 4155 1054 4240; x_wconf 81' lang='lat' dir='ltr'>dignissima</span> <span class='ocrx_word' id='word_1_622' title='bbox 1070 4176 1154 4238; x_wconf 89' lang='lat' dir='ltr'>quae</span> <span class='ocrx_word' id='word_1_623' title='bbox 1205 4153 1424 4218; x_wconf 90' lang='lat' dir='ltr'>obscuriorem</span> <span class='ocrx_word' id='word_1_624' title='bbox 1451 4153 1601 4220; x_wconf 88' lang='lat' dir='ltr'>veritatis</span> <span class='ocrx_word' id='word_1_625' title='bbox 1628 4173 1706 4219; x_wconf 86' lang='lat' dir='ltr'>suae</span> <span class='ocrx_word' id='word_1_626' title='bbox 1734 4172 1867 4218; x_wconf 90' lang='lat' dir='ltr'>sensnm</span> <span class='ocrx_word' id='word_1_627' title='bbox 1898 4150 1986 4215; x_wconf 89' lang='lat' dir='ltr'>ultro</span> <span class='ocrx_word' id='word_1_628' title='bbox 2021 4151 2185 4232; x_wconf 89' lang='lat' dir='ltr'>scriptura</span> <span class='ocrx_word' id='word_1_629' title='bbox 2235 4174 2238 4181; x_wconf 58' lang='lat'><strong>⁴</strong></span> 
     </span>
     <span class='ocr_line' id='line_1_46' title="bbox 177 4235 2184 4325; baseline -0.003 -18"><span class='ocrx_word' id='word_1_630' title='bbox 177 4247 214 4307; x_wconf 89' lang='lat' dir='ltr'>et</span> <span class='ocrx_word' id='word_1_631' title='bbox 239 4248 398 4307; x_wconf 88' lang='lat' dir='ltr'>tractetur</span> <span class='ocrx_word' id='word_1_632' title='bbox 425 4241 529 4306; x_wconf 84' lang='lat' dir='ltr'>fusius</span> <span class='ocrx_word' id='word_1_633' title='bbox 557 4250 591 4305; x_wconf 92' lang='lat' dir='ltr'>et</span> <span class='ocrx_word' id='word_1_634' title='bbox 617 4242 800 4306; x_wconf 84' lang='lat' dir='ltr'>accuratius</span> <span class='ocrx_word' id='word_1_635' title='bbox 829 4241 1041 4325; x_wconf 89' lang='lat' dir='ltr'>expendatur.</span> <span class='ocrx_word' id='word_1_636' title='bbox 1085 4238 1154 4307; x_wconf 83' lang='lat' dir='ltr'>Sed</span> <span class='ocrx_word' id='word_1_637' title='bbox 1205 4240 1442 4322; x_wconf 84' lang='lat' dir='ltr'>praesefert,</span> <span class='ocrx_word' id='word_1_638' title='bbox 1472 4261 1571 4323; x_wconf 91' lang='lat' dir='ltr'>quam</span> <span class='ocrx_word' id='word_1_639' title='bbox 1593 4238 1709 4305; x_wconf 90' lang='lat' dir='ltr'>coloris</span> <span class='ocrx_word' id='word_1_640' title='bbox 1730 4238 1781 4304; x_wconf 91' lang='lat' dir='ltr'>sui</span> <span class='ocrx_word' id='word_1_641' title='bbox 1802 4257 1856 4302; x_wconf 89' lang='lat' dir='ltr'>res</span> <span class='ocrx_word' id='word_1_642' title='bbox 1878 4235 1971 4302; x_wconf 86' lang='lat' dir='ltr'>albae</span> <span class='ocrx_word' id='word_1_643' title='bbox 1996 4257 2033 4302; x_wconf 90' lang='lat' dir='ltr'>ae</span> <span class='ocrx_word' id='word_1_644' title='bbox 2055 4236 2169 4319; x_wconf 78' lang='lat' dir='ltr'>nigrae</span> <span class='ocrx_word' id='word_1_645' title='bbox 2176 4257 2184 4315; x_wconf 91' lang='lat'>;</span> 
     </span>
     <span class='ocr_line' id='line_1_47' title="bbox 177 4326 1697 4413; baseline -0.001 -22"><span class='ocrx_word' id='word_1_646' title='bbox 177 4326 305 4393; x_wconf 87' lang='lat' dir='ltr'>dabunt</span> <span class='ocrx_word' id='word_1_647' title='bbox 325 4328 457 4393; x_wconf 91' lang='lat' dir='ltr'>veniam</span> <span class='ocrx_word' id='word_1_648' title='bbox 479 4326 624 4404; x_wconf 87' lang='lat' dir='ltr'>lectores,</span> <span class='ocrx_word' id='word_1_649' title='bbox 647 4326 674 4390; x_wconf 91' lang='lat' dir='ltr'>si</span> <span class='ocrx_word' id='word_1_650' title='bbox 696 4328 802 4411; x_wconf 79' lang='lat' dir='ltr'>magis</span> <span class='ocrx_word' id='word_1_651' title='bbox 820 4329 992 4413; x_wconf 91' lang='lat' dir='ltr'>respiciam</span> <span class='ocrx_word' id='word_1_652' title='bbox 1008 4326 1087 4410; x_wconf 86' lang='lat' dir='ltr'>quid</span> <span class='ocrx_word' id='word_1_653' title='bbox 1107 4327 1154 4392; x_wconf 84' lang='lat' dir='ltr'>fe-</span> <span class='ocrx_word' id='word_1_654' title='bbox 1206 4326 1339 4408; x_wconf 89' lang='lat' dir='ltr'>saporis,</span> <span class='ocrx_word' id='word_1_655' title='bbox 1363 4347 1481 4392; x_wconf 88' lang='lat' dir='ltr'>suaves</span> <span class='ocrx_word' id='word_1_656' title='bbox 1503 4333 1537 4391; x_wconf 91' lang='lat' dir='ltr'>et</span> <span class='ocrx_word' id='word_1_657' title='bbox 1558 4344 1697 4390; x_wconf 89' lang='lat' dir='ltr'>amarae.</span> 
     </span>
    </p>

    <p class='ocr_par' dir='ltr' id='par_1_4' title="bbox 177 4412 2186 4584">
     <span class='ocr_line' id='line_1_48' title="bbox 178 4412 2185 4498; baseline -0.002 -20"><span class='ocrx_word' id='word_1_658' title='bbox 178 4421 233 4478; x_wconf 77' lang='lat' dir='ltr'>rat</span> <span class='ocrx_word' id='word_1_659' title='bbox 253 4414 360 4497; x_wconf 72' lang='lat' dir='ltr'>operis</span> <span class='ocrx_word' id='word_1_660' title='bbox 382 4413 525 4477; x_wconf 68' lang='grc'>11181111111</span> <span class='ocrx_word' id='word_1_661' title='bbox 545 4412 642 4490; x_wconf 71' lang='grc'>111110,</span> <span class='ocrx_word' id='word_1_662' title='bbox 665 4434 764 4496; x_wconf 75' lang='lat' dir='ltr'>quam</span> <span class='ocrx_word' id='word_1_663' title='bbox 785 4413 883 4480; x_wconf 76' lang='lat' dir='ltr'>hUlUS</span> <span class='ocrx_word' id='word_1_664' title='bbox 905 4412 1154 4497; x_wconf 67' lang='grc'>161111111111111110</span> <span class='ocrx_word' id='word_1_665' title='bbox 1294 4415 1344 4475; x_wconf 77' lang='lat'>23·</span> <span class='ocrx_word' id='word_1_666' title='bbox 1389 4428 1451 4482; x_wconf 81' lang='lat' dir='ltr'>Scio</span> <span class='ocrx_word' id='word_1_667' title='bbox 1474 4428 1600 4498; x_wconf 90' lang='lat' dir='ltr'>equidem</span> <span class='ocrx_word' id='word_1_668' title='bbox 1626 4429 1707 4497; x_wconf 80' lang='lat' dir='ltr'>vulgo</span> <span class='ocrx_word' id='word_1_669' title='bbox 1735 4427 1814 4481; x_wconf 89' lang='lat' dir='ltr'>citari</span> <span class='ocrx_word' id='word_1_670' title='bbox 1841 4425 1886 4480; x_wconf 80' lang='lat' dir='ltr'>Aa</span> <span class='ocrx_word' id='word_1_671' title='bbox 1923 4425 1988 4479; x_wconf 89' lang='lat' dir='ltr'>stini</span> <span class='ocrx_word' id='word_1_672' title='bbox 2012 4420 2185 4487; x_wconf 86' lang='lat' dir='ltr'>seutentiam,</span> 
     </span>
     <span class='ocr_line' id='line_1_49' title="bbox 177 4443 2186 4584; baseline -0.006 -30"><span class='ocrx_word' id='word_1_673' title='bbox 177 4499 332 4583; x_wconf 74' lang='lat' dir='ltr'>requirat,</span> <span class='ocrx_word' id='word_1_674' title='bbox 382 4499 529 4564; x_wconf 76' lang='lat' dir='ltr'>Invaluit</span> <span class='ocrx_word' id='word_1_675' title='bbox 550 4508 661 4563; x_wconf 77' lang='lat' dir='ltr'>autem</span> <span class='ocrx_word' id='word_1_676' title='bbox 687 4496 774 4582; x_wconf 70' lang='lat' dir='ltr'>apud</span> <span class='ocrx_word' id='word_1_677' title='bbox 798 4500 969 4584; x_wconf 68' lang='lat' dir='ltr'>plerosque</span> <span class='ocrx_word' id='word_1_678' title='bbox 995 4500 1155 4582; x_wconf 66' lang='lat' dir='ltr'>pernjoio.</span> <span class='ocrx_word' id='word_1_679' title='bbox 1206 4497 1253 4551; x_wconf 88' lang='lat' dir='ltr'>ubi</span> <span class='ocrx_word' id='word_1_680' title='bbox 1270 4512 1301 4551; x_wconf 89' lang='lat' dir='ltr'>se</span> <span class='ocrx_word' id='word_1_681' title='bbox 1318 4497 1457 4567; x_wconf 79' lang='lat' dir='ltr'>evangelio</span> <span class='ocrx_word' id='word_1_682' title='bbox 1475 4497 1642 4550; x_wconf 87' lang='lat' dir='ltr'>crediturum</span> <span class='ocrx_word' id='word_1_683' title='bbox 1659 4502 1748 4566; x_wconf 80' lang='lat' dir='ltr'>negat,</span> <span class='ocrx_word' id='word_1_684' title='bbox 1767 4496 1819 4549; x_wconf 89' lang='lat' dir='ltr'>nisi</span> <span class='ocrx_word' id='word_1_685' title='bbox 1838 4443 1967 4549; x_wconf 54' lang='lat' dir='ltr'>ambliae</span> <span class='ocrx_word' id='word_1_686' title='bbox 1987 4492 2075 4561; x_wconf 88' lang='lat' dir='ltr'>ipsum</span> <span class='ocrx_word' id='word_1_687' title='bbox 2093 4505 2186 4543; x_wconf 86' lang='lat' dir='ltr'>more·</span> 
     </span>
    </p>
   </div>
   <div class='ocr_carea' id='block_1_4' title="bbox 176 4557 2187 4702">
    <p class='ocr_par' dir='ltr' id='par_1_5' title="bbox 176 4557 2187 4702">
     <span class='ocr_line' id='line_1_50' title="bbox 176 4557 2187 4702; baseline -0.014 5"><span class='ocrx_word' id='word_1_688' title='bbox 176 4585 826 4666; x_wconf 62' lang='grc'>1111111111111</span> <span class='ocrx_word' id='word_1_689' title='bbox 988 4587 1154 4686; x_wconf 57' lang='lat' dir='ltr'>merua</span> <span class='ocrx_word' id='word_1_690' title='bbox 1206 4567 1406 4689; x_wconf 60' lang='lat' dir='ltr'>astae·</span> <span class='ocrx_word' id='word_1_691' title='bbox 1419 4566 1453 4688; x_wconf 74' lang='lat' dir='ltr'>t</span> <span class='ocrx_word' id='word_1_692' title='bbox 1476 4563 2021 4702; x_wconf 62' lang='lat' dir='ltr'>§.aaaaaaaaaass</span> <span class='ocrx_word' id='word_1_693' title='bbox 2038 4557 2187 4697; x_wconf 63' lang='lat' dir='ltr'>assia</span> 
     </span>
    </p>
   </div>
   <div class='ocr_carea' id='block_1_5' title="bbox 139 4670 2189 5270">
    <p class='ocr_par' dir='ltr' id='par_1_6' title="bbox 139 4670 2187 4890">
     <span class='ocr_line' id='line_1_51' title="bbox 139 4670 2187 4785; baseline -0.014 -8"><span class='ocrx_word' id='word_1_694' title='bbox 139 4778 145 4785; x_wconf 72' lang='grc'><strong>,</strong></span> <span class='ocrx_word' id='word_1_695' title='bbox 175 4678 339 4755; x_wconf 64' lang='lat' dir='ltr'><strong>quantum</strong></span> <span class='ocrx_word' id='word_1_696' title='bbox 366 4671 414 4734; x_wconf 68' lang='lat' dir='ltr'>iffi</span> <span class='ocrx_word' id='word_1_697' title='bbox 447 4671 602 4771; x_wconf 45' lang='lat' dir='ltr'>ioeloem.</span> <span class='ocrx_word' id='word_1_698' title='bbox 620 4670 798 4771; x_wconf 63' lang='lat' dir='ltr'>.⁸¹¹ffmgfi⁵,</span> <span class='ocrx_word' id='word_1_699' title='bbox 828 4672 1028 4771; x_wconf 60' lang='lat' dir='ltr'>⁰⁰n9⁰dlt¹¹f3</span> <span class='ocrx_word' id='word_1_700' title='bbox 1063 4695 1101 4773; x_wconf 62' lang='lat'>{³⁰</span> <span class='ocrx_word' id='word_1_701' title='bbox 1127 4695 1155 4737; x_wconf 75' lang='lat'>⁸¹</span> <span class='ocrx_word' id='word_1_702' title='bbox 1206 4704 1246 4757; x_wconf 93' lang='lat' dir='ltr'>illi</span> <span class='ocrx_word' id='word_1_703' title='bbox 1270 4710 1330 4757; x_wconf 87' lang='lat' dir='ltr'>erat</span> <span class='ocrx_word' id='word_1_704' title='bbox 1352 4721 1413 4757; x_wconf 88' lang='lat' dir='ltr'>cum</span> <span class='ocrx_word' id='word_1_705' title='bbox 1430 4703 1608 4768; x_wconf 82' lang='lat' dir='ltr'>Manichaeis,</span> <span class='ocrx_word' id='word_1_706' title='bbox 1633 4704 1679 4772; x_wconf 92' lang='lat' dir='ltr'>qui</span> <span class='ocrx_word' id='word_1_707' title='bbox 1703 4705 1806 4772; x_wconf 86' lang='lat' dir='ltr'>absque</span> <span class='ocrx_word' id='word_1_708' title='bbox 1831 4697 2017 4781; x_wconf 77' lang='lat' dir='ltr'>centrovcrsia</span> <span class='ocrx_word' id='word_1_709' title='bbox 2040 4696 2114 4750; x_wconf 89' lang='lat' dir='ltr'>credi</span> <span class='ocrx_word' id='word_1_710' title='bbox 2133 4695 2187 4749; x_wconf 92' lang='lat' dir='ltr'>sihi</span> 
     </span>
     <span class='ocr_line' id='line_1_52' title="bbox 176 4755 2187 4890; baseline -0.003 -68"><span class='ocrx_word' id='word_1_711' title='bbox 176 4778 257 4857; x_wconf 69' lang='lat' dir='ltr'>vere</span> <span class='ocrx_word' id='word_1_712' title='bbox 284 4764 419 4856; x_wconf 63' lang='lat' dir='ltr'>aelerna</span> <span class='ocrx_word' id='word_1_713' title='bbox 450 4755 709 4856; x_wconf 55' lang='lat' dir='ltr'>lnvlolabpllsque</span> <span class='ocrx_word' id='word_1_714' title='bbox 736 4757 800 4820; x_wconf 84' lang='lat' dir='ltr'>Del</span> <span class='ocrx_word' id='word_1_715' title='bbox 819 4766 952 4823; x_wconf 75' lang='lat' dir='ltr'>’ventas</span> <span class='ocrx_word' id='word_1_716' title='bbox 984 4758 1155 4857; x_wconf 63' lang='lat' dir='ltr'>homluutn</span> <span class='ocrx_word' id='word_1_717' title='bbox 1207 4773 1348 4835; x_wconf 86' lang='lat' dir='ltr'>volebant,</span> <span class='ocrx_word' id='word_1_718' title='bbox 1373 4790 1455 4853; x_wconf 83' lang='lat' dir='ltr'>quum</span> <span class='ocrx_word' id='word_1_719' title='bbox 1474 4772 1618 4825; x_wconf 85' lang='lat' dir='ltr'>veritatem</span> <span class='ocrx_word' id='word_1_720' title='bbox 1630 4789 1665 4854; x_wconf 38' lang='lat' dir='ltr'>&#39;se</span> <span class='ocrx_word' id='word_1_721' title='bbox 1682 4772 1783 4839; x_wconf 86' lang='lat' dir='ltr'>habero</span> <span class='ocrx_word' id='word_1_722' title='bbox 1802 4769 2011 4890; x_wconf 45' lang='lat' dir='ltr'>{ammaum}</span> <span class='ocrx_word' id='word_1_723' title='bbox 2012 4782 2077 4887; x_wconf 54' lang='grc' dir='ltr'>θιιιίιι</span> <span class='ocrx_word' id='word_1_724' title='bbox 2091 4771 2187 4887; x_wconf 47' lang='lat'><strong>3323·</strong></span> 
     </span>
    </p>

    <p class='ocr_par' dir='ltr' id='par_1_7' title="bbox 177 4840 2188 5011">
     <span class='ocr_line' id='line_1_53' title="bbox 177 4840 1885 5011; baseline -0.029 2"><span class='ocrx_word' id='word_1_725' title='bbox 177 4844 315 5011; x_wconf 62' lang='lat' dir='ltr'>illl</span> <span class='ocrx_word' id='word_1_726' title='bbox 341 4840 1155 5011; x_wconf 64' lang='lat' dir='ltr'>statatiasaaaaepp</span> <span class='ocrx_word' id='word_1_727' title='bbox 1206 4842 1310 4963; x_wconf 69' lang='lat' dir='ltr'>aziza</span> <span class='ocrx_word' id='word_1_728' title='bbox 1326 4840 1885 4989; x_wconf 53' lang='lat' dir='ltr'>taratantaraa</span> 
     </span>
    </p>

    <p class='ocr_par' dir='ltr' id='par_1_8' title="bbox 177 4973 2189 5098">
     <span class='ocr_line' id='line_1_54' title="bbox 177 4973 2189 5098; baseline -0.023 4"><span class='ocrx_word' id='word_1_729' title='bbox 177 5015 262 5080; x_wconf 63' lang='lat' dir='ltr'><strong>¹¹³⁰ss</strong></span> <span class='ocrx_word' id='word_1_730' title='bbox 289 5037 309 5080; x_wconf 65' lang='lat' dir='ltr'>a</span> <span class='ocrx_word' id='word_1_731' title='bbox 335 5016 408 5079; x_wconf 79' lang='lat' dir='ltr'>D⁰0</span> <span class='ocrx_word' id='word_1_732' title='bbox 435 5013 613 5098; x_wconf 76' lang='lat' dir='ltr'>prodiisse?</span> <span class='ocrx_word' id='word_1_733' title='bbox 637 4979 757 5096; x_wconf 38' lang='lat' dir='ltr'>&#39;eequis</span> <span class='ocrx_word' id='word_1_734' title='bbox 783 5014 876 5079; x_wconf 89' lang='lat' dir='ltr'>salva</span> <span class='ocrx_word' id='word_1_735' title='bbox 902 5021 936 5078; x_wconf 91' lang='lat' dir='ltr'>et</span> <span class='ocrx_word' id='word_1_736' title='bbox 960 5013 1084 5078; x_wconf 91' lang='lat' dir='ltr'>intacta</span> <span class='ocrx_word' id='word_1_737' title='bbox 1114 4980 1155 5078; x_wconf 87' lang='lat' dir='ltr'>ad</span> <span class='ocrx_word' id='word_1_738' title='bbox 1207 4996 1269 5032; x_wconf 70' lang='lat'><strong>”⁰¹¹¹</strong></span> <span class='ocrx_word' id='word_1_739' title='bbox 1291 4978 1412 5060; x_wconf 68' lang='lat' dir='ltr'>incidam</span> <span class='ocrx_word' id='word_1_740' title='bbox 1433 4979 1480 5049; x_wconf 86' lang='lat' dir='ltr'>qui</span> <span class='ocrx_word' id='word_1_741' title='bbox 1502 4994 1537 5060; x_wconf 67' lang='lat'>¹3⁰</span> <span class='ocrx_word' id='word_1_742' title='bbox 1559 4978 1699 5059; x_wconf 55' lang='lat' dir='ltr'>lv⁸n⁸⁰¹¹⁰</span> <span class='ocrx_word' id='word_1_743' title='bbox 1724 4973 2062 5096; x_wconf 50' lang='lat' dir='ltr'>quffiffiffiffigmffff</span> <span class='ocrx_word' id='word_1_744' title='bbox 2088 4986 2189 5094; x_wconf 58' lang='lat' dir='ltr'>ffl}</span> 
     </span>
    </p>

    <p class='ocr_par' dir='ltr' id='par_1_9' title="bbox 176 5053 1801 5183">
     <span class='ocr_line' id='line_1_55' title="bbox 176 5053 1801 5183; baseline -0.015 -63"><span class='ocrx_word' id='word_1_745' title='bbox 176 5109 328 5166; x_wconf 59' lang='lat' dir='ltr'><strong>nostram</strong></span> <span class='ocrx_word' id='word_1_746' title='bbox 348 5123 450 5183; x_wconf 61' lang='lat' dir='ltr'>usque</span> <span class='ocrx_word' id='word_1_747' title='bbox 472 5107 613 5164; x_wconf 60' lang='lat' dir='ltr'><strong>aetatem</strong></span> <span class='ocrx_word' id='word_1_748' title='bbox 633 5101 821 5182; x_wconf 58' lang='lat' dir='ltr'>pervenisse</span> <span class='ocrx_word' id='word_1_749' title='bbox 842 5092 996 5166; x_wconf 39' lang='lat' dir='ltr'>certiores</span> <span class='ocrx_word' id='word_1_750' title='bbox 1018 5098 1153 5163; x_wconf 60' lang='lat' dir='ltr'><strong>reddat?</strong></span> <span class='ocrx_word' id='word_1_751' title='bbox 1207 5064 1389 5116; x_wconf 80' lang='lat' dir='ltr'>persuasionis</span> <span class='ocrx_word' id='word_1_752' title='bbox 1414 5053 1546 5102; x_wconf 89' lang='lat' dir='ltr'>cumsmt</span> <span class='ocrx_word' id='word_1_753' title='bbox 1567 5062 1689 5099; x_wconf 82' lang='lat' dir='ltr'>insuam</span> <span class='ocrx_word' id='word_1_754' title='bbox 1707 5061 1755 5098; x_wconf 87' lang='lat' dir='ltr'>sen</span> <span class='ocrx_word' id='word_1_755' title='bbox 1783 5062 1801 5096; x_wconf 89' lang='lat' dir='ltr'>n</span> 
     </span>
    </p>

    <p class='ocr_par' dir='ltr' id='par_1_10' title="bbox 176 5184 1155 5270">
     <span class='ocr_line' id='line_1_56' title="bbox 176 5184 1155 5270; baseline -0.023 1"><span class='ocrx_word' id='word_1_756' title='bbox 176 5188 290 5270; x_wconf 89' lang='lat' dir='ltr'>ecquis</span> <span class='ocrx_word' id='word_1_757' title='bbox 311 5185 514 5270; x_wconf 77' lang='lat' dir='ltr'>persuadeat,</span> <span class='ocrx_word' id='word_1_758' title='bbox 536 5185 658 5249; x_wconf 86' lang='lat' dir='ltr'>librum</span> <span class='ocrx_word' id='word_1_759' title='bbox 679 5185 767 5255; x_wconf 92' lang='lat' dir='ltr'>hunc</span> <span class='ocrx_word' id='word_1_760' title='bbox 786 5194 975 5252; x_wconf 88' lang='lat' dir='ltr'>reverenter</span> <span class='ocrx_word' id='word_1_761' title='bbox 991 5184 1155 5267; x_wconf 91' lang='lat' dir='ltr'>excipien-</span> 
     </span>
    </p>
   </div>
   <div class='ocr_carea' id='block_1_6' title="bbox 176 5271 1988 5420">
    <p class='ocr_par' dir='ltr' id='par_1_11' title="bbox 176 5271 1988 5420">
     <span class='ocr_line' id='line_1_57' title="bbox 176 5271 1988 5420; baseline -0.001 -83"><span class='ocrx_word' id='word_1_762' title='bbox 176 5271 274 5352; x_wconf 88' lang='lat' dir='ltr'>dam,</span> <span class='ocrx_word' id='word_1_763' title='bbox 309 5273 449 5338; x_wconf 88' lang='lat' dir='ltr'>altermn</span> <span class='ocrx_word' id='word_1_764' title='bbox 475 5292 611 5336; x_wconf 91' lang='lat' dir='ltr'>numero</span> <span class='ocrx_word' id='word_1_765' title='bbox 638 5272 907 5357; x_wconf 81' lang='lat' dir='ltr'>expungendum,</span> <span class='ocrx_word' id='word_1_766' title='bbox 940 5271 1006 5337; x_wconf 92' lang='lat' dir='ltr'>nisi</span> <span class='ocrx_word' id='word_1_767' title='bbox 1032 5276 1157 5383; x_wconf 58' lang='lat' dir='ltr'>certqm</span> <span class='ocrx_word' id='word_1_768' title='bbox 1280 5286 1309 5354; x_wconf 89' lang='lat'>1)</span> <span class='ocrx_word' id='word_1_769' title='bbox 1327 5288 1415 5342; x_wconf 76' lang='lat' dir='ltr'>Locus</span> <span class='ocrx_word' id='word_1_770' title='bbox 1433 5295 1477 5342; x_wconf 82' lang='lat' dir='ltr'>est</span> <span class='ocrx_word' id='word_1_771' title='bbox 1494 5295 1588 5344; x_wconf 75' lang='lat' dir='ltr'>conae</span> <span class='ocrx_word' id='word_1_772' title='bbox 1606 5287 1684 5357; x_wconf 78' lang='lat' dir='ltr'>epist.</span> <span class='ocrx_word' id='word_1_773' title='bbox 1702 5283 1871 5338; x_wconf 69' lang='lat' dir='ltr'>humenti</span> <span class='ocrx_word' id='word_1_774' title='bbox 1889 5297 1912 5336; x_wconf 87' lang='lat' dir='ltr'>c.</span> <span class='ocrx_word' id='word_1_775' title='bbox 1930 5279 1988 5420; x_wconf 47' lang='grc' dir='ltr'>ᾗ.</span> 
     </span>
    </p>
   </div>
   <div class='ocr_carea' id='block_1_7' title="bbox 0 0 2390 6022">
    <p class='ocr_par' dir='ltr' id='par_1_12' title="bbox 0 0 2390 6022">
     <span class='ocr_line' id='line_1_58' title="bbox 0 0 2390 6022; baseline 0 0"><span class='ocrx_word' id='word_1_776' title='bbox 0 0 2390 6022; x_wconf 95' lang='lat' dir='ltr'> </span> 
     </span>
    </p>
   </div>
  </div>
 </body>
</html>
