4770 6030
186 351 249 413 869
430 345 530 411 ΟΑΡ.
555 344 651 410 XIV.
676 343 804 434 (vm)
846 347 911 412 DE
933 342 1403 413 PRAEDDS'DINATIOND
1424 345 1484 410 ΕΤ
1506 343 1831 413 ΡΒΟῊΒΕΝΤΙΑ
1852 350 1944 417 DEI.
2123 354 2187 418 870
2206 442 2207 445 ¹

188 461 414 618 hillidii?
422 447 607 616 'sicddeldm
628 543 810 617 respectum
840 532 1046 601 obtendisset
1091 502 1161 596 (lur
1212 533 1416 612 aptissimum
1431 531 1455 617 ¹)
1476 533 1590 598 fuisset
1616 534 1760 599 iustitiae
1786 535 1856 599 eius
1881 537 2099 617 patrocinium
2120 559 2188 604 non

188 643 266 703 ergo
287 621 321 684 id
343 643 409 685 non
430 621 529 690 facit?
552 622 632 703 quin
654 643 837 686 sermonem
858 623 966 705 potius
983 617 1159 694 continuat,
1212 626 1363 699 usurpat:
1396 619 1506 682 Deum
1538 619 1724 701 rependisse
1756 621 1847 685 Esau
1879 622 2060 686 seeundum
2092 645 2188 690 suam

58 734 68 744 ·
188 709 242 789 qui
264 710 300 770 in
322 706 435 770 eadem
457 706 646 772 difficultate
671 707 843 772 versetur?
888 707 970 785 Our,
1000 703 1065 767 nisi
1086 703 1162 784 quia
1212 703 1388 782 malitiam3
1410 704 1467 769 sed
1490 704 1619 770 diversa
1639 706 1799 770 solutione
1820 716 1992 772 contentus
2012 715 2078 786 est,
2100 709 2188 791 quod

187 815 253 857 non
279 792 413 857 debuit?
457 792 533 856 Non
560 794 648 857 enim
679 793 852 857 oblivionis
883 795 962 857 vitio
993 788 1163 853 laborabat
1194 789 1245 852 xin
1268 789 1356 853 hune
1377 791 1476 853 finem
1499 792 1683 855 excitantur
1704 793 1842 873 reprobi,
1864 802 1902 856 ut
1919 794 1982 856 Dei
2004 793 2108 876 gloria
2128 816 2188 877 per

188 880 321 961 spiritus
340 885 480 956 sanctus,
503 880 558 960 qui
579 900 639 961 per
659 900 694 942 os
713 880 782 943 eius
810 878 1009 959 loquebatur.
1053 874 1162 938 Nidlis
1212 875 1499 957 ipsosillustratur.
1522 877 1666 941 Domum
1678 878 1841 942 subnectit
1852 879 2046 943 clausrdam:
2066 881 2185 960 Deum,

188 986 266 1047 crgo
287 964 479 1047 ambagibus
505 965 693 1046 respondet,
720 964 792 1028 ideo
818 966 886 1028 suis
913 965 1022 1029 electis
1051 961 1161 1024 favere
1212 962 1304 1025 cuius
1325 961 1406 1038 vult,
1428 962 1585 1039 misereri,
1609 972 1759 1045 atquem
1781 964 1861 1041 vult,
1883 964 2048 1029 indurare.
2082 966 2185 1032 Vides

188 1051 307 1128 Deum,
330 1051 406 1132 quia
429 1051 522 1130 velit;
544 1050 616 1115 ideo
637 1051 794 1127 misereri,
813 1051 889 1132 quia
905 1051 993 1114 velit
1017 1049 1160 1114 Perinde
1212 1048 1301 1109 utin
1319 1047 1424 1110 solum
1443 1048 1507 1111 Dei
1524 1049 1695 1112 arbitrium
1714 1051 2064 1131 utrumqueeonfcrat?
2095 1052 2185 1136 Ergo

188 1137 277 1200 enim
304 1135 393 1201 valet
422 1136 602 1201 oraculum:
633 1137 824 1213 miserebor,
853 1136 945 1200 cuius
972 1136 1158 1214 miserebor,
1212 1133 1240 1196 si
1267 1153 1333 1196 non
1360 1153 1532 1216 possumus
1559 1135 1719 1198 rationem
1741 1136 1920 1217 assignare,
1946 1158 2006 1201 cur
2027 1159 2102 1202 suos
2123 1138 2185 1202 mi·

189 1229 222 1285 et
243 1222 450 1286 miseratione
477 1221 687 1303 complectar,
714 1243 810 1303 quem
838 1223 1045 1286 miseratione
1073 1242 1160 1286 com·
1212 1219 1389 1282 sericordia
1410 1218 1571 1300 dignetur,
1594 1220 1657 1284 nisi
1677 1222 1830 1301 queniam
1850 1223 1897 1286 ita
1914 1222 1962 1284 illi
1985 1223 2104 1304 placet,
2128 1245 2185 1289 nc-

188 1307 326 1388 plectar,
357 1328 395 1371 ac
415 1308 442 1372 si
465 1307 640 1385 diceretur,
667 1308 778 1371 Deum
797 1329 863 1371 non
886 1307 950 1371 alia
971 1308 1097 1372 ratione
1119 1306 1161 1371 ad
1212 1324 1275 1384 que
1312 1305 1412 1369 etiam
1448 1306 1483 1368 in
1516 1306 1589 1371 aliis
1628 1306 1840 1388 reprobandis
1873 1307 1961 1372 aliud
1994 1309 2185 1376 habebimus

187 1391 442 1457 misericordiam
464 1394 597 1467 moveri,
619 1393 683 1456 nisi
698 1394 776 1474 quia
792 1393 940 1457 misereri
961 1393 1049 1458 velit
1093 1393 1161 1457 Ve-
1212 1410 1310 1471 quam
1337 1390 1406 1455 eius
1432 1391 1643 1456 voluntatem.
1694 1390 1805 1472 Quum
1832 1393 1921 1456 enim
1949 1392 2068 1458 dicitur
2093 1396 2185 1461 Deus

188 1500 264 1542 rum
285 1499 361 1561 ergo
383 1486 495 1542 manet
512 1478 592 1542 illud
612 1478 802 1561 Augustini:
817 1479 843 1562 ¹)
861 1479 1002 1561 gratiam
1019 1479 1082 1543 Dei
1093 1499 1161 1544 non
1212 1474 1265 1538 vel
1296 1475 1467 1555 indurare,
1500 1476 1553 1542 vel
1580 1477 1801 1542 misericordia
1825 1480 1975 1561 prosequi
2001 1501 2098 1561 quem
2127 1501 2185 1545 vo-

188 1564 336 1629 invenire
357 1564 531 1646 eligendos,
554 1563 611 1629 sed
632 1565 746 1629 faeere.
1211 1560 1323 1639 luerit,
1351 1583 1389 1626 eo
1411 1562 1627 1627 admonentur
1648 1563 1812 1642 homines,
1840 1565 1923 1629 nihil
1947 1586 2063 1630 causae
2085 1587 2184 1648 quas-

277 1653 324 1712 11.
369 1650 420 1714 Ac
446 1671 489 1714 ne
515 1650 606 1713 illam
633 1650 763 1731 quidem
786 1648 969 1734 rhomam)
997 1651 1159 1732 argutiam
1212 1667 1284 1711 rere
1306 1654 1401 1712 extra
1421 1649 1491 1713 eius
1512 1639 1723 1714 voluntatem.

188 1755 368 1798 moramur:
409 1736 659 1817 praescientiam
690 1736 883 1799 meritorum
905 1757 971 1799 non
1003 1757 1045 1800 ex
1066 1744 1160 1817 parte
1301 1737 1348 1797 13.
1392 1734 1486 1799 Haec
1506 1734 1680 1799 veredum
1698 1730 1790 1800 audit
1805 1735 1987 1800 humanum
2006 1736 2183 1820 ingenium,

188 1820 320 1902 quidem
347 1827 439 1885 actus
465 1821 740 1904 praedestinantis
762 1842 833 1885 esse
853 1820 1160 1903 praedestinationis
1212 1820 1371 1883 contineri
1398 1820 1512 1902 nequit
1532 1821 1602 1884 eius
1623 1822 1803 1902 protervia,
1831 1823 1910 1902 quin
1932 1822 2024 1886 velut
2045 1822 2087 1887 ad
2107 1845 2185 1887 can·

187 1927 335 1984 causam3
368 1928 410 1970 ex
441 1914 535 1988 parte
568 1914 677 1972 autem
704 1912 815 1971 nostra
845 1906 1080 1988 quodammodo
1113 1908 1161 1971 sic
1212 1915 1282 1968 tum
1314 1904 1441 1971 classici
1472 1906 1563 1970 varie
1595 1914 1629 1970 et
1661 1928 1761 1989 supra
1792 1906 1926 1982 modum
1960 1908 2186 1975 tumultuetur.

187 1992 299 2055 vocari
318 2013 420 2074 posse.
465 1993 592 2075 Nempe
613 1992 792 2058 secundum
814 1993 1043 2073 particularem
1065 2014 1160 2076 prae-
1212 1990 1328 2055 Multis
1345 1990 1450 2056 modis
1472 2012 1547 2056 cum
1564 1992 1636 2056 Dee
1653 1992 1786 2074 litigant
1803 1993 1895 2057 stulti
1914 1993 2071 2072 homines,
2094 1994 2188 2076 quasi

189 2076 413 2142 destinationis
440 2080 712 2157 aestimationem
742 2085 779 2140 ut
806 2099 907 2160 quum
929 2077 1047 2144 dieitur
1067 2080 1160 2144 Deus
1212 2097 1287 2140 eum
1314 2084 1448 2142 teneant
1473 2077 1542 2141 suis
1570 2077 1849 2144 criminationibus
1882 2080 2068 2144 obnoxium.
2112 2081 2187 2145 Pri·

188 2161 430 2244 praedestinare
451 2163 576 2228 homini
604 2165 741 2247 gloriam
762 2184 804 2227 ex
825 2165 964 2244 meritis,
987 2165 1063 2246 quia
1084 2185 1159 2248 gra-
1211 2182 1304 2226 mum
1325 2183 1402 2246 ergo
1424 2164 1639 2246 interrogant,
1662 2183 1726 2245 quo
1747 2165 1818 2228 iure
1840 2165 1908 2229 suis
1926 2166 2083 2230 creaturis
2104 2166 2188 2232 iras·

188 2247 269 2312 tiam
301 2248 329 2311 ei
368 2248 482 2332 largiri
521 2249 679 2329 decrevit,
716 2271 781 2332 qua
814 2249 951 2332 gloriam
985 2259 1158 2315 mereatur.
1212 2256 1305 2312 catur
1326 2249 1504 2325 Dominus,
1532 2249 1688 2330 aquibus
1715 2249 1807 2313 nulla
1829 2258 1903 2314 ante
1925 2251 2051 2316 offensa
2071 2272 2187 2333 provo·

190 2330 302 2412 Quum
329 2335 417 2398 enim
439 2336 521 2399 nihil
547 2337 582 2399 in
606 2336 762 2400 electione
790 2336 852 2400 nisi
881 2357 1006 2400 mamm
1029 2337 1160 2401 >bonita-
1212 2345 1304 2399 catus
1330 2335 1436 2399 fucrit.
1486 2335 1573 2399 Nam
1600 2334 1699 2399 exitio
1724 2335 1884 2399 devovere
1911 2356 1990 2417 quos
2018 2336 2186 2420 placuerit,

190 2430 256 2482 tem
276 2418 355 2482 velit
376 2442 435 2485 nos
454 2422 574 2485 intueri
595 2422 771 2498 Dominus,
799 2422 827 2485 si
849 2422 921 2503 quis
942 2422 1016 2504 plus
1038 2421 1161 2504 aliquid
1212 2422 1346 2504 tyranni
1371 2420 1477 2504 magis
1505 2419 1631 2486 libidini
1658 2440 1757 2502 quam
1784 2420 1949 2504 legitimae
1975 2421 2091 2487 iudicis
2113 2444 2189 2487 sen·

94 2544 99 2553 ·
188 2505 373 2586 prospicere
409 2506 463 2572 hie
494 2509 619 2590 cupiat,
655 2515 863 2589 praepostera
895 2508 957 2571 crit
989 2508 1162 2573 affectatio:
1213 2507 1334 2571 tentiae
1360 2506 1542 2572 convenire.
1591 2506 1676 2570 Esse
1708 2506 1810 2589 igitur
1835 2527 1894 2571 cur
1921 2528 1996 2570 cum
2025 2508 2096 2572 Deo
2131 2530 2189 2573 ex·

190 2587 286 2669 Quod
320 2592 347 2656 si
379 2600 504 2657 certare
531 2593 709 2658 subtilitate
737 2593 851 2669 libeat,
879 2614 947 2656 non
975 2592 1065 2658 deest
1097 2614 1160 2676 quo
1213 2592 1379 2673 postulent
1400 2592 1563 2671 homines,
1593 2592 1622 2656 si
1643 2590 1731 2656 nudo
1751 2592 1821 2656 cius
1843 2592 1986 2670 arbitrio,
2009 2594 2092 2657 citra
2113 2615 2189 2676 pro-
2276 2665 2278 2671 ¹

188 2675 286 2740 istam
314 2678 459 2743 Thomas
488 2680 682 2762 argutiolam
709 2679 931 2743 retundamus.
980 2680 1057 2762 Ipse
1084 2701 1162 2744 con·
1212 2679 1322 2759 prium
1343 2681 1511 2756 meritum,
1534 2678 1569 2741 in
1591 2686 1758 2742 aeternam
1779 2683 1918 2742 mortem
1942 2677 2190 2760 praedestinan-

188 2760 302 2840 tendit,
325 2763 462 2845 gloriam
479 2765 589 2830 electis
611 2764 846 2847 quodammodo
862 2764 1098 2847 praedestinari
1120 2787 1162 2830 ex
1213 2772 1276 2827 tur.
1321 2763 1492 2829 Eiusmodi
1514 2764 1724 2848 cogitationes
1751 2764 1780 2828 si
1805 2762 1935 2845 quando
1963 2764 2025 2845 piis
2049 2763 2189 2828 homini·

188 2849 328 2926 nieritm,
357 2851 433 2931 quia
456 2853 596 2933 gratiam
624 2851 688 2915 illis
716 2850 939 2933 praedestinat
960 2851 1067 2929 Deus,
1098 2872 1163 2933 qua
1214 2848 1322 2914 busin
1336 2861 1480 2914 mentem
1493 2849 1638 2927 veniant,
1662 2848 1704 2913 ad
1722 2849 1921 2932 frangendos
1938 2870 2051 2913 earum
2069 2849 2189 2932 impul·

189 2932 326 3015 gloriam
348 2944 544 3000 mercantur.
580 2936 667 3017 Quid
690 2939 718 3002 si
740 2944 855 3002 contra
872 2937 1044 3020 excipiam:
1067 2957 1162 3019 prae·
1214 2956 1270 2999 sus
1291 2934 1343 2999 vel
1366 2935 1427 3000 hoc
1444 2957 1510 2999 uuo
1528 2935 1608 2999 satis
1626 2934 1850 3012 armabuntur,
1869 2936 1898 3000 si
1915 2942 2068 3017 reputent
2085 2956 2189 3017 quan·

190 3017 438 3084 destinationem
466 3022 508 3086 ad
537 3024 676 3106 gratiam
709 3022 858 3088 electioni
885 3022 926 3086 cd
955 3024 1058 3096 vitam
1087 3023 1162 3087 sub-
1214 3027 1266 3085 tae
1288 3021 1332 3085 sit
1352 3021 1585 3103 improbitatis,
1612 3041 1727 3085 causas
1753 3020 1882 3085 dinnao
1908 3021 2084 3086 voluntatis
2105 3020 2189 3086 dun·

189 3105 321 3182 servire,
343 3128 477 3190 esseque
498 3110 567 3174 eius
588 3109 689 3173 veluti
707 3109 932 3191 pedissequam
939 3132 948 3187 ;
966 3109 1105 3192 gratiam
1122 3110 1163 3174 iis
1214 3113 1308 3170 taxat
1334 3107 1531 3188 percontari;
1559 3126 1660 3187 quum
1687 3107 1834 3170 omnium
1855 3128 1938 3188 quae
1960 3115 2051 3183 sunt,
2080 3107 2188 3192 ips02)

189 3189 438 3269 praedestinari,
467 3195 583 3275 quibus
612 3195 734 3278 gloriae
755 3195 916 3276 possessio
943 3195 1010 3258 iam
1032 3193 1089 3258 diu
1110 3216 1162 3260 as-
1214 3193 1257 3257 sit
1278 3212 1384 3268 causa,
1408 3199 1442 3256 et
1463 3192 1580 3256 merito
1598 3213 1669 3256 esse
1687 3191 1811 3257 debeat.
1841 3192 1927 3256 Nam
1946 3193 1973 3257 si
1993 3193 2094 3256 ullam
2113 3214 2189 3258 eau-

188 3277 317 3357 signata
328 3278 380 3354 sit,
402 3279 478 3360 quia
498 3280 533 3342 in
555 3281 817 3345 iustificationem
839 3302 879 3343 ex
902 3280 1058 3345 electione
1078 3280 1163 3345 filios
1214 3299 1284 3342 sam
1312 3278 1425 3354 habet,
1454 3276 1577 3360 aliquid
1603 3299 1675 3342 eam
1698 3278 1868 3342 antecedat
1895 3285 2036 3360 oportet,
2063 3279 2115 3343 cui
2132 3275 2212 3344 ver-⁸

189 3381 265 3425 sues
292 3361 451 3427 adducere
474 3365 615 3430 Domino
642 3366 790 3448 placeat?
835 3366 918 3430 Inde
939 3367 1028 3430 enim
1050 3387 1163 3448 seque·
1213 3363 1273 3427 luti
1295 3363 1461 3447 alligetur;
1484 3363 1570 3445 quod
1591 3364 1682 3428 nefas
1703 3374 1754 3428 θεῖ
1773 3364 1954 3446 imaginari.
2023 3363 2083 3427 deo
2100 3365 2190 3428 enim

189 3453 258 3525 tur,
285 3447 613 3528 praedestinationem
646 3452 768 3535 gloriae
801 3473 932 3516 eausam
956 3453 1064 3534 potius
1092 3473 1162 3517 esse
1214 3470 1343 3513 summa
1371 3459 1421 3514 est
1447 3449 1590 3514 iustitiae
1618 3449 1734 3599 reffila
1760 3449 1825 3513 Dei
1847 3449 2013 3538 permutas,
2036 3470 2058 3512 u
2095 3469 2150 3530 qm
2173 3484 2189 3499 ·

189 3533 493 3613 praedestinationis
524 3539 665 3619 gratim
698 3559 795 3620 quum
824 3560 842 3601 e
873 3558 1037 3603 converso.
1095 3536 1163 3604 Sed
1214 3557 1270 3617 qur
1324 3557 1369 3600 vu
1402 3586 1410 3614 ‚
1444 3556 1482 3599 co
1514 3536 1584 3616 ipso
1611 3557 1655 3618 qu
1784 3543 1811 3610 t,
1844 3536 1967 3599 iustum
2001 3533 2190 3599 habendum

190 3618 323 3682 valeant
349 3620 429 3684 hacc
458 3623 650 3701 certamina,
684 3633 722 3687 ut
747 3630 824 3688 sunt
848 3645 1050 3705 supervacua
1077 3625 1163 3689 inter
1215 3622 1265 3685 sit
1275 3621 1303 3705 ⁸)
1346 3621 1412 3687 Ubi
1434 3641 1512 3703 ergo
1533 3622 1702 3702 quaeritur
1723 3642 1781 3686 cur
1808 3622 1856 3685 ita
1881 3620 1996 3685 feeerit
2017 3620 2188 3699 Dandum,

191 3725 261 3779 ees,
288 3706 343 3786 qui
364 3707 443 3770 satis
465 3709 641 3789 sapientiae
670 3709 732 3773 sibi
753 3711 788 3773 in
811 3710 910 3774 verbo
932 3710 996 3774 Dei
1014 3731 1084 3774 esse
1102 3710 1162 3774 du·
1214 3707 1477 3788 respondendum
1499 3714 1558 3784 est,
1582 3708 1659 3788 quia
1680 3706 1791 3770 voluit
1837 3704 1934 3786 Quod
1956 3707 1983 3770 si
2005 3705 2093 3770 ultra
2115 3715 2188 3787 per-

190 3798 274 3853 cent
318 3791 405 3856 Vere
432 3795 521 3856 enim
547 3794 629 3857 illud
659 3795 699 3858 ab
728 3796 943 3860 ecclesiastico
970 3797 1125 3878 scriptore
1133 3797 1163 3882 ⁸)
1215 3814 1273 3875 gas
1296 3792 1454 3876 rogando,
1477 3814 1535 3857 cur
1556 3792 1709 3869 voluerit,
1732 3793 1838 3857 maius
1860 3791 1982 3873 aliquid
2006 3792 2134 3873 quaeris
2156 3797 2190 3857 ct

190 3875 268 3938 olim
297 3876 419 3941 dietum
445 3879 519 3942 luit:
554 3881 608 3961 qui
638 3880 701 3944 Dei
735 3881 926 3946 electionem
952 3883 1079 3947 meritis
1111 3903 1180 3964 asq
1215 3878 1384 3943 sublimius
1411 3878 1476 3943 Dei
1503 3878 1685 3956 voluntate,
1714 3877 1800 3960 quod
1822 3878 1962 3942 inveniri
1984 3898 2051 3941 non
2072 3883 2187 3959 petest.

190 3962 331 4043 signant,
355 3986 408 4028 eos
431 3964 504 4046 plus
526 3986 624 4046 quam
646 3974 773 4048 oportet
792 3989 914 4049 sapere.
1216 3964 1409 4046 compescat
1440 3965 1542 4047 igitur
1573 3985 1608 4029 sc
1647 3963 1793 4028 humana
1818 3964 2000 4044 temeritas,
2038 3971 2072 4028 et
2102 3962 2189 4045 quod

280 4051 326 4110 12.
371 4049 469 4115 Nunc
495 4050 535 4114 de
563 4053 723 4133 reprobis,
756 4074 836 4134 quos
861 4053 960 4118 simul
990 4051 1059 4118 illic
1086 4075 1162 4119 con·
1216 4071 1281 4114 non
1309 4060 1360 4114 est
1386 4071 1429 4114 ne
1457 4057 1607 4132 quaerat,
1636 4057 1674 4114 ut
1700 4049 1846 4114 neforto
1871 4048 1906 4113 id
1933 4049 2018 4131 quod
2045 4059 2095 4114 est
2122 4069 2189 4113 non

135 4172 137 4176 ι
190 4131 299 4214 iungit
320 4137 491 4214 apostolus.
538 4137 584 4201 Ut
603 4138 691 4201 enim
713 4138 825 4216 Iacob,
856 4138 1042 4202 nihildum
1068 4140 1162 4206 bonis
1215 4137 1369 4201 inveniat
1418 4136 1505 4214 Hoc,
1532 4136 1683 4218 inquam,
1710 4136 1822 4201 fraeno
1850 4136 1931 4200 bene
1959 4134 2188 4214 continebitur,

190 4219 340 4298 operibus
357 4223 561 4299 promeritus,
580 4225 758 4287 assumitur
773 4225 809 4287 in
827 4226 976 4307 gratiam,
999 4225 1045 4289 sic
1062 4226 1162 4306 Esau,
1215 4223 1360 4304 quisquis
1387 4221 1428 4286 de
1456 4222 1585 4286 areanis
1607 4221 1671 4286 Dei
1697 4222 1748 4286 sui
1769 4243 1845 4287 cum
1873 4221 2057 4286 reverentia
2081 4219 2188 4301 philo-

190 4303 281 4367 nullo
311 4303 418 4369 adhuc
450 4307 570 4371 scelere
601 4310 804 4390 inquinatus,
832 4310 905 4375 odio
932 4310 1080 4375 habetur.
1125 4309 1164 4376 Si
1215 4307 1347 4389 sophari
1371 4307 1468 4372 volet.
1518 4306 1686 4372 Adversus
1718 4308 1893 4389 impiorum
1919 4306 2101 4382 audaciam,
2132 4304 2205 4386 qru',

191 4389 232 4452 ad
259 4411 358 4472 opera
390 4394 610 4459 convertimus
638 4395 760 4472 oculos,
799 4396 954 4460 iniuriam
980 4398 1163 4479 irrogamus
1215 4394 1286 4458 Deo
1308 4393 1417 4476 palam
1438 4391 1632 4459 maledicere
1649 4413 1714 4457 non
1733 4393 1917 4471 formidant,
1938 4392 2100 4455 Dominus
2118 4391 2187 4472 ipse

190 4476 343 4556 apostole,
365 4479 456 4557 quasi
480 4479 512 4542 id
534 4479 642 4561 ipsum
663 4481 748 4562 qnod
770 4482 863 4546 nobis
884 4483 1092 4564 perspicuum
1114 4491 1164 4548 θεῖ
1215 4501 1275 4544 sua
1298 4480 1435 4557 iustitia,
1463 4480 1534 4544 sinc
1561 4487 1672 4543 nostro
1698 4479 1891 4561 patrocinio,
1919 4477 1998 4543 satis
2019 4497 2053 4541 se
2075 4475 2187 4540 defen-

191 4581 257 4624 non
278 4562 406 4627 viderit
451 4565 554 4628 Porro
576 4587 642 4629 non
664 4566 784 4632 vidisse
801 4569 1015 4644 convincitur,
1034 4569 1163 4650 quando
1215 4565 1285 4641 det,
1314 4586 1414 4647 quum
1437 4571 1550 4629 eorum
1571 4565 1775 4631 conscientiis
1796 4585 1926 4628 omnem
1946 4562 2187 4652 tergiversatio·

191 4645 252 4710 hoc
274 4649 468 4713 nominatim
490 4660 595 4733 urget,
618 4673 719 4734 quum
737 4651 900 4716 nihildum
917 4654 994 4718 boni
1011 4664 1069 4719 aut
1085 4654 1163 4718 mali
1215 4673 1292 4715 nem
1314 4650 1487 4716 adimendo
1506 4652 1671 4716 convictas
1693 4651 1833 4733 stringet
1854 4669 1988 4730 reasque
2009 4655 2163 4730 peraget·

190 4730 425 4816 designassent,
448 4735 587 4801 alterum
609 4737 756 4815 electum,
780 4739 919 4802 alterum
937 4741 1105 4804 reiectum:
1127 4747 1165 4804 ut
1305 4741 1352 4801 14.
1398 4735 1465 4802 Sed
1486 4759 1529 4802 ne
1550 4736 1623 4801 illos
1646 4757 1774 4801 sacrum
1796 4755 1914 4798 nemen
1937 4754 2032 4796 suum
2054 4733 2188 4814 impune

190 4819 305 4898 probet
343 4819 472 4885 divinae
509 4819 813 4904 praedestinationis
846 4825 1096 4889 fundamentum
1128 4826 1164 4890 in
1214 4821 1354 4887 ludibrio
1382 4822 1502 4887 habere
1534 4823 1711 4905 patiamur,
1747 4841 1839 4884 arma
1870 4839 1995 4901 quoque
2031 4817 2188 4884 adversus

190 4905 340 4984 operibus
368 4928 436 4971 non
463 4928 542 4973 esse.
587 4909 715 4973 Deinde
740 4910 798 4973 ubi
818 4911 1030 4976 obiectionem
1052 4912 1162 4990 movit,
1216 4929 1270 4973 eos
1292 4909 1384 4973 nobis
1406 4929 1448 4972 ex
1470 4909 1569 4973 verbo
1590 4929 1649 4972 suo
1671 4902 2046 4994 suppeditatxl'roinde,
2069 4904 2187 4986 siquis

190 5009 269 5052 num
289 4992 426 5075 iniquus
454 4995 497 5059 sit
523 4994 637 5059 Deus?
671 4995 754 5059 illud
781 4996 865 5079 quod
892 4997 1110 5062 certissimum
1131 5005 1164 5062 et
1215 5014 1276 5058 nos
1306 4992 1494 5058 huiusmodi
1524 4993 1633 5060 verbis
1665 4989 1888 5075 aggreliatur,
1906 5030 1909 5039 ι
1928 5011 1987 5054 cur
2020 4990 2061 5054 ab
2093 4990 2188 5055 initio

260 5193 288 5260 1)
307 5149 405 5250 llornil.
424 5199 451 5251 in
471 5200 563 5252 Ioann.
574 5197 615 5253 38.
634 5201 721 5322 Epist.
732 5200 782 5253 106
794 5199 879 5269 (lae).
915 5200 989 5268 2)In
1004 5201 1027 5254 1.
1046 5207 1161 5255 sentent.
1284 5199 1313 5267 1)
1331 5199 1531 5268 apertissimum
1550 5193 1618 5248 1543
1629 5212 1657 5250 ae
1692 5237 1698 5249 .
1755 5194 1785 5262 2)
1802 5195 1862 5264 ipsa
1879 5193 1986 5248 154320
2022 5237 2027 5247 .
2080 5193 2110 5262 3)
2127 5193 2188 5248 Hoc

190 5268 269 5315 tract.
287 5262 328 5316 25.
348 5274 450 5333 quaest
462 5267 504 5322 23.
557 5266 588 5336 3)
605 5271 659 5323 Am
680 5287 732 5323 ros.
745 5271 876 5324 devocat
894 5278 967 5340 gent
986 5270 1084 5325 libr.L
1101 5271 1161 5325 at.
1215 5285 1249 5323 ex
1266 5269 1419 5339 Augustino
1436 5272 1574 5336 sumptum
1591 5267 1652 5319 libr.
1682 5264 1743 5320 .da
1760 5264 1856 5319 (leues.
1875 5271 1970 5318 contra
2016 5264 2102 5318 aniolr.
2120 5279 2143 5318 c.
2160 5261 2187 5317 ἢ.

1925 5347 1984 5402 55·
