4770 6030
222 332 282 393 611
796 324 1063 394 mstrlwsso
1085 327 1190 393 REI..
1212 324 1393 393 CHRIST.
1418 330 1647 392 less-1554.
2160 329 2223 391 612

1991 440 2105 507 31993
2121 437 2225 494 oneo.

223 517 380 600 incoquita
399 533 495 579 muso
515 513 668 580 bominem
688 516 854 580 innoaimn
874 516 1062 592 donasset.
1099 513 1202 594 Atque
1252 514 1387 579 turbasset
1413 515 1577 579 eeclesiam.
1628 514 1743 578 Paruit
1768 513 1834 593 elle,
1862 536 1923 579 remi
1943 425 2128 579 reblamaoit.
2171 515 2224 579 Ea

223 602 283 667 bae
303 622 364 665 sua
385 599 549 666 ambitione
570 601 679 681 effecit,
700 607 736 664 nt
762 601 944 684 eutpebiano
964 601 1111 683 impietas
1130 620 1202 682 spa-
1252 600 1375 664 libertas
1396 605 1467 664 tunc
1487 601 1605 664 usitate
1623 601 1686 682 fuit
1706 601 1823 664 soractis
1848 601 2010 682 episeopis,
2033 604 2068 663 ut
2086 601 2224 681 traterm

224 689 266 752 tio
290 687 435 768 temporis
455 704 488 750 se
508 687 708 767 eonpirmaret.
752 687 795 752 In
815 687 933 769 Africo
952 687 988 751 id
1009 687 1137 768 saepius
1154 706 1203 750 ae
1253 687 1324 751 iure
1344 691 1500 750 uterentur
1520 687 1556 749 in
1571 706 1715 751 rornanos
1729 687 1902 766 praesules,
1923 686 2110 751 ademunde
2128 693 2155 752 et
2176 707 2226 750 ea·

224 772 338 838 cidisse
359 777 489 850 constat,
517 771 613 836 simut
633 774 716 837 enim
736 793 774 837 ac
794 774 902 838 nebulo
923 773 1081 855 quispiam
1102 773 1137 836 in
1155 792 1203 836 or·
1252 772 1409 854 stipando,
1442 773 1471 836 si
1497 772 1620 852 quando
1644 777 1812 853 peccarent.
1827 771 1851 856 ¹)
1902 771 1965 836 Ille
1991 773 2143 850 uicissim,
2171 773 2226 836 ubi

224 858 351 923 dinmio
372 858 490 921 iudicio
511 858 718 938 succubuerat,
740 859 902 924 advolabat
923 858 1074 936 Ronmm;
1095 857 1202 921 multis
1252 878 1304 922 res
1322 857 1511 939 muniebat,
1534 858 1614 922 etms
1635 857 1813 922 admonebat
1834 858 1943 939 officii,
1966 859 2042 922 etsi
2063 859 2140 937 quid
2161 863 2227 922 erat

168 951 186 1035 3
223 943 392 1008 eotnnmiis
418 963 493 1008 suos
522 944 690 1028 qraoabat:
721 965 854 1010 rornana
879 950 982 1010 autem
1004 945 1089 1009 sedes
1110 945 1202 1008 inter-
1252 944 1331 1022 uitii,
1353 943 1590 1025 reprehendebat.
1633 943 1719 1008 Nam
1743 941 1958 1027 oppertae)
1980 964 2078 1023 peirn
2100 943 2227 1024 Stepba-

180 1026 185 1044 ‘
219 1049 336 1111 ponere
356 1049 389 1093 se
409 1050 528 1112 semper
549 1036 615 1094 erat
630 1036 758 1112 parata.
800 1031 886 1112 Quae
906 1030 1089 1114 improbitas
1110 1030 1203 1112 coepit
1252 1049 1328 1093 num
1348 1029 1495 1108 bortatur,
1517 1034 1553 1093 ut
1571 1034 1692 1095 moneat
1715 1028 1840 1094 Galliac
1860 1030 2027 1112 episcopos,
2049 1050 2110 1094 noa
2131 1030 2226 1093 sumit

224 1117 387 1197 africanos
403 1117 559 1197 episcopos
580 1118 711 1195 serrare,
732 1138 770 1181 ne
790 1118 871 1197 quis,
892 1116 949 1183 sub
966 1137 1067 1200 poena
1088 1135 1202 1180 eumne-
1253 1121 1467 1199 arqumentum
1493 1136 1531 1180 ee
1558 1115 1705 1197 ampliori
1731 1119 1893 1198 potestate,
1926 1116 1981 1180 sed
2008 1136 2046 1179 ce
2073 1116 2226 1180 nmmum

224 1200 453 1279 manicationis,
475 1202 560 1266 ultra
580 1223 667 1266 mare
682 1208 870 1284 provacaret.
1254 1203 1324 1267 iure
1344 1202 1425 1283 quod
1445 1200 1554 1266 baberet
1573 1202 1654 1266 inter
1675 1221 1708 1266 se
1728 1201 1903 1266 sacerdotes.
1946 1201 2072 1282 Qrmeso,
2095 1201 2125 1265 si
2149 1201 2226 1266 Gal-

315 1291 385 1351 111.
434 1288 593 1368 Quidquid
620 1294 721 1353 temen
745 1289 858 1370 fuerit:
891 1289 1097 1370 inspiciamus
1125 1287 1202 1368 quid
1254 1287 1314 1352 biae
1340 1293 1412 1352 tunc
1434 1288 1626 1369 praefuisset
1654 1286 1841 1368 Stcpbanns,
1869 1307 1972 1351 anieron
1999 1286 2140 1350 dicturas
2159 1291 2225 1352 eat

225 1374 309 1437 iuris
330 1378 386 1437 eut
400 1375 562 1454 potestatis
583 1373 724 1438 babuerit
750 1381 821 1438 tune
841 1394 972 1439 romana
992 1374 1085 1438 sedes.
1125 1372 1202 1438 Gon
1256 1371 1449 1455 Opportunum
1475 1381 1608 1438 eobreeas
1634 1373 1724 1450 istos,
1755 1373 1832 1453 quia
1864 1373 1911 1436 tui
1938 1372 2032 1435 saort?
2060 1372 2115 1436 sed
2141 1373 2225 1455 lonqe

225 1461 341 1523 tinetur
362 1463 463 1522 antem
485 1463 621 1540 potestas
642 1460 844 1525 ecelesiastica
862 1460 916 1524 bis
942 1465 1074 1540 quatuor
1094 1459 1202 1540 capim·
1254 1459 1344 1524 aliter
1364 1460 1507 1541 loquitur.
1541 1459 1608 1524 Hae
1626 1459 1782 1540 trater-rea,
1804 1459 1913 1539 iuquit,
1935 1459 2072 1536 societas,
2095 1479 2158 1538 qua
2179 1458 2224 1521 in-

225 1544 302 1608 bus:
330 1544 522 1609 arbitratione
549 1547 772 1626 episcopmum,
805 1546 1002 1612 mnedmrum
1029 1547 1199 1622 indictione,
1253 1550 1299 1609 ter
1318 1565 1375 1609 nos
1396 1546 1526 1611 annun
1547 1566 1671 1623 mmus,
1698 1545 1830 1624 requirit
1859 1549 1894 1608 ut
1913 1548 2019 1608 niutrco
2039 1564 2225 1609 moneamus.

226 1630 393 1695 audendis
413 1630 683 1714 appellationibus,
706 1638 762 1696 aut
782 1632 1007 1711 iurisdictione,
1028 1630 1201 1696 monitioni»
1254 1631 1298 1694 Et
1318 1631 1457 1695 nidorum
1478 1632 1571 1695 etiam
1589 1635 1705 1712 quanto
1725 1630 1884 1706 uerborum
1905 1628 2064 1694 acerbitate
2083 1631 2135 1694 eir
2150 1630 2226 1694 alio

227 1716 284 1780 bus
306 1716 530 1798 eastiqatoriis,
558 1722 614 1780 aut
635 1719 782 1782 censuris.
829 1717 981 1784 &dinam
1006 1719 1201 1799 episeopasa
1253 1719 1308 1797 qui
1328 1718 1482 1782 monendi
1502 1718 1620 1800 inqenii
1649 1718 1684 1780 in
1709 1717 1815 1798 ipsum
1843 1714 2032 1797 Stepbanum
2053 1716 2224 1792 irruebatur,

226 1802 301 1866 seris
324 1802 524 1882 metropolitis
549 1802 653 1866 iubent
679 1824 782 1868 munes
807 1809 919 1868 ueteres
941 1803 1060 1884 spondi.
1115 1803 1202 1867 Nus·
1253 1803 1308 1866 ubi
1328 1804 1425 1867 nimis
1441 1824 1511 1867 eune
1527 1803 1704 1867 insolescere
1721 1803 1884 1866 ataine.
1893 1803 1922 1885 ⁸)
1953 1800 2039 1884 Erpa
2058 1801 2116 1865 bac
2131 1803 2226 1865 etiam

226 1908 323 1969 quam
350 1887 498 1951 aduocari
524 1908 687 1953 romanum
720 1892 896 1972 episcopum
922 1888 1040 1968 iubent,
1075 1890 1140 1954 nisi
1166 1889 1201 1952 in
1253 1890 1289 1953 in
1310 1895 1402 1969 parte
1422 1890 1558 1954 rwndnrn
1579 1892 1709 1970 apparet
1727 1888 1794 1952 ulla
1812 1888 2024 1952 iurisdictione
2045 1888 2226 1968 praeditum

224 1994 286 2037 sua
300 1972 509 2054 pattiarateia.
556 1974 678 2039 Sensim
704 1980 806 2039 autem
830 1995 897 2040 mos
923 1974 1066 2054 obtinuit,
1088 1981 1124 2039 ut
1142 1976 1202 2039 ita
1250 1976 1351 2057 fuisse
1371 1995 1536 2039 rauranum
1557 1975 1731 2056 episcopum
1753 1973 1903 2039 adonsus
1923 1973 2045 2053 eosqui
2066 1991 2227 2053 suaepro-

226 2059 280 2122 tici
297 2059 432 2140 episcopi
445 2060 487 2123 ad
497 2061 663 2140 petendam
679 2063 932 2126 consecrationem
943 2082 1046 2126 ornnes
1055 2080 1169 2132 Romam
1179 2077 1201 2146 ¹)
1253 2062 1372 2126 omcim
1392 2082 1454 2126 non
1475 2065 1581 2125 essent.

219 2145 376 2221 uenirent,
399 2146 529 2225 eoaeeptis
549 2146 762 2226 metropolitis,
790 2147 898 2228 quise
919 2146 1202 2212 inbanesereitn-
1342 2150 1410 2211 113.
1459 2148 1617 2228 &mutum
1638 2146 1680 2210 ad
1699 2145 1829 2226 sporades
1850 2143 2064 2222 moerendos,
2087 2144 2140 2208 boe
2161 2149 2227 2208 erat

225 2234 284 2293 um
305 2230 405 2312 redipi
418 2231 513 2311 passi
533 2251 595 2295 non
616 2236 704 2296 sunt:
730 2233 784 2297 sed
805 2253 901 2314 quum
922 2233 1117 2298 ordinarnlns
1137 2238 1202 2298 erat
1252 2233 1458 2315 metropolitae
1485 2233 1633 2311 cuiusque
1658 2232 1807 2313 officium,
1835 2235 1869 2294 ut
1888 2229 2113 2312 problematum
2139 2249 2227 2311 spuo

227 2315 346 2394 aliquis
370 2315 572 2397 metropolita,
598 2316 735 2382 mittebat
760 2317 826 2382 illic
846 2339 944 2382 unum
965 2339 1002 2384 ee
1023 2321 1092 2384 suis
1113 2339 1201 2401 pres-
1253 2320 1329 2383 dum
1354 2317 1656 2400 statuminibus
1683 2321 1801 2400 caperet.
1854 2315 1932 2381 Illic
1957 2315 2038 2380 nibil
2064 2317 2148 2379 iuris
2173 2314 2228 2380 ba-

227 2400 339 2483 bytem's
369 2421 518 2465 rmnanus
544 2403 719 2485 episcopus,
753 2405 808 2484 qui
835 2408 954 2469 tantum
982 2406 1112 2484 adesset,
1139 2426 1201 2470 non
1253 2405 1318 2470 buit
1344 2425 1493 2470 romanus
1518 2405 1687 2487 episcopus.
1738 2402 1917 2468 Unimrsate
1942 2406 2045 2466 eutem
2065 2401 2228 2466 numium

227 2491 330 2551 antem
357 2493 521 2568 praeesset.
573 2486 673 2553 (leiim
704 2490 751 2553 rei
784 2490 955 2571 erernplum
987 2496 1085 2556 castet
1116 2491 1202 2572 apud
1252 2492 1399 2569 indicere,
1428 2491 1513 2556 solus
1533 2492 1701 2571 imperator
1721 2493 1849 2569 poterat.
1894 2486 2025 2567 Siquis
2045 2488 2127 2550 enbn
2147 2488 2227 2567 epis-

229 2571 450 2722 GreqoriumP
482 2574 518 2637 in
543 2576 764 2640 consecratione
792 2573 964 2641 Constantii
992 2576 1202 2642 Mediolanen-
1251 2598 1394 2660 caporum
1414 2576 1468 2641 boe
1488 2579 1641 2653 tentasset,
1664 2594 1724 2638 non
1744 2574 1831 2639 modo
1852 2573 2000 2640 oomtnni
2019 2592 2080 2636 rran
2095 2572 2227 2654 pmuis·

224 2658 286 2736 sis,
315 2663 387 2738 post
449 2660 584 2723 aurentii
616 2659 776 2745 obitum.⁸)
824 2661 1010 2743 Quanquam
1040 2683 1101 2728 non
1124 2668 1202 2744 puto
1252 2669 1325 2742 sent,
1348 2664 1404 2745 qui
1426 2667 1513 2727 cetra
1528 2661 1724 2744 provinciam
1744 2665 1846 2739 eant,
1874 2659 1928 2724 sed
1949 2657 2098 2722 tumultus
2118 2658 2225 2722 statim

226 2743 307 2808 illud
323 2744 425 2824 fuisse
446 2745 688 2810 onustissimum
709 2748 899 2827 inuitatum,
921 2749 975 2814 sed
996 2769 1092 2830 quum
1113 2748 1203 2814 bono
1253 2755 1376 2816 mortus
1403 2753 1487 2814 esset.
1535 2747 1622 2830 meo
1648 2747 1814 2827 imperator
1840 2744 1980 2810 arunas
2006 2764 2044 2809 ee
2070 2763 2164 2825 aequo
2189 2748 2225 2807 ut

224 2831 272 2893 ris
299 2833 326 2894 et
351 2829 570 2895 benevolentiae
591 2851 689 2896 eausa
710 2832 800 2897 indie
827 2834 977 2899 mitterent
1004 2835 1086 2900 ultro
1112 2840 1141 2900 et
1161 2836 1202 2899 ci-
1254 2836 1393 2901 adessent
1420 2832 1628 2900 mnummbat.
1678 2831 1786 2912 Refert
1814 2831 1939 2912 quidem
1960 2829 2107 2910 Socrates,
2117 2829 2147 2913 ⁴)
2169 2827 2226 2893 In·

225 2919 271 2979 tro
301 2915 428 2998 thatos,
457 2917 512 2997 qui
533 2921 622 2982 testes
639 2918 740 2999 forent
759 2919 979 2999 ordinationis,
1007 2922 1050 2988 ad
1071 2941 1202 2986 cornmu»
1253 2921 1332 2986 lium
1357 2941 1428 2985 eum
1454 2917 1655 2984 orientalibus
1680 2918 1831 2999 episeopis
1851 2916 2072 2998 expostulasse,
2094 2915 2173 2996 qrcod
2193 2935 2226 2979 se

225 3001 356 3065 aionem
370 3001 557 3080 testandam,
586 3004 668 3085 quod
688 3004 899 3070 solomonium
923 3012 1003 3087 erat,
1023 3027 1084 3089 pro
1105 3027 1203 3072 neces·
1253 3009 1295 3071 ad
1315 3007 1468 3088 synodum
1488 3004 1700 3070 antiocbenam
1719 3024 1780 3068 nori
1800 3007 1963 3080 ooeassmt,
1984 3021 2081 3083 quum
2101 3001 2227 3065 vadum

226 3087 315 3150 sario
334 3085 440 3151 baberi
456 3093 565 3168 postea
587 3090 689 3171 eoepit.
739 3089 896 3172 Utcunque
915 3094 967 3172 sit,
986 3097 1102 3158 eonstm
1120 3093 1202 3157 ordi-
1252 3098 1329 3158 esset
1344 3092 1522 3171 cerambus,
1543 3091 1610 3156 sine
1630 3090 1754 3154 ronrani
1767 3089 1924 3170 pontificis
1940 3087 2123 3152 mastatio
2139 3085 2228 3167 quid

225 3172 326 3236 nandi
352 3177 533 3253 potestatem
563 3195 624 3238 non
661 3176 762 3257 tuisse
789 3177 863 3241 olim
893 3197 1020 3243 ronmne
1054 3179 1200 3261 episcopo,
1247 3180 1340 3260 piam
1359 3179 1488 3243 marni.
1534 3176 1596 3242 Sed
1616 3176 1688 3257 quis
1708 3194 1769 3240 non
1788 3175 1881 3253 vtae,
1903 3173 1958 3239 boe
1977 3173 2015 3238 de
2035 3174 2079 3237 iis
2099 3172 2228 3236 decretis

224 3257 289 3322 nisi
312 3257 346 3321 in
368 3259 536 3341 prmineia
561 3279 638 3325 suae
662 3261 889 3343 patriarebiae,
916 3263 970 3329 boe
991 3269 1034 3329 est
1060 3267 1096 3328 in
1116 3264 1202 3330 ecate-
1251 3263 1495 3347 intelliqenclum,
1523 3282 1602 3343 quae
1626 3261 1806 3325 uniuersam
1832 3259 1987 3325 udesiam
2014 3257 2228 3341 obstrinqunt?

223 3343 284 3409 siis
312 3343 553 3424 suburbicariis,
580 3352 616 3409 ut
635 3367 734 3412 canon
754 3349 863 3430 synodi
889 3348 1037 3416 erumnae
1057 3350 1201 3432 loquitur.
1254 3350 1354 3416 Porro
1373 3349 1455 3414 nibil
1475 3350 1600 3426 mirum,
1622 3348 1652 3410 si
1673 3367 1743 3411 mm
1759 3345 1848 3410 urbis
1868 3344 2047 3427 antiquitati
2068 3349 2096 3410 et
2116 3343 2229 3425 ampb-

228 3428 432 3496 Ordinationi
452 3451 575 3496 annena
597 3437 663 3497 erat
683 3433 828 3515 epistolae
848 3435 1011 3516 synodicae
1028 3437 1144 3515 muno,
1166 3437 1201 3502 in
1252 3436 1363 3514 tudini,
1385 3440 1450 3499 tam
1472 3435 1557 3500 sedis
1573 3433 1718 3514 dipnitati
1734 3432 1769 3497 id
1784 3432 1887 3510 datur,
1910 3450 1949 3495 ne
1964 3429 2084 3495 absente
2099 3449 2228 3494 rornano

224 3537 288 3597 qua
315 3517 412 3582 nibilo
439 3519 582 3598 superior
606 3524 675 3584 erat
694 3518 779 3584 aliis.
824 3518 966 3586 Sciebant
988 3521 1200 3604 patriarcbac,
1252 3523 1390 3603 episeopo
1410 3521 1586 3586 uniuersale
1602 3520 1640 3584 de
1657 3518 1804 3600 reliqione
1820 3518 1970 3582 moretm
1985 3517 2050 3598 fiat,
2074 3515 2228 3596 Quidem

223 3602 329 3666 statim
346 3608 418 3685 post
439 3624 531 3669 suam
552 3607 818 3685 mnsematmnem,
838 3606 956 3672 solenni
976 3610 1089 3689 scripto
1108 3609 1200 3690 bdnn
1252 3609 1397 3672 interesse
1422 3628 1484 3671 nrm
1508 3611 1633 3672 recuset
1684 3604 1812 3682 Verum,
1834 3603 1912 3684 quid
1932 3602 1986 3667 boe
2006 3602 2049 3666 ad
2069 3603 2163 3666 totins
2183 3619 2228 3665 ee-

224 3707 315 3751 suam
339 3690 517 3772 consequare
537 3711 597 3771 quo
617 3691 842 3774 profitebantur
865 3713 899 3758 se
918 3695 1035 3758 sanetis
1056 3699 1084 3758 et
1104 3694 1201 3759 artbe-
1252 3694 1362 3758 etesiae
1388 3691 1584 3758 dominium?
1629 3690 1736 3771 Neque
1763 3691 1845 3755 enim
1870 3709 1969 3753 unum
1990 3709 2028 3752 ee
2044 3687 2228 3770 praecipuis

224 3773 315 3836 danais
338 3775 477 3840 conciliis
498 3777 694 3842 subscribere.
734 3777 796 3858 Ita,
818 3779 941 3844 reddita
957 3780 1033 3862 [idm
1053 3800 1130 3845 suae
1150 3800 1202 3844 ra·
1250 3780 1351 3862 fnisse
1370 3799 1534 3862 aequuum
1560 3777 1614 3841 sed
1634 3777 1766 3857 recipere
1784 3775 1936 3841 edamus
1957 3774 2037 3855 quod
2058 3793 2140 3838 num
2160 3792 2229 3837 con-

225 3859 319 3937 tione,
349 3865 509 3927 mutuose
538 3863 596 3927 atii
618 3864 694 3928 aliis
715 3865 930 3946 approbabant.
977 3864 1016 3930 Si
1035 3864 1115 3931 bane
1134 3886 1202 3931 eon-
1252 3866 1378 3931 tendunt
1400 3864 1618 3942 Rouaancnses,
1640 3861 1784 3926 babuisse
1805 3863 1839 3925 in
1861 3881 1965 3926 ornnes
1983 3860 2162 3941 inperium.

222 3944 386 4026 fossionem
413 3949 571 4029 recepisset
596 3949 635 4012 ab
667 3949 743 4014 attis
769 3971 917 4015 ramerius
937 3952 1113 4034 episeopus,
1141 3973 1202 4016 non
1341 3955 1411 4014 114.
1468 3949 1615 4032 Superest
1650 3953 1763 4028 quarta
1793 3948 1907 4027 speeies
1938 3946 2115 4026 potestatis,
2147 3965 2228 4026 quae

223 4029 365 4109 dedisset,
388 4052 421 4096 eo
440 4034 553 4114 troisset
574 4036 699 4118 aqndus
720 4038 869 4119 superior.
916 4036 978 4102 Sed
997 4057 1094 4117 quium
1114 4058 1201 4120 oper-
1252 4035 1510 4120 appellationibus
1551 4039 1673 4100 eomtat.
1730 4032 1893 4098 Summum
1931 4032 2099 4112 imperium
2134 4050 2228 4112 penes

223 4117 317 4180 merit
338 4137 399 4181 non
420 4120 526 4184 miuus
545 4120 630 4201 dare,
653 4142 747 4202 quarn
764 4122 803 4187 ab
820 4122 896 4187 aliis
916 4124 1054 4206 eriperet,
1076 4128 1104 4188 et
1124 4144 1202 4206 eern-
1253 4144 1322 4188 eum
1343 4141 1408 4188 esse
1426 4125 1547 4199 constat,
1571 4121 1614 4185 ad
1635 4120 1725 4184 cuins
1745 4118 1883 4183 tribunat
1897 4122 2093 4199 pneumam
2128 4114 2228 4180 Multi

172 4231 183 4249 ·
222 4203 313 4267 muni
340 4202 400 4286 lcqi
427 4224 492 4269 esse
519 4205 700 4286 subiectum,
733 4213 809 4272 eerte
835 4210 988 4273 scammis
1015 4209 1140 4292 siqnum
1166 4210 1202 4273 id
1253 4229 1343 4291 saepe
1371 4228 1535 4273 rmnanum
1557 4207 1732 4288 pontificem
1758 4203 1961 4286 appellarunt.
2011 4202 2087 4285 Ipse
2109 4222 2228 4284 quoque

219 4288 376 4370 fuitum
397 4289 536 4354 dominii.
569 4291 654 4356 Eius
674 4295 721 4357 rei
740 4294 912 4377 eeenplum
933 4294 1061 4359 babetur
1081 4296 1116 4359 in
1137 4297 1200 4376 epi·
1252 4315 1421 4361 eausarum
1447 4293 1644 4377 aequitioncrn
1670 4292 1712 4356 ad
1739 4312 1773 4356 se
1798 4289 1919 4354 trabere
1939 4293 2065 4354 maenis
2085 4294 2146 4367 er,-
2171 4287 2228 4352 sed

223 4375 301 4440 stota
325 4375 472 4460 Greqorii
500 4378 542 4441 ad
567 4376 793 4458 Anneianum,
820 4385 848 4444 et
868 4379 1034 4462 Opriaenm
1056 4378 1201 4445 (temtari-
1252 4401 1371 4463 semper
1389 4381 1453 4462 tuit
1471 4379 1608 4457 waes,
1630 4378 1746 4460 quoties
1765 4395 1839 4440 siros
1857 4376 1935 4457 [ines
1954 4375 2087 4440 coacessit
2131 4372 2227 4437 Nibil

222 4462 471 4544 linopolitanum,
500 4463 625 4527 etalibi
646 4465 689 4528 ad
710 4484 811 4530 ornnes
832 4466 928 4530 simul
949 4465 1161 4548 patriarcbas.
1171 4467 1201 4551 ⁴)
1252 4468 1354 4533 dicam
1376 4467 1414 4532 de
1434 4466 1546 4530 oriente
1567 4471 1622 4530 ant
1648 4464 1685 4529 dc
1709 4461 1862 4541 Granum·
1888 4461 1943 4526 sed
1963 4465 2078 4526 cuntot
2100 4458 2227 4524 Galliae

313 4553 382 4612 112.
431 4547 610 4630 Sequuntur
630 4550 860 4630 admmitiones,
883 4551 929 4617 ool
950 4570 1112 4617 cenmroe:
1132 4554 1202 4634 qui·
1251 4554 1406 4637 epriseopos
1424 4553 1545 4634 tondet
1564 4551 1721 4628 restitisse,
1743 4568 1840 4628 quum
1860 4547 1923 4611 sibi
1938 4547 2104 4628 imperium
2119 4546 2156 4611 in
2176 4563 2227 4609 eos

224 4633 281 4699 bus
305 4641 341 4699 ut
361 4634 436 4700 olim
455 4636 510 4699 usi
530 4640 603 4701 sunt
628 4637 752 4700 romani
777 4637 912 4719 episcopi
937 4657 1011 4720 erqo
1034 4636 1126 4716 alios,
1155 4639 1201 4704 sie
1250 4659 1370 4706 maure
1394 4639 1555 4703 oidcrctcm
1605 4635 1648 4700 Iu
1674 4635 1790 4716 Africa
1811 4633 1868 4697 din
1892 4633 1956 4714 snit
1980 4633 2018 4698 de
2044 4653 2081 4697 eo
2106 4651 2141 4695 re
2161 4629 2226 4694 dis-

223 4739 277 4785 eas
297 4721 438 4786 meissim
458 4721 661 4805 pedrdmunt.
712 4721 863 4788 Irenaeus
891 4722 1042 4788 Vidorcm
1063 4725 1201 4807 praviter
1250 4731 1409 4807 eeptatum.
1451 4724 1538 4788 Nam
1557 4743 1653 4805 quum
1673 4723 1708 4785 in
1728 4720 1904 4784 milevitano
1925 4718 2058 4797 enuntia
2080 4716 2134 4781 ubi
2154 4715 2226 4779 ade-

224 4808 383 4889 eorrepuit,
406 4807 487 4889 quod
507 4812 616 4874 umere
632 4806 668 4872 ob
685 4827 751 4874 rem
769 4806 864 4873 nibili
875 4809 1050 4892 pomulam
1066 4810 1222 4876 dissidio
1250 4817 1300 4877 rat
1322 4811 1536 4894 Anqustirms,
1565 4805 1817 4875 excommunicati
1838 4809 1936 4869 essent
1955 4805 2011 4886 qui
2027 4806 2226 4885 proomment

222 4955 303 4964 „„
359 4957 381 4963 ⁴.
399 4957 426 4963 ..
1251 4897 1336 4962 ultra
1357 4917 1460 4975 more,
1488 4900 1613 4961 eorretus
1634 4899 1678 4960 est
1698 4911 1846 4958 ronranus
1867 4890 2008 4972 partitae
2029 4889 2160 4973 efficere,
2190 4892 2226 4950 ut

294 5048 322 5111 1)
341 5047 428 5100 omitt:
442 5054 504 5102 onte
524 5049 598 5103 1553.
675 5048 706 5116 2)
723 5050 782 5102 Lib.
801 5049 825 5101 2.
845 5050 923 5118 epist.
942 5047 977 5101 68
995 5056 1022 5101 et
1040 5048 1098 5101 170.
1168 5049 1198 5116 3)

226 5114 272 5169 Sic
291 5115 360 5168 1553
371 5132 423 5184 seq.
448 5119 539 5172 Antea
557 5120 711 5173 dicebatur:
728 5121 755 5172 in
774 5120 976 5171 consecratione
985 5118 1124 5171 Laurentii
1143 5119 1198 5170 Me·
1320 5120 1349 5185 l)
1373 5134 1512 5170 romanum
1535 5117 1686 5186 praesulem
1709 5154 1715 5166 .
1735 5154 1741 5164 .
1761 5152 1767 5165 .
1787 5153 1792 5165 .
1817 5119 1943 5180 pooearet
1966 5111 2065 5166 155th
2115 5152 2121 5164 .
2195 5109 2226 5178 2)

224 5184 398 5237 diolanensis.
462 5187 494 5254 4)
512 5189 638 5240 Annetm.
657 5190 685 5240 in
703 5189 748 5240 lib.
768 5187 792 5240 1.
812 5187 889 5256 epist.
908 5184 949 5239 25.
978 5187 1099 5256 Cpr-iseo,
1119 5188 1196 5255 epist.
1250 5189 1341 5255 Epist.
1361 5185 1401 5238 13.
1420 5188 1466 5238 lib.
1484 5184 1508 5237 3.
1583 5182 1623 5249 3).
1636 5184 1681 5236 Ad
1699 5183 1858 5249 Pornpcimn
1876 5189 1970 5234 contra
1988 5127 2225 5250 episteqsqtephani.

96 5264 98 5267 ·
223 5250 281 5304 169.
300 5255 346 5306 lib.
366 5253 389 5304 6.
423 5256 469 5307 Ad
487 5256 637 5309 Patrisroh.
655 5257 701 5310 lib.
722 5256 744 5310 1.
764 5257 842 5326 epist.
860 5254 903 5309 24.
1249 5255 1280 5323 4)
1298 5255 1438 5325 Tripartit.
1457 5254 1560 5307 Histoe.
1578 5251 1668 5305 liat
2232 5301 2238 5313 .
