4770 6030
219 354 280 415 551
653 416 656 424 ,
793 344 1060 414 ΙΝΒΉΤΠΤΙΟ
1081 348 1186 414 Rau.
1210 344 1390 414 ounlsu.
1416 349 1646 411 1539-1554.
2158 349 2219 409 552

2113 458 2139 510 A
2154 462 2222 513 146.

218 541 297 624 plici
318 561 381 604 usu
401 537 519 602 melius
540 536 743 618 perspicitur.
781 536 914 601 Primus
936 543 995 615 est,
1009 538 1099 621 1)ἰιο
1121 558 1196 602 οιιιιι
1248 557 1290 600 ex
1322 535 1394 617 lege
1422 534 1566 598 Domini.
1623 531 1732 614 Quam
1759 534 1907 618 regulam
1935 535 2013 599 dum
2046 443 2220 616 seqirimur,

220 627 286 691 Dei
307 622 610 703 contumeliainter
632 620 837 687 Christianos
858 623 1084 700 nominentur,
1109 643 1146 686 ac
1168 622 1195 686 si
1249 629 1373 685 stamus
1394 619 1502 701 potius
1525 619 1634 684 divino
1656 619 1789 698 iudicio,
1818 641 1917 702 quam
1946 626 2094 685 nostrum
2115 622 2221 703 profe-

222 716 335 777 sanota
357 711 426 773 eius
444 708 581 774 ecclesia
602 709 686 772 foret
703 707 926 772 maleficorum
945 707 1121 792 aepublice
1135 709 1197 770 im·
1248 707 1360 770 rimus.
1405 705 1487 770 Plus
1515 704 1663 770 licentiae
1691 727 1734 770 ne
1760 706 1853 771 nobis
1880 707 1915 769 in
1937 705 2109 770 iudicando
2131 727 2221 770 arro-

221 795 395 880 proborum
427 793 599 857 hominum
631 794 817 876 coniuratio.
873 794 961 858 Nam
993 815 1094 877 quum
1126 794 1197 875 ipsa
1249 813 1376 875 gemus,
1407 792 1471 855 nisi
1497 791 1649 856 volumus
1670 792 1735 856 Dei
1756 792 1912 856 virtutem
1932 792 2073 856 limitare
2101 813 2138 856 ac
2159 793 2221 856 mi-

221 902 337 963 oorpus
358 879 482 945 Christi
501 880 552 956 sit,
571 878 728 943 eiusmodi
743 878 871 943 foetidis
889 888 922 943 et
933 880 1082 961 putribus
1093 900 1197 943 mem·
1249 875 1442 942 sericordiae
1464 877 1534 941 eius
1554 876 1661 960 legem
1683 876 1798 956 dicere,
1822 879 1873 941 cui
1895 879 2019 960 quoties
2036 878 2145 942 visum
2163 886 2220 956 est,

221 966 289 1034 bris
312 965 478 1048 inquinari
499 985 566 1028 non
587 971 707 1046 potest,
733 966 812 1047 quin
835 965 943 1046 aliqua
963 965 1141 1048 ignominia
1162 966 1196 1027 in
1248 963 1381 1045 pessimi
1403 963 1438 1026 in
1459 963 1597 1044 optimos
1618 969 1797 1042 mutantur,
1825 963 1922 1026 alieni
1943 964 2141 1042 inseruntur,
2164 985 2221 1028 ex·
2257 978 2265 987 ’

222 1058 320 1135 caput
341 1049 472 1115 recidat.
518 1050 569 1114 Ne
591 1050 669 1132 quid
691 1071 768 1134 ergo
790 1051 855 1114 tale
877 1057 985 1115 exstet
1005 1052 1040 1115 in
1062 1050 1198 1115 ecclesia
1249 1049 1354 1112 tranei
1372 1055 1564 1130 cooptantur
1585 1049 1620 1112 in
1643 1049 1820 1127 ecclesiam,
1843 1057 1881 1112 ut
1902 1051 1947 1114 sic
1966 1049 2135 1113 hominum
2152 1050 2221 1131 opi-

222 1137 309 1203 unde
348 1137 504 1218 probrum
543 1142 746 1201 sacrosancto
777 1138 842 1201 Dei
878 1137 1004 1201 nomini
1036 1137 1196 1213 inuratur,
1249 1135 1381 1198 nionem
1408 1134 1519 1198 eludat
1540 1141 1572 1198 et
1600 1135 1818 1198 temeritatem
1839 1135 2006 1213 retundat,
2033 1156 2129 1216 quae,
2157 1136 2221 1200 nisi

224 1221 376 1307 abigendi
397 1228 474 1286 sunt
496 1243 538 1285 ex
553 1222 623 1286 eius
640 1222 763 1286 familia
781 1244 919 1305 quorum
938 1244 979 1286 ex
995 1221 1198 1304 turpitudine
1249 1226 1449 1298 coerceatur,
1489 1220 1551 1284 sibi
1587 1219 1753 1285 iudicandi
1784 1221 1836 1285 ius
1869 1243 1968 1303 supra
2000 1241 2097 1302 quam
2130 1220 2222 1286 decet

225 1309 267 1374 ad
294 1308 509 1373 christianum
529 1328 648 1371 nomen
679 1308 815 1372 infamia
842 1307 1049 1373 redundaret.
1093 1307 1197 1385 Alter,
1250 1319 1409 1388 usurpare
1432 1304 1537 1369 audet.
1552 1304 1577 1388 ¹)

226 1416 268 1459 ne
289 1393 420 1459 assidua
441 1414 553 1457 eorum
573 1392 819 1471 consuetudine,
843 1400 881 1457 ut
900 1395 973 1458 fieri
997 1394 1092 1473 solet,
1121 1393 1198 1459 boni
1335 1388 1449 1472 Neque
1477 1412 1569 1470 vero,
1599 1392 1675 1473 quia
1702 1389 1855 1456 Christus
1882 1392 2058 1456 affirmavit
2085 1391 2168 1456 solvi
2189 1398 2223 1455 et

225 1485 482 1561 corrumpantur.
517 1478 612 1557 Nam,
635 1499 718 1559 quae
736 1488 847 1543 nostra
868 1487 918 1544 est
939 1479 980 1544 ad
1001 1479 1198 1545 deviandum
1250 1476 1346 1560 ligari
1367 1477 1402 1539 in
1424 1476 1513 1541 coelo
1534 1498 1616 1559 quac
1638 1477 1729 1543 verbi
1751 1477 1802 1541 sui
1829 1478 1970 1542 ministri
1995 1479 2029 1541 in
2052 1484 2142 1541 terra
2159 1477 2222 1541 sol-

224 1566 424 1649 proclivitas‚
454 1563 538 1627 nihil
563 1563 690 1628 facilius
716 1571 766 1628 est
787 1586 886 1646 quam
907 1572 945 1629 ut
970 1565 1066 1630 malis
1088 1586 1198 1628 exem·
1250 1562 1358 1627 verint
1380 1570 1437 1626 aut
1456 1561 1645 1645 ligaverint,
1673 1585 1715 1627 ex
1737 1583 1774 1627 eo
1796 1564 1942 1646 sequitur
1962 1563 2102 1646 perspici
2124 1584 2144 1626 a
2165 1584 2223 1627 no-

226 1651 288 1734 plis
317 1673 337 1714 a
366 1659 454 1715 recto
480 1650 567 1714 vitae
595 1671 693 1714 cursu
720 1649 927 1715 abducamur.
975 1651 1074 1716 Hunc
1101 1666 1204 1714 usum·
1248 1647 1299 1712 bis
1331 1667 1439 1728 posse,
1473 1648 1528 1729 qui
1555 1669 1597 1711 ex
1624 1648 1761 1713 ccclesia
1787 1650 1868 1725 sint,
1902 1650 1957 1732 qui
1985 1650 2025 1714 ab
2053 1671 2092 1713 ea
2114 1649 2221 1712 alieni.

225 1737 352 1802 notavit
380 1734 543 1817 apostolus
565 1735 597 1819 (l
621 1733 695 1799 Cor.
717 1740 744 1813 5,
765 1735 881 1820 6seq.)
909 1758 1009 1818 quum
1037 1738 1198 1801 incestum
1249 1732 1336 1797 Nam
1359 1754 1460 1814 quum
1482 1733 1567 1797 hanc
1588 1735 1835 1815 promissionem
1856 1736 1906 1800 bis
1928 1743 2069 1818 repetat,
2093 1734 2223 1799 diverso

227 1843 248 1887 a
280 1823 439 1887 consortio
472 1842 530 1885 suo
568 1820 744 1884 amandare
777 1820 957 1899 Corinthiis
988 1823 1196 1904 praeciperet.
1249 1840 1349 1883 sensu
1366 1840 1439 1883 eam
1456 1827 1600 1901 usurpat.
1627 1820 1714 1883 Nam
1731 1821 1838 1902 priore
1858 1819 1990 1903 quidem
1999 1821 2068 1886 loco
2086 1819 2220 1904 (Matth.

227 1907 403 1985 Modicum,
427 1907 541 1988 inquit,
562 1905 758 1970 fermentum
775 1913 878 1971 totam
894 1929 1036 1973 massam
1053 1928 1197 1973 corrum-
1252 1908 1300 1982 16,
1323 1903 1376 1987 19)
1399 1925 1464 1968 non
1487 1912 1659 1969 externum
1680 1905 1808 1988 aliquod
1831 1906 1987 1971 indicium
2007 1907 2088 1971 dare
2107 1905 2221 1983 voluit,

227 1995 283 2075 pit.
329 1995 379 2056 Ac
399 1999 529 2056 tantum
551 1990 604 2055 bic
625 1992 806 2073 periculum
827 1995 1058 2075 prospiciebat,
1086 2001 1124 2056 ιιι
1144 1991 1197 2056 vel
1249 2010 1311 2071 quo
1329 1991 1423 2054 nobis
1443 1990 1560 2073 ligatos
1582 1997 1615 2055 et
1635 1990 1756 2055 solutos
1777 1992 1886 2074 palam
1908 1991 1977 2058 desi
2023 1997 2102 2070 aret,
2124 1998 2158 2055 et
2178 1991 2220 2055 ob

227 2079 268 2142 ab
291 2079 380 2142 omni
407 2076 576 2142 sodalitate
602 2077 818 2143 interdiceret.
864 2076 903 2143 Si
924 2080 967 2158 is,
997 2080 1114 2161 inquit,
1142 2079 1198 2161 qui
1250 2074 1359 2140 oculos
1391 2084 1539 2157 poneret;
1573 2076 1629 2140 sed
1663 2077 1724 2142 hoc
1756 2077 1917 2142 duntaxat
1943 2099 1984 2160 po
2012 2080 2130 2143 ‘ceturz
2164 2080 2220 2159 qui

227 2163 329 2227 frater
350 2164 538 2227 nominatur
556 2164 642 2227 inter
663 2184 734 2241 vos,
756 2170 807 2228 est
825 2164 1013 2243 fornicator,
1042 2173 1099 2229 aut
1120 2186 1197 2229 ava·
1249 2161 1472 2244 evangelicam
1509 2163 1767 2244 promissionem,
1809 2185 1874 2247 qua
1912 2162 2065 2229 Ohristus
2102 2164 2137 2227 in
2168 2185 2221 2231 re·

228 2271 293 2326 rus,
317 2255 374 2312 aut
393 2247 572 2325 idololatra,
596 2255 653 2312 aut
673 2249 859 2328 maledicus,
881 2258 938 2314 aut
958 2251 1117 2328 ebriosus,
1141 2256 1199 2313 aut
1249 2246 1469 2328 demptionem
1497 2268 1534 2312 ac
1562 2249 1785 2314 liberationem
1812 2250 1961 2328 offertur,
1990 2251 2025 2314 in
2055 2255 2158 2328 terra,
2187 2250 2221 2314 id

228 2355 345 2416 rapax,
368 2355 443 2399 oum
465 2333 650 2398 huiusmodi
676 2355 736 2399 nec
758 2335 866 2399 cibum
888 2357 1015 2401 sumere
1036 2336 1196 2418 permitto.
1250 2333 1354 2397 estin
1376 2331 1439 2397 bac
1460 2333 1544 2413 vita,
1567 2335 1607 2399 ab
1635 2334 1766 2399 homine
1787 2336 1848 2400 sibi
1868 2335 2089 2417 praedicatam
2111 2335 2221 2400 audie·

228 2421 374 2498 Terbos,
396 2426 434 2482 ut
455 2440 508 2484 eos
529 2420 616 2501 ipsos
636 2418 759 2501 pudore
781 2421 931 2486 confusos
958 2443 1036 2486 suae
1058 2422 1198 2503 turpitu·
1249 2418 1317 2482 rint
1337 2438 1374 2482 ac
1395 2417 1461 2482 fide
1482 2421 1674 2502 acceperint,
1697 2441 1751 2485 eos
1773 2442 1850 2485 vere
1871 2420 1953 2485 solvi
1976 2443 2013 2487 ac
2034 2421 2166 2486 liberari
2186 2422 2221 2485 in

228 2504 313 2570 dinis
334 2506 499 2586 poenitere
527 2506 675 2587 incipiat,
702 2527 744 2569 ex
764 2527 828 2588 qua
849 2508 1047 2588 poenitentia
1067 2508 1198 2588 resipis·
1251 2504 1353 2580 coelo,
1376 2503 1410 2567 id
1432 2513 1497 2582 est,
1520 2526 1629 2570 eoram
1651 2506 1722 2569 Deo
1744 2515 1777 2570 et
1801 2506 1887 2589 apud
1909 2507 2218 2572 coeleste'tribunal.

228 2612 301 2657 cere
323 2590 455 2654 tandem
477 2590 610 2655 ducant.
655 2591 709 2655 Ita
730 2591 881 2657 conducit
902 2600 935 2657 et
951 2594 991 2658 iis
1008 2594 1087 2675 ipsis
1105 2614 1198 2657 suam
1250 2587 1316 2669 Qui
1348 2610 1427 2654 vero
1460 2593 1646 2672 respuerint
1673 2612 1710 2656 ao
1737 2593 2003 2673 contempserint,
2037 2594 2077 2656 iis
2109 2594 2150 2656 ab
2181 2614 2221 2657 ea

114 2745 117 2748 .
227 2677 405 2759 nequitiam
426 2676 593 2759 castigari,
616 2697 679 2757 quo
700 2679 925 2760 expergefiant
945 2700 1044 2743 sensu
1064 2678 1197 2756 ferulae,
1250 2696 1320 2739 esse
1353 2676 1576 2739 testimonium
1604 2675 1689 2758 quod
1716 2678 1751 2740 in
1778 2678 1866 2742 coelo
1894 2684 1927 2742 et
1953 2699 2062 2743 coram
2087 2679 2158 2742 Deo
2184 2679 2219 2741 in

226 2763 282 2845 qui
301 2760 506 2844 indulgentia
527 2763 752 2826 obstinatiores
773 2763 875 2826 futuri
892 2773 993 2828 erant
1028 2765 1103 2833 Non
1121 2784 1198 2847 ergo
1250 2761 1317 2825 suis
1344 2760 1486 2826 vinculis
1512 2769 1666 2828 maneant
1694 2769 1790 2844 atque
1817 2763 1896 2828 adeo
1922 2765 2039 2840 fortius
2061 2765 2219 2829 constrin-

227 2869 268 2913 ex
289 2869 345 2930 spe
372 2847 487 2912 salutis
509 2847 703 2912 deiiciuntur
724 2849 778 2930 qui
802 2849 1012 2914 eliminantur
1033 2870 1075 2914 ex
1097 2850 1198 2915 eccle·
1250 2851 1378 2929 gantur.
1424 2844 1575 2912 Secundo
1601 2849 1671 2913 loco
1699 2848 1833 2932 (Matth.
1856 2853 1904 2928 18,
1926 2849 1994 2933 18),
2022 2850 2079 2914 ubi
2101 2848 2141 2914 de
2162 2871 2220 2913 ex·

226 2935 293 2999 siae
321 2954 434 3017 grege,
462 2930 520 2997 sed
547 2934 743 3014 temporaria
774 2936 970 3000 correctione
1002 2934 1218 3017 plectuntur,
1251 2932 1540 2997 communicatione
1563 2954 1668 2998 sermo
1691 2941 1749 3014 est,
1771 2934 1896 3018 ligandi
1916 2937 1986 3001 vim
2007 2935 2049 3000 ad
2067 2934 2221 3001 ccclesiae

227 3019 329 3083 donec
352 3040 393 3082 ex
414 3018 502 3083 vitae
523 3018 640 3100 prioris
662 3019 809 3085 sordibus
832 3019 873 3084 ad
894 3022 1071 3103 puritatem
1091 3042 1125 3085 ιο
1148 3042 1198 3084 re·
1251 3038 1423 3083 censuram
1449 3018 1582 3097 limitat,
1608 3041 1673 3102 qua
1705 3041 1772 3083 non
1800 3021 2016 3086 coniiciuntur
2042 3023 2081 3101 ιιιΙ
2106 3042 2221 3105 perpe·

226 3105 357 3186 cipiant.
396 3103 443 3168 -Id
468 3103 542 3169 vult
569 3104 731 3186 apostolus
758 3127 859 3188 quum
886 3107 921 3170 in
950 3107 1038 3172 hunc
1066 3106 1200 3170 modum
1251 3112 1342 3167 tuam
1363 3105 1505 3168 ruinam·
1521 3126 1558 3169 ac
1579 3103 1836 3188 desperationem
1856 3108 1912 3189 qui
1935 3108 2219 3173 excommunican-

226 3188 370 3272 loquitur
391 3189 425 3273 (2
445 3189 558 3253 Thess.
578 3193 606 3267 3,
630 3189 696 3274 14):
721 3192 748 3255 si
770 3193 842 3274 quis
864 3213 929 3257 non
951 3193 1060 3258 obedit
1081 3192 1199 3258 doctri-
1251 3196 1318 3267 tur,
1346 3188 1403 3254 sed
1431 3190 1534 3255 vitam
1560 3211 1729 3274 moresque
1761 3213 1837 3257 suos
1865 3191 2014 3257 damnari
2043 3192 2220 3270 audientes,
2321 3260 2323 3264 Α

122 3287 132 3307 ·
226 3297 289 3340 nae
309 3282 449 3353 nostrae,
471 3275 559 3340 hunc
580 3283 690 3340 notate
713 3285 745 3340 et
766 3299 808 3342 ne
829 3278 1104 3343 commisceamini
1124 3296 1200 3344 cum
1251 3296 1329 3339 suae
1353 3276 1698 3359 ipsorumpe'rpetuee
1726 3277 1958 3356 damnationis,
1989 3279 2054 3343 nisi
2079 3280 2223 3362 resipue-

225 3361 290 3440 illc,
312 3366 351 3425 ut
370 3360 493 3445 pudore
515 3361 731 3426 suffundatur.
776 3363 862 3427 Item
885 3363 962 3428 alibi
984 3363 1016 3449 (1
1033 3363 1106 3429 (lor.
1121 3368 1150 3443 5,
1164 3362 1198 3447 5)
1250 3361 1332 3439 rint,
1362 3361 1443 3425 certi
1468 3363 1561 3426 fiunt.
1613 3360 1783 3445 Siquidem
1804 3363 1865 3429 boc
1888 3363 1998 3429 differt
2023 3365 2064 3429 ab
2086 3365 2223 3429 anathe-

225 3469 327 3531 quum
348 3448 460 3514 scribit
480 3468 515 3512 se
537 3446 709 3513 tradidisse
730 3447 937 3513 Corinthium
963 3451 1125 3515 incestum
1146 3471 1199 3513 sa-
1249 3453 1338 3510 mate
1359 3449 1657 3527 excommunicatio,
1681 3448 1765 3531 quod
1786 3449 1883 3529 illud,
1907 3448 2037 3514 ademta
2058 3451 2148 3515 omni
2167 3471 2223 3515 ve-

226 3543 337 3614 tanae,
366 3541 405 3599 ut
431 3535 563 3616 spiritus
586 3532 696 3599 salvus
719 3535 813 3599 fieret
833 3535 869 3598 in
888 3535 940 3599 die
958 3536 1107 3614 Domini,
1136 3534 1198 3601 hoc
1250 3532 1321 3609 nia,
1356 3531 1523 3597 hominem
1554 3533 1693 3599 devovet
1726 3541 1759 3599 et
1791 3534 1912 3601 addicit
1944 3541 2076 3601 aeterno
2108 3537 2223 3614 exitio;

226 3627 283 3699 ost,
302 3626 339 3684 ut
356 3641 416 3703 ego
433 3619 564 3702 quidem
581 3620 785 3702 interpretor,
804 3622 998 3687 concessisse
1015 3621 1198 3685 indamna-
1251 3616 1332 3683 haec
1358 3619 1393 3682 in
1420 3640 1528 3685 mores
1554 3621 1660 3703 magis
1686 3620 1831 3710 vindicat
1852 3627 1948 3703 atque
1976 3620 2221 3700 animadvertis

226 3707 349 3770 tionem
367 3712 625 3788 temporaneam,
653 3707 747 3771 utin
771 3713 941 3771 aeternum
963 3707 1073 3772 salvus
1095 3709 1197 3772 fieret.
1250 3709 1284 3768 et
1304 3725 1490 3787 quanquam
1509 3705 1622 3788 plectit
1643 3707 1742 3771 etiam
1759 3707 1831 3788 ipsa
1851 3707 2024 3786 hominem,
2047 3708 2093 3771 sic
2111 3711 2222 3769 tamen

226 3791 313 3856 Nam
335 3791 419 3873 quod
441 3792 573 3876 quidam
594 3792 741 3857 referunt
762 3792 804 3857 ad
825 3800 948 3857 certam
970 3794 1077 3858 carnis
1098 3815 1199 3863 vexo-
1249 3789 1362 3873 plectit
1382 3796 1421 3854 ut
1446 3791 1575 3856 ιιιιιιιοο
1602 3813 1681 3856 suae
1704 3791 1921 3857 damnationis
1943 3793 2051 3875 ipsum
2071 3812 2222 3874 praemo-

226 3877 357 3954 tionem,
380 3877 462 3941 mihi
483 3877 614 3942 videtur
640 3879 900 3944 incertissimum.
910 3877 939 3963 2)
982 3880 1051 3945 Nos
1072 3900 1199 3962 quoque
1249 3875 1357 3940 nendo
1377 3875 1573 3950 insolutam
1594 3885 1732 3943 revocet
1777 3876 1922 3958 Quodsi
1943 3877 2140 3955 obtineatm,
2163 3897 2221 3958 pa

227 3982 293 4026 non
316 3960 469 4027 debemus
486 3963 568 4027 tales
590 3985 778 4048 expungere
795 3986 837 4029 ex
855 3964 1030 4030 electorum
1051 3986 1197 4042 numero,
1250 3967 1322 4025 rata
1343 3969 1393 4026 est
1413 3962 1629 4028 reconciliatio
1649 3970 1683 4029 et
1708 3965 1744 4027 in
1772 3963 2007 4029 communionis
2026 3963 2222 4028 beneficium

227 4054 285 4113 aut
306 4046 477 4129 desperare
503 4049 597 4129 quasi
623 4050 689 4113 iam
715 4049 866 4132 perditos.
911 4049 1046 4115 Alienos
1067 4050 1198 4133 quidem
1249 4047 1419 4114 restitutio.
1463 4047 1621 4124 Proinde,
1643 4051 1774 4114 tametsi
1794 4049 1985 4115 familiarius
2007 4048 2142 4128 versari,
2165 4055 2223 4112 aut

227 4133 268 4198 ab
300 4132 448 4211 ecclesia,
478 4133 656 4198 secundum
681 4136 751 4201 eius
772 4157 870 4219 quam
897 4135 1038 4201 diximus
1064 4136 1198 4200 notitiae
1249 4132 1438 4198 interiorem
1464 4135 1731 4200 consuetudinem
1756 4157 1831 4201 cum
1852 4135 2140 4201 excommunicatis
2162 4133 2221 4197 ba·

226 4219 391 4303 regulam,
414 4219 463 4282 fas
485 4225 548 4296 cst;
569 4219 626 4284 sed
648 4242 706 4302 pro
729 4243 766 4285 eo
784 4229 937 4305 tempore,
955 4243 1018 4305 quo
1037 4223 1072 4286 in
1090 4221 1198 4285 divor·
1250 4218 1340 4297 bere,
1362 4240 1422 4301 per
1442 4220 1693 4289 ecelesiasticam
1720 4221 1925 4304 disciplinam
1943 4243 2009 4286 non
2031 4221 2141 4297 liceat,
2165 4219 2221 4283 de-

227 4305 271 4369 tio
299 4311 442 4368 manent.
488 4302 584 4384 Quod
612 4307 639 4369 si
666 4313 738 4369 tum
758 4328 884 4389 quoque
911 4308 1069 4372 maiorem
1090 4306 1198 4389 pervi-
1250 4304 1365 4369 bemus
1393 4311 1504 4370 tamen
1530 4306 1740 4386 contendere,
1769 4307 1886 4390 quibus
1908 4327 2080 4389 possumus
2105 4303 2219 4385 modis,

227 4392 334 4456 caciae
367 4409 465 4472 quam
497 4388 691 4456 humilitatis
728 4393 867 4474 speciem
899 4393 1105 4476 praeferunt,
1144 4412 1199 4456 eos
1251 4391 1320 4455 sive
1359 4390 1585 4455 exhortatione
1618 4413 1655 4458 ac
1689 4392 1849 4471 doctrina,
1884 4394 1953 4458 sive
1985 4391 2156 4459 clementia
2187 4400 2221 4456 ct

228 4484 338 4541 tamen
359 4477 400 4540 in'
420 4495 555 4539 manum
576 4475 710 4539 Domini
737 4479 977 4543 committamus
1004 4500 1042 4543 ac
1062 4477 1199 4542 bonitati
1250 4476 1515 4553 mansuetudine,
1549 4477 1618 4542 sive
1647 4480 1766 4543 nostris
1788 4478 1830 4543 ad
1851 4478 1961 4543 Deum
1989 4478 2154 4562 precibus,
2184 4485 2222 4542 ιιι

227 4561 505 4639 commendemus,
535 4559 671 4625 meliora
692 4561 733 4626 de
754 4562 794 4626 iis
822 4564 857 4626 in
878 4570 1043 4645 posterum
1065 4582 1199 4646 speran-
1251 4561 1292 4626 ad
1313 4562 1481 4626 meliorem
1501 4563 1629 4646 frugem
1651 4565 1799 4630 conversi
1823 4566 1859 4628 in
1880 4563 2067 4630 societatem
2089 4584 2127 4629 ao
2147 4564 2221 4627 uni·

158 4677 163 4684 -
228 4656 277 4712 tes
305 4669 402 4730 quam
428 4645 577 4711 videmus
604 4646 640 4709 in
667 4668 830 4730 praesens.
879 4650 926 4712 Et
956 4655 995 4711 ut
1015 4649 1115 4713 verbo
1133 4669 1199 4712 uno
1250 4653 1351 4711 tatem
1373 4647 1526 4713 ecclesiae
1548 4670 1582 4713 se
1604 4651 1775 4732 recipiant,
1800 4649 2073 4733 quemadmodum
2095 4654 2220 4732 aposto-

227 4734 433 4815 compleotar:
456 4753 523 4797 non
549 4752 722 4814 personam
743 4732 856 4815 ipsam,
879 4735 1015 4816 quaein
1032 4755 1132 4799 manu
1150 4740 1199 4799 at-
1250 4732 1301 4797 lus
1334 4754 1459 4815 quoque
1491 4733 1591 4800 dccet
1636 4735 1758 4814 Nolite,
1786 4737 1891 4818 inquit
1917 4735 1951 4822 (2
1972 4735 2085 4800 Thess.
2106 4738 2134 4814 3,
2155 4731 2219 4817 15),

227 4839 289 4902 que
317 4819 449 4884 arbitrio
471 4817 536 4883 Dei
556 4817 656 4883 solius
678 4824 741 4897 est,
769 4819 804 4882 in
831 4825 969 4884 mortem
996 4819 1199 4899 addicamus3
1250 4819 1437 4884 existimare
1458 4822 1551 4902 qussi
1571 4821 1749 4900 inimicum,
1772 4821 1829 4886 sed
1851 4822 2001 4904 corripite
2022 4828 2060 4885 ιιι
2076 4821 2219 4886 flauam.

228 4903 285 4969 sed
313 4911 442 4969 tannim
467 4902 576 4987 qualia
601 4903 668 4968 sint
688 4905 842 4988 cuiusque
872 4926 970 4987 opera
992 4907 1199 4972 aestimemus
1250 4904 1400 4969 Eundem
1422 4913 1455 4969 et
1476 4907 1518 4972 ab
1539 4907 1693 4973 universa
1709 4907 1845 4974 ecclesia
1861 4907 2068 4974 clementiam
2085 4904 2222 4989 requirit

298 5127 326 5192 1)
346 5126 491 5195 Sequentia
508 5126 555 5179 sed
572 5097 764 5180 additomrritis
782 5133 863 5180 aucta
884 5133 980 5194 posteo
1001 5129 1143 5180 marciam
1159 5127 1198 5192 fe·
1223 5070 1226 5127 i
1320 5126 1348 5193 1)
1377 5126 1525 5196 Hucusque
1550 5127 1641 5181 ωιιοοι
1671 5145 1743 5182 nunc
1772 5130 1898 5198 leguntur
1920 5129 1943 5194 5.
1968 5128 2025 5182 192.
2076 5127 2222 5197 &aceruis

228 5204 320 5248 want
339 5197 361 5261 5.
382 5194 439 5248 188.
514 5194 544 5261 2)
567 5193 716 5264 Hucusque
738 5211 811 5249 aare
828 5196 850 5261 5.
871 5194 928 5248 188.
965 5195 1112 5266 Sequerstr'a
1129 5196 1198 5248 iare·
1251 5211 1312 5248 vero
1330 5195 1394 5249 bric
1410 5202 1520 5249 metrae
1536 5196 1650 5250 edilium
1666 5201 1776 5251 omnino
1791 5198 1908 5266 propria
1927 5213 1981 5250 noa
1999 5199 2057 5250 nisi
2072 5196 2164 5266 acar
2180 5212 2221 5250 re·

227 5261 443 5330 ructar5.192.
1250 5279 1310 5316 ram
1328 5279 1459 5316 mamam
1476 5265 1499 5331 5.
1519 5263 1569 5318 193
1585 5266 1755 5334 respondeat.
