4770 6030
185 330 242 391 141
776 322 876 390 111.
898 323 948 389 v.
985 275 1240 389 11111111
1261 320 1600 388 suemimurus.
1723 410 1727 417 ¹
2133 330 2193 392 111

899 490 915 594 ἰ
1217 510 1437 610 Occisus
1465 512 1559 611 egro
1580 519 1712 611 sareas
1734 512 1840 612 1111
1861 512 2195 615 1111111111

183 599 566 686 1111111111
604 597 723 683 Nou
755 598 883 681 ussa
911 598 1162 689 comeus
1216 605 1304 662 mate
1333 597 1462 676 sauss,
1495 620 1532 661 ιι
1559 618 1691 663 nomae
1723 603 1826 680 sams
1853 603 1887 662 a
1913 597 1973 662 ffln
2001 605 2035 663 et
2060 607 2195 684 ι1ιι1ιι
2301 638 2305 659 ·

181 719 434 810 1111111
457 719 744 810 1111111
769 717 1160 802 sucauusuurs
1216 685 1329 750 emt
1384 682 1529 748 rura.
1557 685 1667 749 oms..
1695 689 1728 748 et
1755 689 1901 750 venuste·
1952 681 2020 749 su
2046 686 2195 752 1111
2263 720 2265 724 ψ

1215 771 1366 850 verbum,
1396 767 1483 853 quod
1510 771 1643 853 spiritus
1671 770 1776 834 sancti
1802 770 2021 852 praesentiam
2043 771 2098 838 bio
2118 793 2194 855 prc-

182 841 481 925 HAUOENUS
520 840 713 923 VULGO
754 838 975 920 HABITA
1017 836 1162 919 SUNT
1214 855 1344 920 111111
1388 855 1448 936 us
1466 856 1533 921 11
1554 855 1685 939 quidem
1714 854 1889 921 11111111
1908 863 2052 940 usust.
2096 858 2216 928 unus,

179 960 577 1055 Dauduana,
617 961 738 1042 TUM
780 957 996 1048 QUALIA
1036 955 1162 1037 SINT
1214 963 1293 1041 0³80
1320 963 1380 1006 1¹⁰⁵
1408 941 2009 1008 fflffi010⁸f2010nt0hriflma⁸uum
2035 965 2107 1009 0⁸⁸0
2133 965 2193 1011 11

1214 1029 1347 1110 spuitus
1372 1026 1498 1092 sancti?
1548 1027 1709 1093 Videmus
1742 1027 1865 1107 oleum,
1899 1050 2046 1094 crassum
2071 1029 2195 1096 scilicet

490 1077 851 1163 OSTENDITUR
1214 1120 1247 1177 et
1267 1115 1423 1198 pinguem
1444 1113 1617 1196 liquorem,
1639 1120 1809 1196 praeterea
1828 1113 1921 1179 nihil.
1966 1115 2194 1196 1111111111-

1054 1234 1062 1251 ‹·
1212 1200 1283 1281 quit
1303 1199 1523 1283 Augustinus,
1552 1199 1690 1265 verbum
1718 1199 1760 1264 ad
1782 1199 1979 1265 elementum
2008 1208 2041 1265 11
2060 1202 2118 1265 fiet
2140 1223 2193 1267 sa
2216 1203 2217 1206 ’

558 1252 688 1339 OAP·
720 1254 775 1338 V·
1213 1292 1425 1350 crementum.
1481 1285 1569 1365 Hoc,
1599 1287 1749 1369 inquam,
1783 1286 1921 1351 verbnm
1948 1287 2129 1369 proferant,
2165 1286 2194 1353 si

1053 1430 1054 1435 ,
1211 1371 1389 1454 quidquam
1420 1392 1480 1435 nos
1512 1372 1634 1454 intueri
1664 1373 1700 1436 in
1731 1372 1801 1437 oleo
1828 1371 1945 1473 vplunt
1972 1371 2062 1437 uliud
2094 1394 2193 1457 quam

268 1455 400 1544 [1281]
423 1457 560 1522 Poterat
580 1457 728 1539 superior
751 1455 791 1521 de
813 1454 1026 1520 sacramentis
1048 1453 1159 1538 dispu·
1209 1456 1326 1522 oleum.
1856 1491 1874 1503 v

178 1547 258 1610 tatic
286 1543 374 1628 apud
396 1542 515 1609 dociles
537 1549 570 1608 11
591 1542 715 1608 sobrios
735 1542 798 1608 boc
818 1541 979 1619 obtinere,
1008 1541 1159 1605 neultra
1298 1543 1396 1626 Quod
1423 1546 1451 1610 si
1478 1548 1757 1610 sacramentorum
1785 1565 1820 1609 se
1852 1544 2034 1624 ministros,
2067 1551 2105 1610 ut
2131 1565 2193 1627 par

180 1631 337 1698 curiosius
358 1627 642 1714 progrederentur,
663 1650 724 1694 neo
745 1634 876 1711 practer
896 1626 955 1691 illa
976 1625 1053 1706 duo,
1074 1647 1158 1713 quae
1212 1640 1270 1712 est,
1294 1637 1516 1718 agnoscerent,
1539 1652 1606 1695 non
1618 1630 1739 1696 diutius
1750 1629 1964 1714 pugnandum
1975 1636 2069 1695 esset.
2097 1629 2192 1698 Haec

180 1716 368 1783 aDcmino
396 1716 547 1781 instituta
579 1720 727 1794 nossent,
762 1714 831 1779 ulla
855 1713 920 1777 alia
952 1719 1158 1778 sacramenta
1211 1719 1318 1802 prima
1339 1718 1481 1783 ministri
1503 1716 1558 1782 lex
1576 1723 1638 1782 est:
1663 1738 1705 1781 11
1726 1716 1804 1799 quid
1825 1716 1895 1781 sine
1912 1715 2067 1781 mandato
2087 1717 2191 1782 obeat

132 1884 137 1892 ⁵
178 1806 248 1870 sine
271 1803 338 1868 Dei
364 1802 464 1869 verbo
497 1800 778 1885 amplecterentur.
827 1799 970 1878 Verum,
1004 1800 1159 1882 quoniam
1210 1806 1300 1888 Age,
1325 1803 1518 1869 mandatum
1540 1803 1638 1869 buius
1666 1803 1839 1868 ministerii
1861 1800 1990 1885 aliquod
2010 1802 2194 1885 producant

177 1890 236 1955 illa
257 1887 298 1953 de
320 1895 444 1971 septem
472 1888 684 1953 sacramentis
706 1887 813 1970 opinio
836 1885 983 1950 omnium
1002 1885 1070 1949 fere
1090 1906 1158 1950 ser·
1211 1899 1244 1955 et
1264 1891 1404 1956 verbum
1421 1911 1489 1954 non
1512 1888 1640 1956 addam.
1677 1887 1716 1954 Si
1732 1886 1888 1954 mandato
1910 1886 2115 1968 deficiuntur,
2139 1909 2191 1953 sa-

179 1996 276 2042 mone
304 1976 396 2054 trita,
426 1973 617 2056 sobolesque
644 1980 677 2037 et
704 1973 873 2038 conciones
902 1991 1014 2035 omnes
1040 1992 1158 2055 perra·
1211 1977 1367 2060 orilsgam
1389 1975 1560 2041 cadmiam
1581 1974 1738 2042 excusarri
1766 1996 1833 2039 non
1854 1980 1998 2057 possunt.
2042 1975 2117 2040 Hac
2139 1996 2192 2040 ra-

179 2069 266 2147 gata,
287 2067 451 2127 vetustate
467 2061 540 2143 ipsa
556 2058 681 2126 radices
704 2059 772 2143 egit
788 2080 826 2124 ac
847 2057 1017 2122 bominum
1041 2059 1159 2123 animis
1212 2064 1298 2128 tione
1309 2062 1506 2128 Pharisaeos
1524 2062 1688 2128 Dominus
1709 2062 1941 2145 interrogabat,
1964 2067 2091 2126 essetne
2111 2061 2192 2144 bap·

181 2150 363 2214 etiamnum
389 2144 522 2212 insidet:
550 2146 642 2211 visus
667 2166 741 2211 sum
767 2144 849 2209 mibi
878 2145 1160 2227 operaepretium
1211 2150 1327 2214 tismus
1355 2149 1489 2213 Ioannis
1517 2170 1536 2213 e
1562 2148 1667 2226 coelo,
1697 2169 1740 2213 an
1762 2169 1805 2212 ex
1826 2145 2035 2212 bominibus?
2080 2144 2121 2212 Si
2139 2167 2191 2212 re-

179 2236 336 2313 fecturus,
359 2233 549 2316 siquinque
565 2231 700 2315 reliqua,
722 2252 805 2314 quae
826 2231 914 2296 reris
934 2251 972 2294 ac
993 2230 1159 2315 germanis
1211 2235 1418 2319 spondissent
1439 2256 1481 2300 ex
1502 2234 1704 2312 hominibus,
1727 2233 1906 2313 obtinebat,
1938 2229 2193 2383 [1288111111-

117 2321 119 2325 ’
178 2320 316 2386 Domini
336 2319 548 2386 sacramentis
569 2317 669 2403 vulgo
697 2324 924 2395 accensentur,
953 2337 1100 2382 seorsum
1121 2337 1159 2381 ac
1211 2321 1281 2386 lum
1302 2343 1373 2387 esse
1395 2326 1429 2385 et
1444 2342 1583 2400 vanum,
1617 2321 1644 2385 si
1674 2342 1692 2385 e
1721 2318 1825 2399 coelo,
1855 2317 2037 2384 doctrinam
2078 2318 2192 2394 oannis

179 2407 313 2490 propius
333 2413 535 2483 excuterem,
563 2405 715 2487 omnique
742 2403 887 2468 absterso
908 2403 982 2466 11111
1004 2403 1159 2485 simplici·
1212 2394 1387 2492 agnoscere
1409 2406 1616 2492 cogebantur.
1660 2406 1785 2488 Itaque,
1807 2426 1850 2469 ne
1871 2410 1980 2470 essent
1997 2406 2135 2469 nimium
2156 2404 2193 2470 in

180 2493 243 2559 bus
260 2491 437 2575 spectanda
452 2510 676 2574 proponerem,
699 2489 809 2573 qualia
825 2490 893 2553 sint
911 2494 945 2552 et
961 2509 1060 2571 quam
1077 2489 1159 2555 falso
1211 2493 1371 2559 Ioannem
1398 2492 1636 2572 contumeliosi,
1664 2491 1820 2557 nonensi
1842 2496 1921 2555 sunt
1940 2492 2037 2556 fateri
2059 2512 2130 2557 esse
2150 2511 2192 2556 ex

202 2600 239 2644 ro
271 2578 483 2644 sacramentis
516 2577 674 2642 hactenus
707 2576 821 2641 habita
852 2575 927 2640 sint
982 2575 1158 2659 Principio,
1211 2580 1405 2645 bominibus.
1452 2576 1491 2644 Si
1512 2579 1621 2662 itaque
1639 2600 1681 2643 ex
1702 2576 1888 2642 bominibus
1911 2583 1960 2641 est
1977 2576 2190 2655 confirmatio,

178 2600 243 2732 boc
270 2662 478 2730 retinendum
506 2670 556 2728 est
587 2661 673 2745 quod
704 2659 745 2748 [p.
771 2659 847 2748 286]
877 2661 1001 2727 invicta
1033 2663 1159 2726 ratione
1211 2688 1298 2731 vana
1319 2672 1353 2731 et
1372 2664 1489 2731 frivola
1510 2685 1581 2730 ease
1604 2664 1816 2742 convincitur,
1835 2663 1863 2727 si
1886 2661 2010 2728 ecoelc
2028 2684 2099 2728 esse
2116 2683 2191 2745 per-

180 2752 285 2836 prius
305 2750 585 2828 confirmavimus,
619 2748 814 2814 sacramenti
847 2746 1040 2812 instituendi
1073 2749 1159 2814 arbi-
1212 2752 1349 2817 suadere
1370 2751 1494 2830 uolunt,
1517 2751 1663 2834 probent
1693 2751 1842 2814 Tuentur
1862 2770 1896 2814 se
1914 2747 2046 2831 quidem
2063 2753 2191 2831 aposto·

179 2839 282 2902 trium
309 2857 375 2902 non
396 2835 460 2900 nisi
482 2856 582 2918 penes
608 2856 712 2900 unum
732 2834 843 2898 Deum
864 2853 944 2898 esse.
989 2831 1160 2917 Siquidem
1211 2837 1319 2903 lorum
1340 2836 1498 2920 exemplo,
1520 2857 1601 2919 quos
1622 2835 1705 2901 nibil
1727 2843 1851 2901 temere
1868 2835 2190 2900 secisseexistimant

179 2929 421 2989 sacramentum
443 2929 533 2986 11111
552 2922 618 2986 Dei
636 2921 849 3004 promissione
865 2920 992 3003 erigere
1012 2920 1159 2985 fidelium
1211 2924 1314 2990 Recte
1336 2922 1370 2988 id
1393 2944 1480 2989 saue.
1525 2921 1595 2988 Nec
1617 2944 1637 2988 1
1657 2923 1751 2988 nobis
1767 2919 2086 3004 reprehenderentur
2107 2919 2136 2983 si
2157 2938 2192 2984 se

180 3009 442 3076 conscientiasac
459 3007 618 3073 consolari
630 3007 735 3085 debet,
753 3006 1159 3088 quaeeamoertitudinem
1212 3010 1431 3093 apostolorum
1456 3009 1636 3075 imitatores
1657 3007 1874 3074 ostenderent.
1919 3004 1987 3073 Sed
2008 3004 2085 3089 quid
2107 3005 2192 3070 fece·
2327 3024 2332 3049 ¹

178 3116 349 3178 nunquam
371 3095 411 3159 ab
432 3094 565 3176 bomine
586 3095 779 3175 equiperent,
802 3098 1045 3156 sacramentum
1065 3094 1159 3158 nobis
1211 3104 1290 3160 runt
1322 3094 1478 3180 apostoli?
1535 3094 1660 3160 Narrat
1690 3095 1801 3159 Lucas
1832 3095 1868 3158 in
1900 3093 1993 3158 Actis
2025 3092 2113 3177 (Act.
2139 3088 2190 3174 8):

177 3182 402 3247 testimoninm
429 3179 618 3245 1111111111
644 3179 747 3244 bonae
774 3199 854 3261 erga
874 3198 935 3243 nos
956 3179 1023 3242 Dei
1042 3178 1159 3245 volun·
1212 3182 1387 3265 apostolos,
1422 3183 1477 3265 qui
1512 3180 1750 3266 Hierosolymis
1779 3186 1888 3257 erant,
1920 3200 1996 3244 cum
2025 3176 2193 3243 audissent

177 3269 271 3347 tatis,
305 3268 397 3333 cuius
425 3265 536 3332 nullus
563 3266 734 3330 bominum
761 3271 819 3330 aut
845 3265 1036 3347 angelorum
1067 3265 1160 3330 testis
1212 3266 1399 3334 Samariam
1426 3269 1586 3351 recepisse
1616 3267 1755 3332 verbum
1771 3265 1851 3346 Dei,
1880 3266 2007 3331 misisse
2029 3264 2106 3329 illuc
2127 3263 2192 3328 Ps-

177 3375 252 3420 esse
272 3358 388 3438 potest,
410 3352 539 3435 quando
560 3373 656 3417 nemo
676 3350 742 3416 Dei
763 3350 968 3417 consiliarius
987 3350 1056 3414 fuit.
1098 3348 1160 3416 So-
1211 3360 1300 3419 trum
1322 3361 1355 3418 et
1375 3353 1543 3419 Ioannem
1573 3353 1653 3418 Illos
1673 3373 1733 3436 pro
1755 3350 1974 3418 Samaritanis
2001 3371 2125 3435 orasse,
2154 3354 2192 3412 ut

177 3440 232 3505 lus
253 3439 416 3506 Dominus
437 3446 495 3518 est,
518 3439 573 3521 qui
597 3436 637 3502 de
654 3458 690 3503 11
711 3437 804 3502 nobis
821 3457 881 3520 per
904 3435 1043 3501 verbum
1064 3459 1160 3503 suum
1211 3441 1363 3522 spiritum
1382 3447 1533 3506 sanctum
1556 3440 1755 3522 acciperent,
1785 3439 1841 3520 qui
1866 3437 2012 3501 nondum
2033 3434 2068 3499 in
2089 3454 2191 3517 quen·

178 3527 382 3592 testificatum
438 3521 690 3590 Sacramentum
722 3521 867 3607 sigillum
898 3529 966 3602 est,
1000 3543 1063 3605 quo
1095 3523 1160 3589 Dei
1211 3548 1310 3609 quam
1329 3525 1460 3590 illorum
1481 3532 1625 3604 venerat,
1646 3525 1704 3590 sed
1720 3523 1874 3608 baptisati
1895 3528 2024 3587 tantum
2046 3526 2141 3585 crant
2155 3519 2192 3582 in

177 3618 414 3677 testamentum
441 3631 499 3676 seu
526 3611 697 3694 promissio
730 3609 929 3693 obsignatur.
977 3606 1159 3694 obsignari
1211 3613 1344 3678 nomine
1365 3612 1459 3692 Iesu;
1481 3613 1627 3677 oratione
1647 3611 1743 3690 facta,
1766 3609 1832 3674 illis
1849 3629 1967 3673 manus
1988 3606 2190 3690 imposuisse,

178 3718 259 3765 vero
280 3719 347 3762 non
372 3704 482 3779 posset
507 3697 605 3762 rebus
627 3696 789 3778 corporeis
812 3701 846 3759 et
871 3694 1041 3759 elementis
1062 3695 1160 3761 buius
1211 3720 1270 3781 per
1296 3719 1396 3781 quam
1421 3699 1661 3782 impositionem
1678 3697 1845 3779 ‘spiritum
1872 3701 2021 3759 sanctum
2044 3688 2191 3758 Samari·

179 3783 314 3862 mundi,
341 3783 407 3848 nisi
425 3784 547 3849 virtute
566 3783 631 3846 Dei
660 3781 702 3846 ad
724 3782 786 3846 boc
807 3782 1027 3846 formarentur
1048 3788 1082 3846 et
1102 3780 1159 3847 de-
1210 3785 1281 3849 tani
1312 3781 1513 3867 accepenmt.
1563 3784 1609 3847 Et
1637 3782 1676 3848 de
1708 3783 1772 3848 bac
1803 3801 1962 3846 manuum
1987 3778 2192 3861 impositione

181 3871 400 3954 signarentur.
461 3869 638 3934 1111111111
676 3888 754 3951 ergo
786 3872 1027 3932 sacramentum
1061 3867 1159 3932 bomo
1212 3870 1382 3953 aliquoties
1403 3869 1560 3934 meminit.

180 3977 249 4021 non
268 3961 388 4039 potest:
417 3955 493 4038 quia
520 3955 641 4031 facere,
669 3959 707 4017 ut
734 3954 794 4018 sub
815 3953 914 4018 rebus
935 3963 1004 4017 tam
1026 3954 1159 4021 abiectis
1297 3955 1407 4021 Audio
1434 3954 1512 4038 quid
1534 3954 1670 4037 apostoli
1692 3954 1842 4019 fecerint:
1872 3973 1989 4033 nempe
2012 3972 2109 4016 suum
2129 3948 2191 4012 mi·

179 4047 276 4107 tanta
295 4042 361 4106 Dei
381 4042 539 4128 mysteria
556 4039 695 4119 lateant,
716 4038 751 4103 id
771 4060 850 4106 vero
871 4039 1036 4104 humanae
1055 4042 1159 4106 virtu·
1211 4042 1384 4108 nisterium
1406 4038 1545 4106 fideliter
1573 4041 1726 4123 exequuti
1751 4047 1837 4104 sunt.
1882 4038 2037 4103 Visibiles
2065 4036 2138 4101 illae
2159 4040 2193 4098 et

179 4129 225 4193 tis
246 4148 314 4192 non
334 4133 392 4192 est
432 4128 582 4193 Verbum
602 4125 668 4190 Dei
689 4132 822 4209 praeeat
842 4132 977 4209 oportet,
1000 4124 1086 4208 quod
1107 4148 1160 4192 sa·
1213 4128 1420 4194 admirabiles
1443 4127 1575 4209 spiritus
1597 4127 1701 4191 sancti
1723 4126 1856 4210 gratim,
1879 4145 1960 4207 quas
1978 4133 2055 4189 tunc
2077 4124 2112 4186 in
2133 4140 2190 4203 po-

178 4219 385 4280 cramentum
407 4235 478 4279 esse
501 4217 742 4279 sacramentum
762 4211 826 4277 faci
846 4218 868 4276 t.
1019 4239 1025 4243 ·
1211 4215 1327 4299 pulum
1348 4236 1444 4279 suum
1464 4212 1659 4291 effundebat,
1682 4212 1786 4278 voluit
1801 4211 1964 4275 Dominus
1982 4232 2002 4274 a
2024 4211 2190 4288 suisapo·

1212 4302 1303 4368 stolis
1341 4321 1400 4383 per
1436 4321 1596 4364 manuum
1632 4299 1872 4382 impositionem
1908 4293 2129 4361 administrari
2158 4305 2192 4358 11

1212 4387 1371 4454 distribui.
1415 4386 1504 4451 Huic
1525 4392 1634 4450 autem
1654 4385 1853 4468 impositioni
1873 4375 2031 4447 manuum
2052 4400 2118 4444 non
2141 4378 2190 4442 al·
2302 4456 2307 4479 Ι

448 4476 516 4558 De
547 4473 886 4559 Oonffimatione,
1212 4477 1278 4540 tius
1305 4474 1437 4539 subesse
1465 4468 1505 4557 [p.
1519 4469 1595 4558 289]
1625 4472 1821 4624 mgsterium
1847 4470 1972 4554 cogito,
1995 4466 2053 4533 sed
2075 4465 2190 4530 huius·

1042 4567 1047 4578 “
1209 4560 1299 4626 modi
1321 4559 1559 4625 caeremoniam
1579 4558 1657 4622 adbi
1679 4560 1760 4624 itam
1782 4558 1822 4623 ab
1840 4557 1905 4622 illis
1926 4556 2131 4636 interpretor,
2154 4559 2192 4617 ut

270 4639 497 4722 Confirmatio,
531 4649 569 4707 ut
594 4648 726 4721 vocant,
760 4641 902 4725 primum
936 4641 1067 4725 signum
1099 4652 1158 4725 est,
1209 4648 1280 4731 ipso
1302 4652 1397 4730 gestu
1418 4645 1655 4729 significarent,
1678 4666 1713 4710 se
1734 4645 1806 4709 Deo
1828 4639 2055 4709 commendare
2077 4647 2111 4702 11
2131 4659 2189 4704 11·

179 4728 266 4813 quod
289 4728 460 4793 bominum
480 4729 646 4794 temeritas
669 4750 688 4793 a
710 4750 745 4793 se
767 4729 996 4826 excogitatum,
1041 4750 1078 4793 ro
1094 4731 1159 4797 Dei
1209 4732 1260 4798 lut
1280 4732 1398 4797 offerre
1419 4751 1504 4809 eum,
1527 4731 1580 4796 cui
1598 4752 1716 4796 manus
1733 4729 1951 4813 imponebant.
1995 4726 2069 4791 Hoc
2090 4724 2189 4790 mini·

179 4820 385 4882 sacramento
407 4814 584 4899 supposuit
614 4814 878 4880 Confirmaticnrs
903 4811 944 4899 [p.
959 4748 1159 4899 2871111111
1210 4815 1954 4901 sterium,quotumapoatobfi1ngebantur,
1977 4814 2004 4878 si
2027 4811 2135 4877 adbuc
2153 4813 2189 4876 in

178 4902 337 4967 virtutem
364 4922 435 4967 esse
460 4902 640 4978 finxerunt,
669 4902 821 4984 spiritum
842 4906 991 4965 sanctum
1013 4901 1159 4967 conferre
1210 4904 1346 4971 ccclesia
1355 4910 1513 4983 maneret,
1529 4922 1688 4966 manuum
1704 4922 1830 4984 quoque
1845 4900 2085 4984 impositionem
2096 4917 2190 4979 opor·

180 4987 224 5052 ad
245 4989 371 5072 gratiae
394 4993 621 5072 augmentum,
644 4988 700 5070 qui
720 4988 756 5053 in
776 4987 938 5068 baptismo
958 4984 1094 5052 collatus
1116 4989 1160 5054 sit
1210 4996 1295 5055 teret
1317 4992 1450 5056 servari.
1496 4986 1564 5054 Sed
1596 4987 1651 5053 ubi
1684 4987 1791 5071 gratia
1820 4986 1879 5051 illa
1910 4985 2050 5052 conferri
2085 4982 2188 5062 desit,

180 5073 224 5139 ad
244 5073 479 5139 innocentiam:
503 5075 696 5139 confirmare
718 5095 773 5139 eos
795 5069 838 5138 ad
858 5093 1018 5156 pugnam,
1046 5072 1103 5154 qui
1123 5075 1159 5138 in
1210 5090 1365 5158 quorsum
1388 5077 1532 5158 pertinet
1551 5094 1708 5137 manuum
1729 5070 1915 5155 impositio?
1960 5071 2079 5136 Adbuc
2101 5073 2190 5134 certe

178 5161 342 5242 baptismo
363 5160 547 5244 regenerati
565 5160 631 5225 sint
652 5159 694 5224 ad
710 5161 821 5226 vitam.
850 5157 1027 5242 Peragitur
1049 5167 1174 5237 autem¹
1210 5160 1305 5226 adest
1325 5162 1444 5244 populo
1465 5162 1530 5227 Dei
1556 5159 1688 5242 spiritus
1710 5164 1858 5235 sanctus,
1886 5177 1950 5239 quo
1971 5157 2035 5221 nisi
2057 5155 2190 5220 ductore

179 5247 263 5313 haec
285 5247 487 5312 confirmatio
508 5247 661 5311 unctione
678 5253 712 5311 et
732 5245 795 5312 bac
811 5244 987 5312 uerborum
1004 5245 1157 5311 formula:
1211 5254 1246 5313 et
1266 5245 1439 5327 directore,
1465 5247 1640 5313 consistere
1665 5243 1779 5328 nequit
1801 5242 1867 5309 Dei
1889 5240 2031 5307 ecclesia.
2077 5240 2188 5306 Habe·
