4770 6030
197 319 258 382 431
385 289 388 299 ’
769 310 1036 378 marrineio
1058 313 1164 380 aaa.
1188 309 1630 378 casianum-1554.
2143 316 2206 378 432

1906 427 2207 495 A9333913091.

101 500 116 570 .’
144 542 149 552 =
197 527 294 588 saepe
316 505 521 587 Augustinus
528 525 537 580 ;
559 508 597 564 ut
617 521 719 582 quum
741 500 854 564 scribit
874 499 1017 563 Hilario:
1037 498 1061 583 ¹)
1086 500 1177 565 iubet
1228 499 1372 564 libidims
1393 500 1495 564 furias
1517 500 1626 582 palem
1648 502 1768 579 efflare,
1792 413 1977 567 cortdmen
1999 525 2067 568 non
2085 504 2209 569 habent

197 593 252 657 lei
271 598 309 655 ut
334 591 440 654 facere
467 589 556 653 iussa
577 586 698 662 conati,
729 593 762 649 ct
788 586 824 647 in
846 594 959 650 nostra
985 586 1176 651 infirmitate
1229 585 1443 668 compositum
1475 585 1517 649 ad
1544 585 1695 650 timorem
1720 599 1754 651 et
1780 586 1998 652 obedientiam
2030 590 2108 668 Dei;
2140 590 2206 655 imo

198 679 258 743 sub
280 677 352 759 lege
377 673 522 758 fatigati,
544 671 741 736 adiutorium
768 672 893 754 gratim
921 691 1054 754 poscere
1076 693 1176 736 nove·
1228 692 1292 753 quo
1313 672 1419 755 magis
1441 693 1511 735 sese
1533 671 1693 749 retinent,
1716 693 1754 737 eo
1774 674 1890 738 fortius
1911 675 2000 739 intus
2022 664 2215 740 accendam

196 764 307 828 rimus.
352 760 439 824 Item
461 758 598 824 Asellio:
613 760 642 842 ²)
671 756 796 821 utilitas
817 757 899 840 legis
920 766 984 835 est,
1011 766 1049 821 ut
1070 756 1176 822 homi·
1228 765 1291 836 tur,
1314 756 1450 835 fervent,
1473 756 1630 834 bulliunt,
1652 759 1760 839 parati
1779 758 1907 841 quidvis
1929 759 2050 838 facere,
2074 768 2108 824 et
2127 783 2207 843 quo·

196 869 272 913 nem
294 846 335 910 de
357 868 417 911 sua
445 845 634 910 infirmitate
654 843 841 920 convincat,
872 850 906 906 et
926 843 1051 926 gratiae
1072 842 1176 908 medi·
1228 843 1278 907 vis
1299 863 1525 925 prorumpere,
1549 843 1614 907 nisi
1636 843 1690 909 hic
1712 851 1818 909 terror
1839 845 1921 928 legis
1943 847 2095 917 obstaret.
2136 847 2206 913 Nec

195 933 318 1011 cinam,
352 938 436 1014 quae
467 932 502 995 in
532 929 665 996 Ohristo
693 936 756 1007 cst,
786 928 962 1011 implorare
992 928 1173 1011 compellat
1227 927 1262 993 id
1284 928 1398 1007 solum,
1422 927 1479 993 sed
1500 928 1607 1012 legem
1629 951 1755 1013 quoquo
1772 932 1879 1013 ipsam
1894 933 2034 1014 pessime
2056 933 2204 1010 oderunt,

195 1020 281 1084 Item
303 1018 345 1082 ad
366 1017 597 1085 Innocentium
618 1016 822 1079 Romanum:
837 1012 867 1098 ὅ)
897 1015 988 1079 iubet
1008 1014 1077 1092 leii;
1100 1035 1176 1098 gra·
1228 1023 1261 1078 et
1280 1014 1391 1078 Deum
1411 1014 1632 1098 legislatorem
1651 1023 1878 1095 exsecrantem
1905 1024 1943 1081 ut
1962 1039 2053 1095 euin,
2082 1021 2110 1084 si
2131 1041 2206 1102 pos-

194 1105 242 1169 tia
269 1105 356 1170 vires
384 1102 503 1188 agendi
534 1101 769 1167 subministrat.
820 1101 907 1165 Item
939 1100 1129 1165 Valentino:
1144 1099 1175 1250 *ἐ
1228 1109 1315 1177 sent,
1337 1101 1481 1164 maxime
1501 1100 1606 1164 velint
1627 1100 1755 1181 tollere,
1778 1124 1875 1184 quem
1896 1125 1957 1168 noc
1979 1118 2067 1169 recta
2088 1107 2203 1171 iuben-

193 1191 286 1255 iubet
306 1190 399 1256 Deus
420 1210 503 1271 quae
523 1209 592 1253 non
613 1207 800 1272 possumus,
828 1193 866 1250 ut
887 1186 1075 1252 noverimus
1096 1187 1152 1269 qui
1227 1193 1310 1265 tem,
1342 1207 1401 1251 nec
1429 1207 1507 1252 suae
1534 1186 1713 1252 maiestatis
1736 1196 1972 1271 contemptores
1995 1191 2205 1256 ulciscentem

195 1275 320 1341 abillo
348 1282 459 1358 petere
490 1274 674 1338 debeamus.
720 1271 818 1336 ltma-
831 1273 862 1357 ὁ)
890 1272 967 1337 data
988 1277 1033 1336 est
1054 1273 1117 1351 les,
1140 1278 1175 1335 ut
1227 1272 1313 1336 ferro
1334 1279 1478 1354 possunt.
1523 1271 1608 1337 Aliis
1629 1273 1761 1354 quidem
1782 1275 1959 1352 obscurius,
1983 1275 2054 1341 aliis
2074 1277 2204 1355 elarius,

194 1381 248 1427 aes
268 1381 336 1426 reos
356 1363 484 1443 faeeret5
513 1361 561 1424 rei
580 1361 672 1442 fecti,
700 1359 864 1436 timeretis,
892 1360 1057 1436 timentes„
1071 1359 1175 1423 meut
1227 1358 1377 1422 omnibus
1403 1365 1516 1422 tamen
1536 1357 1682 1422 nonduin
1708 1361 1908 1442 regeneratis
1935 1361 1988 1426 hic
2017 1384 2132 1427 sensus
2154 1363 2205 1427 in·

192 1449 329 1531 peritiam
343 1448 503 1530 aduraim
525 1447 563 1511 ele
580 1445 701 1511 uiribus
721 1445 833 1508 vestris
849 1464 911 1508 uoa
922 1445 1173 1526 praesumeretis.
1227 1450 1291 1522 est,
1319 1449 1356 1507 ut
1383 1465 1448 1507 non
1476 1443 1662 1508 voluntaria
1690 1445 1919 1523 submissione,
1955 1447 2012 1512 scd
2039 1449 2135 1512 inviti
2167 1471 2205 1514 ac

196 1533 294 1599 Item:
308 1535 336 1617 ⁶)
366 1534 409 1599 ecl
430 1533 484 1597 boe
505 1533 581 1597 eeu
603 1537 647 1595 est
668 1531 731 1609 les,
758 1535 792 1593 ut
813 1531 851 1596 de
872 1551 984 1613 mapuo
999 1531 1174 1612 paruulum
1226 1530 1427 1607 restitantes,
1456 1536 1587 1593 tantuin
1614 1531 1740 1596 umoris
1761 1532 1930 1610 violentia,
1961 1533 2002 1597 ad
2030 1534 2111 1617 legis
2134 1544 2204 1599 stu-

193 1621 321 1702 facere,
348 1626 384 1685 ut
409 1624 437 1683 te
463 1620 506 1684 ed
537 1618 693 1683 iustitiam
722 1617 806 1680 eires
832 1617 870 1681 de
897 1622 949 1681 tue
976 1636 1037 1680 aare
1063 1615 1174 1680 babere
1227 1612 1318 1678 dium
1339 1615 1522 1679 trahantur.
1568 1613 1635 1680 Sed
1661 1623 1773 1680 tamen
1800 1617 1880 1683 liaeo
1902 1626 2013 1684 coacta
2034 1641 2204 1702 expressa·

193 1710 392 1784 monuere,
424 1706 511 1770 aose'
538 1705 642 1786 ineps,
668 1703 820 1786 indueus
845 1723 882 1767 ασ
908 1722 1018 1784 epcirem
1036 1703 1082 1766 ad
1101 1724 1174 1784 pre-
1226 1722 1288 1782 que
1315 1701 1440 1765 iustitia
1465 1702 1649 1767 necessaria
1677 1710 1727 1767 est
1751 1703 1900 1784 publicae
1922 1704 2092 1770 hominum
2115 1728 2203 1770 coin-

193 1792 272 1856 tium
293 1794 478 1875 coufuperes.
525 1789 637 1854 Postea
664 1808 831 1854 sermotiem
858 1790 902 1854 aa
921 1787 1027 1852 Deum
1048 1784 1173 1871 diripit:
1227 1787 1389 1864 munitati,
1423 1788 1516 1851 cuius
1548 1787 1602 1852 hio
1634 1787 1863 1871 tranquillitati
1896 1791 2087 1869 consulitur,
2122 1792 2202 1856 dum

169 1879 241 1942 'e'ta
267 1878 320 1959 fec
347 1877 498 1955 Damius,
521 1876 568 1939 ito
591 1876 644 1957 fec
665 1874 842 1938 misericors
870 1874 1024 1939 Domine:
1052 1875 1174 1955 impera
1226 1880 1375 1950 cavetur,
1414 1894 1456 1936 ne
1488 1874 1598 1937 omnia
1635 1875 1893 1956 permisceantur
1924 1877 2081 1941 tumultu:
2116 1877 2203 1960 quod

196 1964 277 2044 quod
303 1964 364 2028 uere
388 1965 491 2046 pessit
517 1961 660 2044 implora
693 1960 755 2023 imo
791 1961 913 2042 impera
940 1960 1022 2040 quod
1049 1961 1174 2023 aurumi
1226 1958 1328 2036 fieret,
1351 1959 1379 2022 si
1401 1959 1510 2023 omnia
1532 1960 1682 2024 omnibus
1704 1960 1846 2025 licerent.
1893 1960 2104 2042 Quinetiam
2126 1963 2202 2028 filiis

190 2069 251 2132 per
269 2051 407 2132 qratiam
428 2055 515 2113 tuem
529 2049 633 2129 possit
653 2046 792 2127 septem
814 2051 848 2110 ut
864 2066 961 2127 quum
982 2045 1119 2109 leemites
1139 2046 1174 2109 id
1226 2043 1290 2108 Dei
1312 2066 1380 2108 non
1402 2054 1452 2109 est
1471 2045 1596 2124 inutile,
1620 2045 1681 2110 hac
1702 2045 1904 2130 paedagogia
1925 2050 2078 2127 exerceri,
2099 2071 2202 2131 quan-

195 2135 323 2216 implere
337 2157 398 2217 per
419 2155 496 2199 suas
516 2134 598 2197 eires
618 2132 818 2213 nequiuerint,
841 2153 928 2196 ermae
945 2150 979 2194 os
996 2131 1174 2194 obstruimur
1226 2130 1328 2211 tisper
1350 2137 1425 2194 anto
1446 2131 1658 2210 vocationem,
1682 2132 1798 2214 spiritu
1821 2135 2085 2200 sanctificationis
2104 2134 2203 2200 desti-

195 2226 224 2285 et
245 2240 332 2285 amieo
352 2221 414 2284 silit
435 2240 568 2302 mepreus
594 2218 750 2295 viduatum·
777 2220 842 2282 se'ut
861 2239 964 2283 marus
979 2218 1124 2299 purvuli,
1148 2222 1175 2281 et
1226 2216 1298 2292 tuti,
1320 2216 1508 2298 insipientia
1535 2218 1643 2281 carnis
1671 2218 1853 2284 lasciviunt.
1898 2220 1989 2284 Dum
2009 2222 2097 2285 enim
2120 2220 2202 2285 divi-

194 2326 269 2371 reus
293 2306 351 2387 fiet
376 2307 477 2370 mauis
504 2304 641 2390 muamus
661 2303 736 2367 Deo.
783 2303 845 2369 see
871 2326 922 2388 epo
950 2304 1073 2386 irreptus
1093 2323 1172 2382 sum,
1226 2322 1289 2365 uae
1316 2301 1450 2365 ultionis
1476 2310 1600 2367 terrore
1627 2303 1680 2368 vel
1709 2305 1750 2369 ab
1777 2312 1914 2369 externa
1942 2307 2122 2389 petulantia
2151 2329 2202 2371 re·

196 2393 252 2473 qai
272 2398 312 2458 tot
333 2392 507 2456 testimonio
527 2411 660 2472 caepae,
683 2411 781 2470 quum
792 2392 961 2472 proprium
978 2411 1057 2471 opus
1077 2390 1174 2470 scrip
1225 2386 1417 2466 trahuntur,
1444 2394 1609 2470 utcunque
1636 2388 1782 2454 nondum
1810 2392 1918 2455 animo
1947 2391 2059 2456 douiiti
2085 2414 2203 2474 parum

195 2479 272 2543 serit
296 2483 422 2542 saeuus
449 2477 500 2541 ille
528 2477 592 2555 eir,
626 2477 678 2539 cue¹
702 2477 828 2540 titutum
853 2477 926 2558 fecit
945 2477 983 2540 cle
1009 2476 1175 2557 spiritua
1225 2473 1261 2534 in
1287 2474 1472 2555 praesentia
1499 2485 1727 2556 promoveant,
1763 2475 1871 2558 aliqua
1900 2487 2011 2542 tamen
2040 2500 2082 2542 eir
2108 2487 2202 2560 parte

196 2563 295 2628 litera.
340 2561 530 2628 Secundum
558 2563 739 2645 profectum
766 2584 832 2626 non
854 2570 923 2627 tam
951 2563 1174 2645 significanter
1224 2557 1357 2622 ferendo
1385 2560 1528 2624 iustitiae
1555 2561 1632 2643 iugo
1660 2563 1855 2642 assuefiunt;
1892 2585 1934 2627 ne
1961 2584 2062 2644 quum
2094 2565 2201 2628 vocati

197 2649 364 2728 describit,
392 2649 446 2714 vel
469 2646 556 2731 quod
584 2647 767 2730 dependere
794 2670 836 2712 ex
865 2647 921 2712 illo
943 2649 1051 2730 priore
1073 2668 1174 2712 nove·
1225 2645 1355 2724 fuerint,
1377 2645 1445 2709 sint
1466 2645 1508 2710 ad
1526 2645 1739 2728 disciplinam,
1763 2670 1823 2713 ceu
1840 2648 1881 2712 ad
1901 2670 1971 2712 rein
1990 2649 2199 2731 incognitam,

195 2743 262 2814 rat,
287 2735 339 2800 vel
360 2734 446 2818 quod
468 2757 534 2799 non
556 2734 603 2798 ita
623 2734 723 2816 probe
746 2735 891 2813 tenebat,
913 2733 960 2798 uel
981 2733 1061 2814 quod
1082 2732 1174 2797 serbe
1226 2730 1324 2794 rudes
1343 2752 1476 2813 prorsus
1501 2753 1538 2796 ac
1560 2734 1683 2798 novitii.
1717 2733 1790 2798 Hoc
1812 2735 1956 2798 officium
1976 2733 2106 2798 videtur
2123 2756 2200 2816 apo-

194 2841 255 2887 aea
272 2821 407 2900 babebat,
430 2820 543 2902 quibus
559 2824 675 2883 rectum
691 2819 809 2900 almam
824 2839 951 2884 acimum
969 2821 1014 2883 ue
1032 2819 1173 2883 distinete
1226 2816 1327 2880 stolus
1354 2818 1484 2899 proprie
1512 2819 1674 2901 attigisse,
1703 2841 1803 2901 quum
1831 2818 1930 2883 tradit
1958 2823 1990 2902 (l
2012 2821 2094 2882 Tim.
2119 2825 2144 2897 l,
2164 2822 2198 2903 9)

195 2912 223 2973 et
245 2908 410 2990 perspicue
444 2906 616 2987 eaptuoret.
671 2907 786 2989 Neque
818 2913 929 2971 tamen
961 2907 997 2969 in
1027 2905 1173 2987 reprobis
1225 2903 1332 2984 legem
1354 2924 1422 2967 non
1444 2925 1514 2968 esse
1535 2904 1620 2968 iusto
1642 2905 1790 2987 positam,
1812 2904 1869 2969 scd
1890 2905 2019 2969 iniustis
2030 2915 2063 2968 et
2084 2908 2199 2968 immo-

216 3014 322 3075 uoque
358 2993 437 3075 ipsis
475 2993 616 3074 primum
660 2993 721 3057 hoo
761 2992 843 3076 legis
882 2992 1025 3057 officium
1058 2998 1170 3056 cessat.
1224 2989 1355 3072 rigaris,
1377 2989 1486 3070 impiis
1509 2996 1541 3053 et
1562 2991 1792 3071 peccatoribus,
1817 2990 1981 3063 sceleratis
2003 2998 2037 3055 et
2047 2992 2200 3073 profanis,

195 3016 396 3161 Quanquam
418 3078 506 3142 enim
528 3098 603 3142 cuin
624 3077 700 3142 filiis
722 3079 786 3142 Dei
812 3099 880 3142 non
907 3078 1076 3160 hucusque
1097 3098 1172 3170 per·
1224 3073 1403 3156 parricidis,
1426 3074 1606 3155 homicidis,
1629 3076 1819 3154 fornicariis,
1841 3075 2050 3158 paederastis,
2075 3076 2200 3160 plagia·

196 3170 294 3248 gimt,
324 3172 359 3227 iit
386 3170 460 3245 post
488 3164 596 3228 carnis
617 3165 839 3228 confusionom
866 3164 1019 3228 interiore
1040 3164 1171 3228 homine
1224 3161 1290 3236 riis,
1314 3159 1525 3226 mendacibus
1548 3182 1585 3227 ac
1606 3163 1761 3245 periuris,
1784 3170 1818 3225 et
1839 3162 1867 3226 si
1888 3160 1967 3243 quid
1989 3162 2079 3227 aliud
2101 3185 2201 3228 sanae

196 3257 396 3315 renoventur
423 3271 460 3314 ac
480 3251 702 3328 reflorescant,
732 3249 790 3315 sed
815 3251 920 3333 primo
941 3256 1065 3314 terrore
1088 3255 1172 3312 atto·
1224 3245 1389 3311 doctrinae
1412 3245 1612 3312 adversatur.
1649 3247 1779 3312 Iudicat
1800 3248 1888 3311 onim
1910 3269 1981 3312 esse
2002 3249 2196 3313 exsultanti-

196 3336 258 3399 niti
278 3336 314 3398 in
336 3334 560 3417 desperatione
588 3336 707 3400 iacent:
736 3337 879 3418 pertinet
905 3343 1016 3399 tamen
1038 3334 1080 3398 ed
1101 3356 1172 3398 ma—
1224 3333 1293 3411 bus,
1324 3340 1358 3395 et
1379 3332 1448 3396 sine
1470 3332 1565 3397 modo
1594 3332 1736 3415 alioquin
1764 3334 1933 3418 vagaturis
1955 3337 2063 3400 carnis
2092 3335 2199 3400 libidi-

196 3421 414 3486 nil'estandam
436 3421 540 3487 divini
557 3420 667 3486 iudicii
688 3424 892 3504 aequitatem,
915 3420 1073 3486 eiusmodi
1092 3422 1171 3485 fluc-
1224 3419 1329 3495 nibus,
1352 3419 1576 3505 retinaculum.

195 3507 281 3572 tibus
299 3528 411 3571 eorum
429 3508 642 3572 conscientias
660 3509 833 3592 exagitari3
856 3506 1016 3591 siqnidem
1032 3506 1172 3571 libenter
1314 3509 1382 3568 100.
1417 3503 1472 3568 Aa
1492 3509 1736 3584 utrumqueeero
1758 3507 1981 3570 accommodari
1997 3511 2097 3589 potest
2117 3506 2198 3586 quod

195 3615 322 3675 semper
344 3593 482 3674 cupiunt
503 3591 660 3658 adversus
681 3594 746 3658 Dei
772 3595 929 3660 iudicium
949 3593 1168 3677 tergiversari.
1223 3589 1299 3654 elidi
1327 3590 1402 3653 dicit
1419 3590 1512 3740 &Gal
1533 3595 1561 3668 3,
1582 3592 1652 3673 24):
1681 3590 1775 3673 lepem
1802 3592 1902 3673 fuisse
1929 3591 2060 3657 [reducis
2081 3593 2199 3673 poeda-

194 3679 302 3756 Nunc,
325 3678 381 3742 illo
394 3678 540 3742 nondum
556 3680 725 3760 patefacto,
747 3679 830 3764 legis
848 3680 1108 3746 etconscicntiae
1122 3687 1170 3743 te·
1221 3697 1332 3759 popum
1353 3677 1396 3740 ed
1443 3675 1592 3752 limatum5
1618 3677 1772 3758 siquidum
1792 3678 1853 3743 duo
1880 3684 1952 3742 suut
1972 3679 2130 3742 bominum
2149 3699 2199 3761 pe-

197 3764 347 3829 stimonio
369 3766 414 3829 sic
437 3767 635 3829 consternati
654 3767 689 3830 in
711 3788 746 3830 se
762 3767 842 3850 ipsis
853 3765 996 3850 produnt
1008 3764 1085 3847 quid
1102 3787 1170 3829 me·
1222 3783 1312 3839 aera,
1340 3782 1417 3842 quos
1443 3762 1485 3826 ed
1515 3760 1674 3828 Christum
1701 3783 1762 3826 sua
1788 3763 1982 3847 paedepmie
2009 3765 2197 3828 umreeducit.

195 3850 251 3915 riti
273 3851 348 3914 sint.
585 3909 591 3915 ,
1223 3848 1302 3924 Alii,
1325 3848 1362 3911 de
1383 3847 1612 3930 quibus'prium
1632 3849 1695 3912 loco
1717 3849 1865 3928 ditmarus
1887 3851 1963 3931 quia
1975 3851 2126 3932 propriae
2144 3856 2200 3914 out

282 3940 331 3998 99.
378 3934 568 4000 Secundum
590 3937 671 4020 legis
694 3938 838 4004 officinm
857 3945 921 4016 est,
945 3945 982 4002 ut
1003 3937 1058 4018 qui
1079 3936 1171 4000 nulla
1223 3934 1359 4011 omma,
1391 3938 1448 3997 out
1471 3934 1612 3998 iustitiae
1637 3935 1756 4016 fiducia
1777 3936 1874 4000 uiue-is
1895 3935 1984 4017 plera
2008 3941 2092 4012 suad,
2122 3937 2199 4000 resi-

195 4022 272 4086 iusti
295 4021 438 4102 rectique
460 4042 548 4100 cura,
572 4023 635 4086 nisi
656 4025 772 4102 coacti,
795 4024 987 4107 tansgimtur,
1012 4020 1090 4086 dum
1113 4045 1170 4086 au·
1216 4020 1352 4102 amedee
1376 4018 1496 4084 cauus·
1522 4020 1645 4102 pretias
1670 4041 1731 4084 rma
1752 4027 1824 4086 secut
1849 4041 1990 4103 caperes,
2019 4022 2085 4085 erist
2102 4024 2199 4103 priris

195 4105 290 4171 diunt
323 4105 410 4172 diras
444 4107 479 4173 in
508 4128 547 4172 ea
579 4110 775 4189 sanctiones,
813 4116 1024 4175 coerceantur
1055 4107 1171 4172 saltem
1223 4107 1284 4169 siret
1306 4106 1467 4169 esiueuiti.
1512 4105 1597 4188 Erpo
1627 4127 1677 4170 eos
1703 4108 1849 4172 latomiae
1878 4127 1954 4172 suae
1975 4108 2130 4191 equitium
2150 4108 2198 4171 lea

194 4214 373 4276 poenarum
395 4192 574 4257 formidine.
621 4192 821 4260 (loercentur
843 4203 967 4273 autem,
996 4216 1063 4258 non
1085 4193 1170 4276 quod
1223 4192 1266 4255 ad
1286 4191 1492 4255 bumilitatem
1523 4191 1651 4274 submit,
1680 4214 1740 4273 quo
1762 4195 1808 4257 αα
1832 4199 2064 4274 praeparentur
2085 4195 2127 4259 ed
2149 4214 2198 4257 as-

195 4279 330 4343 interior
357 4300 470 4343 eorum
498 4280 627 4345 animus
660 4288 890 4363 permoveatur
916 4289 974 4346 aut
1000 4280 1169 4354 afficiatur,
1218 4278 1384 4358 peteedum
1405 4276 1486 4358 quod
1507 4277 1568 4341 sebi
1589 4284 1681 4342 autea
1707 4279 1810 4343 deesse
1836 4299 1897 4343 eoa
1918 4278 2082 4361 petebant.
2125 4278 2199 4344 Ale·

196 4363 254 4430 sed
275 4365 352 4447 quia
372 4373 529 4447 tauquam
551 4366 668 4430 iniecto
690 4368 802 4432 fraeno
824 4389 942 4432 manus
960 4367 999 4431 ab
1018 4364 1170 4429 exteriori
1222 4383 1300 4445 aprus
1318 4362 1427 4427 lrabeat
1445 4363 1562 4444 fream,
1584 4384 1644 4445 quc
1659 4366 1858 4441 retiueautur,
1880 4384 1919 4427 ue
1935 4365 1980 4428 ita
1998 4365 2101 4429 laceret
2116 4365 2199 4445 frae-

195 4470 292 4533 opere
320 4451 503 4539 continent3
538 4472 632 4517 suain
665 4454 861 4535 pravitatem
892 4455 981 4517 intus
1008 4450 1169 4527 cohibent,
1222 4470 1265 4513 ue
1286 4450 1392 4513 corais
1420 4469 1497 4512 suae
1517 4449 1680 4529 lasci-ctae,
1710 4455 1746 4514 ut
1766 4449 1805 4513 ab
1826 4451 1909 4512 mura
1936 4451 2076 4515 iustitiae
2096 4451 2199 4516 stadie

178 4540 295 4617 ‘quam
317 4535 437 4619 alioqui
464 4537 649 4620 petulanter
671 4539 806 4604 effusuri
828 4544 930 4602 erant.
974 4538 1030 4602 Ex
1051 4556 1089 4599 eo
1110 4556 1170 4601 neo
1216 4554 1351 4617 morsus
1378 4534 1527 4599 eecideut.
1585 4533 1647 4602 Ua
1674 4537 1757 4599 mim
1789 4535 1926 4598 rmudum
1957 4538 2035 4620 repit
2067 4537 2199 4619 spiratus

196 4622 346 4687 meliores
379 4623 510 4704 quidem
545 4631 637 4700 suut,
671 4646 732 4690 nec
760 4623 847 4707 apud
870 4625 980 4688 Deum
1009 4621 1168 4687 iustiores.
1221 4621 1298 4699 Dei,
1328 4619 1394 4685 illie
1413 4620 1459 4685 se'c
1485 4621 1635 4686 ebulliunt
1654 4621 1808 4686 interilum
1828 4620 1986 4701 tutatur,
2017 4627 2053 4686 ut
2072 4623 2196 4704 pericu-

195 4705 283 4770 Nam
303 4710 434 4774 tametsi
454 4709 508 4774 vel
530 4717 654 4774 terrore
677 4710 729 4776 vel
756 4709 880 4793 pudore
907 4706 1055 4790 impediti
1076 4728 1170 4771 exer-
1221 4707 1287 4770 lum
1306 4707 1361 4784 sit,
1382 4727 1421 4770 ue
1441 4708 1582 4772 ouiumm
1603 4706 1665 4771 silit
1690 4705 1854 4772 obmaiem
1875 4709 1909 4771 iu
1931 4707 2109 4773 obliuionem
2131 4727 2197 4771 cca

196 4813 268 4857 cere
290 4814 356 4857 non
379 4794 502 4859 audent
523 4794 607 4877 quod
629 4796 740 4860 animo
762 4799 987 4877 conceperunt,
1010 4814 1071 4858 nec
1092 4814 1169 4858 suae
1221 4797 1425 4873 temptumque
1453 4791 1516 4858 Dei
1543 4793 1735 4875 demerpeum
1766 4797 1915 4874 atteret,
1948 4795 2014 4859 atsi
2040 4792 2197 4857 Derm'uus

1221 4878 1275 4942 bos
1301 4877 1434 4942 remedio
1463 4878 1584 4943 obviam
1611 4872 1679 4942 iret.
1729 4877 1841 4959 Itaque
1866 4899 1942 4962 qums
1968 4880 2011 4944 ad
2034 4878 2123 4960 rapui
2144 4879 2197 4942 sui

363 5033 369 5043 ,
736 5034 742 5045 ‚
1126 5033 1131 5044 ,
1221 4963 1439 5029 haereditatem
1465 4964 1645 5042 destinauit,
1678 4964 1709 5028 si
1735 4985 1796 5029 ace
1822 4967 1927 5030 statim
1955 4968 2126 5048 reperierat,
2154 4965 2197 5030 eol

266 5031 295 5097 1)
318 5032 404 5101 Epist.
423 5031 457 5085 89
475 5032 560 5100 (ibt).
636 5031 666 5100 2)
690 5034 777 5102 Epist.
796 5032 848 5085 200
865 5032 950 5101 (196).
1028 5031 1058 5096 3)
1081 5034 1168 5113 Epist.
1220 5055 1341 5132 tempus
1361 5069 1438 5113 sm
1458 5048 1645 5113 vmmss
1665 5055 1823 5116 conservat
1838 5073 1899 5134 W
1918 5051 1994 5136 lew
2014 5069 2116 5130 opera,
2139 5050 2197 5115 sub

196 5097 354 5222 bille.
375 5101 441 5233 ei.)
460 5103 519 5239 ng).
537 5104 572 5224 l?
588 5109 719 5223 sitia,
737 5102 877 5231 tert?
896 5103 966 5223 ἔξω
984 5101 1170 5238 tutat
1220 5136 1342 5210 tuom
1370 5154 1431 5198 m
1453 5134 1506 5199 aa
1529 5131 1653 5213 aaut
1675 5143 1757 5202 aa
1779 5142 1919 5219 eruo,
1945 5135 2051 5218 aaa
2072 5136 2107 5199 a
2129 5138 2197 5202 aa

197 5234 254 5289 118.
282 5238 367 5291 Scrin.
387 5237 428 5305 ⁶27,
446 5238 470 5292 3.
1218 5221 1297 5304 fillis
1318 5239 1383 5285 0886
1403 5219 1499 5299 debeb,
1521 5218 1594 5285 “llll
1614 5224 1717 5287 lumea
1739 5223 1781 5289 ad
1801 5223 1868 5303 but,
1890 5223 1985 5315 ulad
2005 5242 2110 5288 veram
2127 5227 2197 5308 plo·

197 4941 399 4948 --—-.—-.-.
