4770 6030
181 331 245 394 aaa
778 286 877 384 olr.
901 322 946 385 11.
990 275 1602 413 111111111111111111111.
2131 329 2194 390 aas

179 425 503 512 1111111111]
1515 477 1517 484 .
1860 494 1862 500 A

180 521 250 586 Res
274 523 426 580 terrenas
448 533 535 591 voco,
558 534 641 595 quae
663 511 706 576 ad
726 512 838 576 Deum
859 531 1061 594 regnumque
1083 510 1162 587 eins,
1218 508 1347 589 cipium.
1398 509 1490 576 Haec
1523 533 1601 596 ergo
1628 512 1821 579 documenta
1849 520 2025 593 testantur,
2061 516 2193 579 univer-

181 605 224 672 ad
246 621 365 667 veram
387 599 554 675 iustitiam,
578 599 620 663 11
637 598 766 662 1111111
784 598 870 662 vitae
887 595 1165 661 ‘immortalitatem
1218 593 1320 682 salem
1353 596 1490 662 rationis
1528 605 1561 662 et
1598 598 1834 683 intelligentiae
1871 601 2195 681 comprehensionem
2320 615 2325 623 ·

181 714 249 757 non
272 687 476 770 pertingtmt,
500 683 558 748 sed
575 705 650 749 cum
667 685 735 748 vita
751 682 916 766 praesenti
934 683 1094 746 rationem
1113 701 1164 744 re-
1217 701 1289 744 esse
1311 679 1498 748 hominibus
1519 685 1713 749 naunaliter
1734 684 1880 750 inditam
1915 683 1971 750 Sic
1993 692 2104 751 tamen
2121 688 2195 751 uni-

83 820 97 848 a
181 778 407 854 latioremque
430 770 553 834 habent
574 777 607 834 et
627 768 863 851 quodammodo
883 769 972 832 intra
990 768 1059 832 eius
1080 766 1165 831 fines
1218 765 1346 831 versele
1368 774 1418 832 est
1438 768 1569 848 bonum,
1593 777 1631 834 ut
1651 771 1687 834 in
1704 792 1742 834 eo
1762 791 1821 852 pro
1844 791 1878 836 se
1900 771 2035 853 quisque
2052 773 2195 854 peculia·

182 863 407 930 continentur.
452 856 520 920 Res
542 856 705 932 coelestes,
727 875 826 919 verae
846 854 987 919 iustitiae
1005 854 1166 917 rationem
1219 872 1290 916 rem
1312 852 1376 917 Dei
1398 855 1539 936 gratiam
1560 878 1735 939 agnoscere
1754 855 1879 938 debeat
1923 856 1977 921 Ad
1998 878 2097 940 quam
2116 879 2195 1006 gra·
2249 854 2255 863 “

2139 965 2195 1008 um

184 972 222 1015 ac
244 945 341 1029 regni
370 942 517 1007 coelestis
539 941 704 1024 mysteria.
749 941 791 1003 In
817 939 924 1022 priore
945 960 1065 1022 genere
1087 943 1167 1002 sunt
1217 937 1392 1002 titudinem
1420 960 1479 1006 nos
1505 941 1634 1007 abunde
1663 943 1883 1025 expergefacit
1907 943 2085 1021 Dominus,

182 1034 307 1119 politia,
331 1027 528 1104 oeconomia,
551 1035 638 1090 artes
659 1047 771 1090 omnes
793 1024 1002 1089 mechanicae
1023 1023 1166 1105 discipli·
1218 1024 1381 1088 moriones
1408 1033 1513 1104 creat,
1541 1029 1576 1091 in
1604 1029 1720 1111 quibus
1748 1035 1971 1110 repraesentat
1999 1030 2115 1110 quibus
2137 1051 2195 1094 ex-

184 1139 313 1201 naeque
335 1113 496 1180 liberales.
529 1111 572 1175 In
594 1111 734 1176 secundo
751 1111 816 1175 Dei
839 1132 876 1175 ac
898 1110 1029 1177 divinae
1051 1109 1166 1174 volun·
1219 1109 1316 1174 cellat
1333 1109 1463 1192 dotibus
1486 1112 1626 1178 hominis
1648 1115 1772 1192 anima,
1801 1115 1864 1178 nisi
1887 1116 1956 1179 eius
1974 1115 2099 1179 lumine
2121 1137 2195 1198 per·

183 1207 263 1271 tatis
285 1200 430 1284 cognitio
452 1206 485 1265 et
505 1199 592 1261 vitae
614 1196 794 1262 secundum
815 1218 888 1260 eam
904 1196 1095 1260 formandae
1115 1216 1166 1259 re-
1218 1195 1306 1275 fusa3
1329 1196 1415 1277 quod
1437 1199 1483 1262 sic
1504 1199 1654 1264 1111111111
1677 1201 1763 1264 inest
1779 1201 1938 1277 omnibus,
1960 1207 1997 1264 ut
2015 1202 2195 1284 gratuitum

185 1292 273 1377 gula.
289 1272 361 1352 *De
379 1285 480 1367 priori
498 1291 607 1348 autem
625 1283 671 1348 sio
688 1282 872 1346 fatendum:
896 1283 1051 1363 quoniam
1069 1281 1166 1345 homo
1219 1282 1261 1345 sit
1283 1303 1362 1364 erga
1383 1283 1528 1367 singulos
1550 1286 1782 1351 beneficentiae
1800 1287 1868 1351 eius
1881 1308 2009 1351 munus.
2044 1287 2196 1368 Ipsarum

187 1373 310 1443 animal
333 1382 385 1436 est
406 1377 525 1434 natura
545 1367 671 1445 sociale,
694 1367 837 1432 naturali
859 1388 985 1450 quoque
1007 1367 1166 1432 instinctu
1218 1388 1314 1449 porro
1343 1370 1463 1433 artium
1492 1377 1549 1434 aut
1574 1372 1735 1450 inventia,
1765 1378 1822 1436 aut
1848 1372 2034 1437 methodica
2054 1373 2195 1452 traditio,

186 1463 228 1528 ad
250 1458 428 1525 fovendam
450 1452 768 1536 conservandamque
787 1474 860 1518 eam
881 1454 1070 1518 societatem
1090 1473 1166 1535 pro·
1218 1460 1275 1516 aut
1301 1453 1437 1520 interior
1467 1463 1501 1520 et
1523 1459 1742 1538 praestantior
1768 1459 1925 1541 cognitio,
1953 1480 2036 1540 quae
2065 1460 2197 1541 propria

186 1546 323 1632 pendet;
357 1541 499 1622 ideoque
527 1539 631 1604 civilis
663 1538 833 1604 cuiusdam
866 1546 898 1603 et
927 1539 1107 1604 honestatis
1134 1547 1167 1603 et
1219 1546 1268 1602 est
1294 1559 1485 1620 paucorum,
1523 1564 1588 1607 non
1617 1544 1824 1626 estquidam
1852 1543 1992 1609 solidum
2020 1565 2195 1627 argumen-

187 1633 313 1700 ordinis
336 1626 538 1692 universales
559 1625 788 1707 impressiones
810 1626 917 1690 inesse
938 1625 1085 1689 omnium
1106 1624 1166 1689 ho-
1217 1631 1287 1688 tum
1311 1628 1491 1692 communis
1513 1629 1744 1711 perspicaciae;
1772 1630 1849 1711 qnia
1875 1636 1986 1694 tamen
2014 1631 2196 1712 promiscue

186 1720 314 1785 minum
342 1713 462 1779 animis
483 1711 707 1792 conspicimus.
752 1710 1186 1789 Η111111,1111111111-1
1218 1710 1377 1795 contingit
1403 1712 1466 1795 piis
1493 1723 1526 1778 et
1554 1715 1679 1797 impiis,
1712 1717 1784 1779 iure
1810 1716 1897 1779 inter
1917 1716 2083 1781 naturales
2105 1716 2196 1781 dotes

185 1806 334 1890 periatur
360 1799 416 1882 qui
445 1818 512 1861 non
533 1796 710 1878 intelligat,
738 1804 887 1878 oportere
907 1798 1038 1879 quosvis
1059 1796 1166 1861 homi-
1218 1807 1418 1863 numeratam.

186 1913 269 1956 num
301 1896 415 1953 coetus
447 1883 573 1966 legibus
604 1882 779 1960 contineri,
813 1884 932 1964 quique
959 1903 1026 1946 non
1052 1903 1167 1947 earum
1305 1886 1355 1946 35.
1401 1882 1538 1964 Quoties
1567 1907 1644 1970 ergo
1672 1888 1707 1951 in
1735 1886 1887 1969 profanos
1914 1888 2088 1969 scriptores
2116 1889 2197 1953 inci·

186 1979 299 2060 legum
320 1971 483 2056 principia
504 1975 614 2033 mente
635 1967 875 2049 complectatur.
909 1968 998 2034 Hinc
1016 1968 1071 2033 ille
1091 1989 1166 2050 per·
1220 1967 1342 2047 dimus,
1365 1968 1438 2047 illa,
1461 1992 1544 2053 quae
1566 1971 1767 2038 admirabilis
1788 1974 1825 2037 in
1845 1974 1886 2037 iis
1908 1973 2052 2056 affulget,
2076 1974 2196 2038 verita*

184 2071 305 2147 petuus
322 2070 393 2122 tam
411 2056 559 2139 gentium
577 2054 723 2119 omnium
742 2075 841 2135 quam
859 2055 1062 2138 singulorum
1079 2075 1166 2118 mor·
1218 2056 1261 2120 tis
1287 2054 1360 2118 luce
1385 2055 1632 2134 admoneamur,
1662 2066 1817 2123 naturam
1837 2059 1994 2136 hominis,
2023 2068 2197 2140 quantum-

185 2150 302 2214 talium
324 2147 360 2208 in
382 2142 473 2226 leges
495 2160 688 2217 consensus,
716 2140 793 2222 quia
814 2141 914 2205 insita
935 2147 1012 2205 sunt
1033 2141 1167 2205 univer·
1218 2140 1299 2205 libet
1332 2141 1372 2206 ab
1405 2141 1593 2225 integritate
1630 2165 1690 2207 sua
1727 2144 1904 2226 collapsam
1933 2152 1966 2208 11
1998 2166 2195 2227 perversam,

185 2237 240 2312 sis,
264 2234 386 2313 absque
404 2226 561 2310 magistro
580 2233 637 2289 aut
655 2225 849 2309 legislatore,
869 2228 1014 2309 ipsarum
1032 2226 1165 2291 semina.
1220 2227 1348 2291 eximiis
1369 2235 1479 2292 tamen
1502 2229 1682 2292 etiamnum
1702 2230 1768 2293 Dei
1790 2229 1884 2295 donis
1901 2232 2053 2295 vestitam
2072 2253 2142 2295 1111
2164 2240 2197 2295 11

275 2322 325 2382 33.
371 2315 487 2395 Neque
508 2332 619 2376 moror
640 2310 857 2384 dissensiones
879 2319 913 2377 et
933 2334 1061 2395 pugnas
1083 2333 1167 2395 quae
1220 2319 1419 2377 exornatam.
1471 2311 1509 2378 Si
1536 2315 1671 2379 unicum
1693 2315 1840 2379 veritatis
1869 2316 1993 2380 fontem
2014 2318 2078 2381 Dei
2103 2318 2196 2398 spiri-

186 2427 265 2472 mox
288 2409 477 2483 emergunt,
506 2397 585 2461 dum
607 2397 663 2461 alii
684 2398 833 2479 cupiunt,
864 2399 916 2464 ius
938 2405 971 2462 et
1000 2399 1049 2463 fas
1071 2420 1167 2463 omne
1219 2406 1291 2462 tum
1311 2420 1381 2464 esse
1403 2406 1602 2481 reputamus,
1622 2400 1794 2464 veritatem
1811 2401 1917 2482 ipsam
1938 2422 2042 2482 neque
2065 2424 2197 2484 respue-

187 2496 372 2565 inversum,
395 2485 508 2558 ,soluta
533 2484 645 2565 legum
671 2483 843 2566 repagula,
870 2483 1039 2548 libidinem
1064 2484 1168 2549 solam
1219 2487 1419 2566 mus'neque
1441 2491 1700 2564 contemnemus,
1722 2485 1905 2566 ubicunque
1928 2488 2111 2567 apparebit,
2134 2489 2197 2553 nisi

186 2598 247 2661 pro
276 2577 348 2639 iure
376 2571 535 2655 grassari,
564 2577 602 2632 ut
628 2570 716 2633 fures
737 2578 770 2633 et
797 2569 955 2648 latrones;
983 2569 1039 2633 alii
1067 2568 1167 2653 (quod
1220 2571 1360 2636 velimus
1377 2573 1412 2635 in
1430 2572 1581 2653 spiritum
1597 2573 1662 2637 Dei
1679 2572 2001 2648 11111111111111111;
2024 2594 2090 2635 non
2109 2576 2197 2639 enim

186 2665 307 2730 vitium
327 2660 502 2742 plusquam
524 2655 660 2738 vulgare
682 2655 746 2738 est)
774 2656 922 2736 iniquum
942 2677 1013 2720 esse
1040 2662 1166 2737 putant,
1221 2655 1306 2721 dona
1340 2658 1490 2739 spiritus,
1519 2659 1590 2722 sine
1619 2658 1720 2742 ipsius
1747 2663 1935 2739 contemptu
1961 2665 1994 2719 et
2015 2660 2195 2739 opprobrie,

187 2748 276 2833 quod
301 2767 360 2829 pro
386 2764 488 2826 aequo
517 2742 558 2806 ab
587 2741 659 2805 aliis
686 2742 844 2819 sancitur,
873 2749 985 2806 contra
1005 2740 1168 2805 laudabile
1219 2742 1277 2807 vili
1299 2742 1497 2823 penduntur.
1543 2741 1632 2824 Quid
1654 2742 1784 2808 autem?
1824 2743 2008 2807 Veritatem
2036 2743 2197 2809 affulsisse

188 2832 392 2901 contendunt
413 2827 499 2912 quod
522 2828 562 2892 ab
586 2826 658 2891 aliis
675 2835 813 2892 vetatur.
849 2825 1018 2909 Siquidem
1035 2827 1084 2890 illi
1101 2847 1167 2891 non
1221 2828 1363 2910 antiquis
1391 2830 1618 2894 iureconsultis
1646 2830 1853 2913 negabimus,
1883 2830 1938 2911 qui
1966 2835 2059 2892 tanta
2087 2830 2196 2911 aequi·

189 2921 264 2985 ideo
285 2919 373 3001 leges
395 2916 548 2992 oderunt,
577 2912 663 2994 quod
688 2915 841 2997 ignorent
861 2913 964 2977 bonas
986 2919 1168 2982 etisanctas
1220 2921 1287 2978 tate
1320 2915 1450 2980 civilem
1477 2915 1626 2979 ordinem
1661 2923 1694 2980 et
1725 2914 1930 2997 disciplinam
1961 2913 2195 2996 prodiderrmt?

189 3028 271 3082 esse,
291 3005 347 3069 sed
364 3001 533 3086 praecipiti
551 2999 727 3081 cupiditate
745 2999 889 3064 furentes
903 3021 979 3064 cum
996 3000 1169 3063 manifesta
1208 2999 1438 3083 Philosophus
1468 3003 1643 3066 caecutisse
1665 3001 1824 3079 dicemus,
1863 3022 1939 3066 eum
1970 3001 2006 3063 in
2034 3001 2195 3082 exquisita

189 3093 317 3158 ratione
342 3099 507 3173 pugnant,
536 3094 569 3151 et
595 3085 680 3168 quod
707 3087 828 3149 mentis
855 3085 1072 3168 intelligentia
1093 3105 1167 3167 prc-
1220 3087 1283 3150 ista
1304 3092 1443 3151 naturae
1464 3087 1745 3170 contemplatione,
1768 3095 1838 3151 tum
1861 3087 2034 3151 artificiosa
2056 3085 2197 3168 descrip-

188 3182 284 3255 bant,
306 3198 365 3259 pro
387 3196 447 3240 sua
468 3172 603 3239 libidine
625 3173 863 3237 abominantur.
907 3172 1076 3236 Posterius
1098 3192 1168 3236 oer-
1221 3171 1330 3236 tione?
1380 3172 1536 3237 Dicemus
1569 3181 1714 3238 mentem
1744 3172 1809 3237 illis
1845 3171 1999 3250 defuisse,
2023 3173 2091 3253 qui,
2126 3179 2197 3237 arte

189 3274 301 3330 tamen
320 3261 384 3327 tale
401 3269 460 3337 est,
480 3267 517 3323 ut
535 3259 676 3341 primam
688 3258 781 3322 illam
798 3258 1041 3339 conceptionem
1058 3257 1168 3339 aequi·
1221 3258 1402 3323 disserendi
1423 3259 1616 3336 constituta,
1644 3281 1704 3324 nos
1726 3280 1801 3323 cum
1823 3259 1948 3323 ratione
1970 3258 2058 3340 loqui
2080 3257 2196 3322 docue-

189 3351 268 3416 tatis
286 3370 353 3413 non
371 3347 512 3411 dirimat.
542 3342 713 3427 Siquidem
730 3343 770 3408 de
788 3344 900 3426 legum
911 3344 1071 3425 capitibus
1089 3342 1169 3407 dum
1221 3343 1321 3408 runt?
1374 3344 1530 3410 Dicemus
1559 3366 1614 3410 eos
1636 3346 1809 3423 insanisse,
1839 3345 1893 3426 qui
1921 3343 2118 3408 medicinam
2139 3365 2196 3407 ex·

189 3440 278 3502 inter
300 3456 335 3500 se
358 3433 541 3514 disceptant
563 3431 727 3507 homines,
751 3431 787 3493 in
808 3428 974 3511 quandam
997 3430 1169 3511 aequitatis
1221 3428 1367 3496 cudendo
1387 3451 1481 3495 suam
1497 3430 1695 3496 industriam
1711 3430 1804 3495 nobis
1821 3428 2073 3512 impenderunt?
2108 3427 2198 3508 Quid

190 3542 355 3588 summam
376 3519 591 3584 consentiunt.
626 3517 668 3580 In
690 3538 753 3598 quo
776 3515 926 3580 debilitas
948 3523 1034 3580 certe
1053 3515 1169 3580 huma-
1220 3516 1423 3581 mathemata
1444 3516 1577 3582 omnia?
1608 3518 1836 3599 putabimusne
1859 3515 2037 3579 amentium
2059 3513 2194 3579 deliria?

187 3621 255 3673 'nae
281 3607 402 3670 mentis
425 3605 588 3685 arguitur,
607 3595 719 3685 quae,
746 3599 948 3666 etiamdum
968 3601 1057 3666 viam
1079 3603 1170 3684 sequi
1221 3603 1292 3666 Imo
1324 3622 1365 3665 ne
1399 3603 1468 3667 sine
1496 3603 1623 3686 ingenti
1650 3602 1781 3686 quidem
1807 3600 2021 3665 admiratione
2047 3606 2197 3664 veterum

190 3693 337 3770 videtur,
368 3689 529 3756 claudicat
556 3696 589 3753 et
615 3688 756 3754 vacillat.
801 3688 916 3752 Manet
944 3696 1056 3751 tamen
1077 3686 1168 3766 illud,
1221 3689 1343 3770 scripta
1362 3687 1471 3771 legere
1492 3688 1533 3753 de
1555 3688 1607 3754 his
1629 3689 1726 3754 rebus
1747 3688 1939 3770 poterimus;
1963 3685 2198 3751 admirabimur

190 3782 378 3862 inspersum
400 3797 471 3839 esse
490 3776 653 3839 universis
679 3796 790 3839 semen
814 3772 944 3855 aliquod
967 3772 1089 3838 ordinis
1111 3794 1168 3856 po-
1221 3781 1331 3838 autem
1354 3775 1431 3857 quia
1451 3774 1634 3857 praeclara,
1656 3783 1695 3838 ut
1716 3780 1808 3851 sunt,
1837 3792 1991 3855 cogemur
2013 3793 2197 3855 agnoscere.

190 3866 280 3931 litici.
326 3865 435 3945 Atque
458 3861 518 3926 hoc
541 3860 687 3942 amplum
709 3867 940 3944 argmuentum
962 3867 1024 3935 est,
1048 3860 1084 3922 in
1106 3859 1169 3924 hu·
1220 3861 1324 3925 Porro
1350 3859 1557 3925 laudabilene
1587 3859 1709 3941 aliquid
1737 3871 1794 3923 aut
1821 3857 2027 3941 praeclarum
2054 3858 2199 3924 censebi-

191 3954 244 4016 ius
267 3952 353 4014 vitae
375 3947 605 4014 constitutione
627 3945 756 4010 nullum
778 3945 911 4010 destitui
939 3939 1011 4009 lu'ee
1034 3945 1169 4009 11111111
1221 3966 1309 4024 mus,
1342 3945 1428 4027 quod
1455 3968 1523 4010 non
1555 3966 1825 4029 recognoscamus
1857 3966 1878 4008 a
1904 3944 1976 4008 Deo
2003 3942 2198 4026 provenire?

190 4038 367 4101 hominem.
1220 4030 1350 4095 Pudeat
1378 4053 1439 4096 nos
1460 4038 1573 4097 tantae
1594 4030 1854 4116 ingratitudinis,
1882 4030 1918 4093 in
1940 4052 2039 4112 quam
2060 4052 2127 4094 non
2147 4030 2199 4092 in·

280 4126 329 4185 34.
375 4118 568 4201 Sequuntur
595 4125 682 4183 artes
710 4127 781 4181 tum
810 4117 974 4195 liberales,
1005 4124 1077 4180 tum
1098 4138 1169 4181 ma·
1221 4116 1372 4183 cidemmt
1389 4118 1511 4182 ethnici
1527 4124 1650 4201 poetae,
1673 4118 1729 4200 qui
1747 4124 1780 4181 et
1796 4115 2038 4199 philosophiam
2057 4124 2090 4180 et
2110 4117 2198 4198 leges

190 4209 336 4285 nuariae,
357 4207 474 4289 quibus
497 4204 673 4281 discendis,
696 4205 772 4286 quia
794 4204 880 4268 inest
904 4203 1054 4268 omnibus
1076 4204 1169 4268 nobis
1222 4212 1255 4268 et
1275 4204 1377 4268 bonas
1399 4225 1512 4268 omnes
1535 4210 1622 4268 artes
1645 4202 1780 4267 11111111
1810 4203 1946 4267 inventa
1967 4223 2037 4267 esse
2060 4199 2197 4266 confessi

190 4294 353 4378 quaedam
376 4292 534 4374 aptitudo,
557 4292 593 4354 in
615 4291 662 4354 eis
683 4290 781 4353 etiam
803 4298 939 4372 apparet
959 4290 1010 4354 vis
1033 4290 1170 4353 humani
1222 4296 1307 4355 sunt
1361 4289 1453 4374 Ergo
1485 4311 1586 4372 quum
1619 4289 1767 4354 homines
1799 4288 1892 4367 istos,
1926 4309 2005 4369 quos
2038 4287 2199 4367 scriptura

191 4380 360 4446 acuminis.
406 4375 604 4459 Quanquam
626 4381 736 4440 autem
758 4397 824 4439 non
841 4386 919 4441 sunt
935 4397 1047 4440 omnes
1065 4376 1170 4439 omni-
1222 4372 1364 4459 ψυχικούς
1385 4383 1495 4454 vocat,
1524 4397 1626 4458 usque
1648 4397 1686 4439 eo
1706 4376 1806 4440 firisse
1827 4380 1938 4456 pateat
1959 4375 1994 4436 in
2015 4391 2125 4435 rerum
2146 4370 2197 4433 in·

192 4469 255 4533 bus
273 4464 434 4532 discendis
453 4462 570 4542 idonei,
594 4463 673 4527 satis
690 4469 802 4526 tamen
820 4461 1001 4526 communis
1018 4461 1170 4545 energiae
1222 4463 1377 4527 feriarum
1395 4462 1644 4544 investigatione
1666 4469 1777 4527 acutos
1795 4467 1829 4524 et
1845 4460 2055 4542 perspicaces,
2078 4455 2198 4520 talibus

192 4560 320 4619 eertum
342 4551 506 4634 specimen
527 4557 590 4628 est,
614 4546 699 4631 quod
720 4568 816 4611 nemo
838 4548 1000 4630 reperitur
1020 4549 1112 4613 euius
1133 4547 1170 4611 in
1222 4548 1379 4630 exemplis
1401 4547 1573 4627 diseamus,
1596 4554 1675 4629 quot
1690 4553 1827 4612 naturae
1844 4545 2008 4609 humanae
2024 4542 2110 4606 bona
2128 4541 2197 4606 Do·

193 4647 264 4711 arte
298 4637 406 4720 aliqua
438 4635 668 4718 perspicientia
699 4654 767 4698 non
800 4654 834 4697 se
862 4640 1000 4698 exserat.
1055 4634 1169 4717 Neque
1221 4635 1331 4699 minus
1353 4634 1527 4716 reliquerit,
1550 4640 1723 4716 postquam
1744 4653 1821 4698 vero
1843 4631 1927 4695 bono
1949 4627 2086 4710 spoliata
2108 4634 2166 4692 est

193 4725 263 4791 sola
285 4724 429 4806 suppetit
451 4718 702 4787 addiscendum
724 4719 857 4801 energia
878 4727 911 4783 et
931 4719 1085 4798 facilitas;
1113 4719 1171 4784 sed
1308 4723 1359 4784 36.
1409 4719 1522 4802 Neque
1550 4726 1662 4784 tamen
1695 4719 1826 4783 interim
1857 4715 2089 4780 obliviscamur
2114 4713 2197 4778 baec

193 4811 236 4876 ad
258 4807 510 4893 excogitandum
531 4807 566 4870 in
587 4826 781 4888 unaquaque
802 4815 872 4869 arte
893 4826 1017 4870 norum
1039 4804 1169 4888 aliquid,
1222 4805 1500 4892 praestantissima
1518 4804 1622 4870 divini
1633 4805 1767 4887 spiritus
1784 4823 1854 4867 esse
1872 4802 1965 4878 bona,
1983 4819 2067 4881 quae
2084 4799 2120 4862 in
2136 4820 2197 4880 pu·

194 4896 248 4962 vel
270 4894 536 4977 amplificandum
558 4899 591 4957 et
612 4889 855 4973 expoliendum,
884 4891 969 4974 quod
991 4890 1055 4955 alie
1076 4912 1170 4974 prae-
1222 4892 1344 4957 bhcum
1366 4891 1493 4976 generis
1514 4890 1651 4955 humani
1673 4890 1802 4965 bonum,
1826 4887 1941 4968 quibus
1963 4883 2043 4961 vult,
2067 4883 2196 4965 dispen-

195 4989 292 5046 eunte
320 4980 480 5046 didiceris.
532 4976 631 5059 Quod
657 4984 695 5040 ut
716 4976 889 5041 Platonem
916 4998 1089 5065 perperam
1109 4978 1171 5040 im·
1224 4987 1282 5042 sat.
1340 4976 1379 5043 Si
1405 4977 1493 5043 enim
1518 4975 1667 5041 Beseleel
1698 4983 1732 5039 et
1760 4972 1856 5038 Oliab
1886 4970 2136 5054 intelligentiam
2164 4977 2199 5034 et

195 5067 279 5150 pulit
306 5076 344 5132 ut
370 5050 514 5129 traderet
546 5063 869 5144 comprehensionem
901 5060 1058 5126 eiusmodi
1088 5061 1171 5126 nihil
1224 5064 1408 5142 scientiam,
1437 5085 1519 5145 quae
1541 5061 1583 5127 nd
1610 5060 1768 5126 fabricam
1789 5057 1990 5123 tabernaculi
2010 5056 2196 5138 requireba-

195 5174 266 5218 esse
288 5174 387 5236 quam
408 5149 673 5225 recordationem,
696 5149 743 5212 ita
759 5168 818 5211 nos
836 5148 959 5230 optima
977 5148 1102 5212 ratione
1120 5168 1172 5213 co·
1223 5155 1286 5226 tur,
1310 5149 1451 5230 oportuit
1474 5172 1494 5213 a
1514 5147 1630 5230 spiritu
1651 5147 1715 5211 Dei
1736 5143 1889 5208 instillari
1915 5140 2034 5227 (Exod.
2057 5145 2107 5220 31,
2126 5145 2144 5205 2
2164 5147 2197 5206 et

197 5239 245 5321 git
265 5240 369 5317 fateri,
392 5257 462 5302 esse
478 5235 661 5319 ingenitum
680 5233 824 5298 humano
846 5233 977 5318 ingenio
995 5232 1065 5298 eius
1082 5234 1172 5315 prin-
1225 5237 1274 5311 35,
1296 5231 1365 5315 30);
1389 5255 1455 5299 111
1477 5235 1598 5301 mirum
1618 5239 1668 5299 est
1689 5233 1717 5298 si
1738 5250 1852 5297 aarum
1873 5249 1993 5306 rerum,
2015 5248 2098 5311 quae
2120 5236 2197 5295 sunt

1045 5335 1050 5343 ’
1937 5328 1992 5383 21*
