4770 6030
176 340 237 405 sei
726 329 1636 420 cff.vm;(1v.)sYaffl0L1axPL10AT10.
2125 338 2188 400 sss

175 451 287 517 32153
305 446 409 501 0216.

175 545 268 590 suom
284 435 447 604 proedale
468 523 635 601 sustineat,
657 527 691 587 ut
713 521 794 586 nibd
815 521 985 602 addubitet,
1008 522 1157 604 spiritum
1206 521 1343 602 fruotum
1370 525 1491 584 eostam
1516 520 1584 585 eius
1604 520 1814 599 revolaturus,
1843 541 1938 602 quam
1964 527 2037 589 tune
2057 526 2103 590 eis
2124 524 2190 592 Do

175 614 314 676 saridum
341 607 404 671 sibi
425 627 544 688 semper
570 608 692 687 adesse,
720 609 870 690 optimum
891 613 989 673 reatae
1010 609 1080 672 niae
1100 608 1157 672 du·
1208 609 1314 671 minus
1329 605 1533 688 promittebat.

175 716 253 776 oem;
280 693 335 759 sed
360 695 510 792 numerio
536 694 635 793 simul
653 693 775 792 tenebit,
804 715 893 792 quem
914 715 940 792 e·
957 694 1157 780 suo-spiritu
1232 779 1238 790 .
1297 696 1367 755 152.
1404 691 1554 806 imme
1583 692 1744 791 inquiunt,
1775 683 1883 758 aurion
1910 699 1999 758 eetro
2024 702 2190 762 mretrooer·

175 802 270 932 nt
289 778 628 949 refutent
639 779 1157 947 ,toennensem
1209 798 1291 942 ..Ὗ
1304 776 1867 961 ,mettensibus
1887 779 2190 950 ‹gggeppmrgeg

176 973 295 1020 ornnem
319 952 484 1017 oeriteetem.
530 950 592 1016 Sed
613 951 784 1031 quomodo?
829 951 912 1032 Quia
936 955 1087 1035 supperet,
1110 949 1158 1014 iro
1209 950 1414 1014 contradicere
1440 948 1577 1013 audeat?
1619 949 1665 1014 At
1686 951 1774 1015 oalde
1795 951 1913 1016 minem
1934 958 1992 1030 est,
2019 957 2085 1018 tam
2105 954 2188 1018 nibil

176 1041 258 1123 quit,
280 1038 387 1104 onmia
407 1057 488 1117 quae
510 1037 581 1101 diui
600 1036 692 1101 uobis.
739 1035 831 1100 Nilil
853 1056 921 1119 erqo
942 1037 1021 1117 plus
1042 1037 1080 1100 de
1100 1055 1157 1100 suo
1210 1054 1274 1099 esse
1293 1035 1407 1116 frontis
1427 1036 1499 1100 istis
1519 1035 1733 1116 nebulonibus,
1753 1041 1789 1100 ut
1808 1037 1937 1118 ferocire
1957 1038 2029 1103 inde
2051 1058 2113 1104 non
2132 1040 2190 1104 du·

175 1126 294 1208 spiritu
320 1123 481 1188 dmuntiat
507 1122 757 1204 exspectandum,
785 1142 880 1203 queam
906 1127 941 1185 ut
966 1126 1080 1187 mentes
1106 1141 1157 1186 no·
1209 1120 1309 1185 oneo.
1357 1121 1440 1203 Quid
1467 1122 1549 1185 enim
1574 1122 1697 1186 tandem
1724 1121 1909 1203 obtinebunt,
1936 1124 2002 1188 nisi
2022 1144 2085 1189 non
2104 1145 2189 1207 sper-

177 1217 260 1277 stros
280 1208 514 1286 illuminet‚-ad
533 1208 767 1289 percipiendam
795 1208 952 1273 domum
976 1227 1053 1272 suae
1078 1208 1158 1273 oeri-
1209 1207 1343 1271 nendum
1369 1206 1509 1272 ecelesiae
1537 1227 1731 1286 consenuem,
1765 1229 1844 1290 quae
1870 1227 2032 1290 nunquam
2060 1211 2125 1275 nisi
2152 1212 2189 1277 in

176 1302 276 1362 tatem
321 1294 461 1359 Proinde
484 1294 649 1359 seilissime
671 1293 919 1374 Gbrysostomns:
936 1294 961 1378 ¹)
987 1293 1087 1372 multi,
1110 1294 1158 1358 in·
1208 1293 1367 1358 oerdamm
1387 1292 1471 1358 uerbi
1491 1291 1557 1357 Dei
1577 1293 1752 1359 obnsentit?
1788 1294 1931 1359 Ecclesia
1957 1296 2115 1360 audunda
2135 1301 2188 1376 eet,

178 1384 258 1465 quit,
285 1381 434 1463 spirtum
460 1385 602 1444 sonetum
627 1381 759 1458 iaetant;
791 1380 845 1444 sed
871 1380 926 1461 qui
953 1381 1090 1462 propria
1116 1379 1157 1444 lo-
1207 1379 1361 1460 inquiunt.
1408 1377 1488 1460 Quis
1507 1378 1621 1462 nepot?
1666 1379 1920 1462 Quandoquidem
1947 1380 2029 1446 nibil
2049 1402 2189 1464 pronun·

178 1472 329 1550 quuntur‚
357 1465 436 1535 falso
462 1465 555 1529 illum
574 1465 798 1546 praetendunt:
826 1470 862 1529 ut
885 1463 1029 1530 oeneus
1053 1485 1157 1530 noua
1208 1466 1274 1543 liat,
1297 1465 1363 1528 uisi
1383 1485 1421 1529 ee
1440 1464 1528 1530 oerbo
1547 1463 1690 1529 Domini.
1730 1465 1769 1530 Si
1782 1465 1861 1548 plus
1882 1466 2005 1547 aliquid
2018 1467 2188 1549 postulant,

178 1575 211 1618 se
232 1554 301 1635 ipso
322 1552 406 1633 loqui
426 1571 459 1616 se
480 1550 661 1630 testabatur,
693 1552 769 1632 quia
791 1571 829 1615 ero
849 1549 911 1633 lepe
932 1551 1157 1633 loquebaturet
1208 1551 1308 1615 seiam
1333 1549 1414 1615 nibil
1441 1549 1503 1616 sibi
1528 1549 1565 1615 in
1592 1571 1625 1616 eo
1646 1552 1820 1636 suffrapori
1847 1551 1921 1617 baee
1947 1551 2068 1618 Obristi
2086 1553 2186 1618 verba

172 1638 348 1722 prophetis,
382 1639 428 1702 ita
455 1638 486 1703 si
513 1637 589 1719 quid
610 1643 738 1718 praeter
764 1636 954 1719 euangelium
986 1637 1042 1702 sub
1069 1636 1156 1701 titulo
1211 1636 1276 1701 Neo
1299 1636 1400 1701 uideri
1425 1637 1514 1701 dobeo
1540 1638 1638 1701 nimis
1666 1638 1881 1716 mutentiosus,
1908 1639 1990 1719 quod
2009 1639 2084 1705 adeo
2105 1638 2190 1703 odie

177 1726 311 1807 spiritus
335 1723 533 1801 obtrudatur,
553 1743 591 1787 ne
612 1724 788 1801 oredomus,
810 1724 887 1802 quio
906 1724 988 1787 siud
1011 1721 1157 1789 Oluistus
1208 1726 1322 1786 nunter
1342 1723 1378 1786 in
1395 1721 1449 1787 boe
1469 1724 1587 1801 insisto,
1607 1743 1668 1786 non
1686 1724 1774 1788 lieere
1790 1723 1931 1789 eeclesiae
1948 1726 2073 1789 condem
2089 1724 2189 1789 ullam

178 1811 253 1894 lepis
274 1815 303 1876 et
317 1809 542 1890 propbetarum
558 1808 693 1890 impleto
709 1814 762 1887 est,
784 1808 829 1872 ito
847 1808 979 1890 spiritus
996 1808 1155 1893 eoanqelii.
1208 1828 1320 1872 nouom
1340 1808 1525 1888 doetrireom,
1548 1807 1602 1873 boe
1622 1814 1681 1888 est,
1697 1810 1775 1892 plus
1795 1810 1914 1889 dooere,
1937 1815 1965 1874 et
1981 1830 2043 1891 pro
2064 1809 2189 1875 oraoulo

179 1896 266 1961 Haeo
291 1895 353 1959 ille.
398 1894 471 1958 Iam
497 1894 632 1977 eolliqere
657 1896 692 1959 in
714 1899 861 1976 mmnptu
889 1900 947 1975 est,
974 1915 1068 1976 quoni
1083 1915 1156 1978 per-
1207 1894 1336 1972 tradere,
1359 1912 1454 1974 quam
1474 1895 1555 1974 quod
1576 1893 1735 1960 Dominus
1755 1895 1843 1961 umbo
1864 1915 1921 1960 suo
1940 1896 2095 1960 reoelooit.
2135 1896 2189 1962 Vi·

173 2001 285 2064 mom
303 1981 425 2062 faciant
444 1982 544 2045 noemi
564 1980 750 2059 adversarii,
773 1982 829 2061 qui
846 2000 907 2044 non
928 1981 991 2047 alio
1010 1982 1073 2063 fine
1093 1982 1157 2045 iao-
1207 1980 1279 2044 dent
1300 1979 1388 2059 ¹enirn
1415 1981 1489 2043 soni
1516 1979 1668 2060 homines,
1695 1986 1848 2063 quomum
1873 1981 1916 2046 sit
1936 1982 2129 2063 periodum,
2157 1982 2189 2045 si

179 2073 245 2132 tant
265 2066 413 2149 spiritum
435 2071 583 2146 sonetum,
604 2067 670 2130 nisi
691 2071 725 2130 ut
740 2067 925 2149 pereqrinas
946 2071 973 2130 et
994 2071 1156 2131 extraneos
1207 2064 1382 2130 bominibus
1407 2065 1499 2131 seruet
1527 2085 1700 2130 eoncessum
1725 2067 1823 2148 fuerit
1844 2072 1963 2132 toruum
1992 2068 2084 2132 iuris.
2135 2066 2189 2133 Vi·

180 2174 202 2218 a
223 2152 310 2218 oerbo
330 2150 395 2215 Dei
420 2152 577 2216 doctrinas
604 2153 673 2216 eius
701 2151 790 2216 uuo
811 2153 1032 2232 oommendeut3
1059 2172 1156 2233 quum
1207 2151 1279 2216 dent
1298 2151 1392 2215 etiam
1413 2156 1530 2232 quanto
1549 2151 1685 2232 fenestra
1705 2153 1866 2234 aperiatur
1886 2154 2056 2236 impiorinn
2076 2153 2189 2218 sonnis

180 2241 247 2319 ipse
273 2237 435 2302 indiuiduo
467 2258 548 2302 nexu
580 2257 650 2302 aem
681 2236 769 2302 aerbo
797 2238 862 2303 Dei
887 2239 1066 2303 coniunctus
1092 2257 1157 2303 esse
1207 2237 1391 2315 dumba,
1419 2239 1449 2302 si
1470 2238 1613 2302 luamus
1641 2238 1677 2304 id
1699 2258 1761 2320 pro
1782 2239 1907 2303 maudo
1928 2238 2103 2304 babendum
2124 2257 2190 2304 esse

179 2324 265 2403 velit,
294 2324 387 2404 idque
407 2323 445 2388 de
465 2344 499 2388 eo
519 2323 705 2405 profiteatur
730 2321 890 2402 Christus,
918 2324 993 2388 dum
1014 2323 1156 2389 udrsiae
1207 2322 1287 2387 inter
1309 2321 1505 2388 Christianos
1526 2323 1606 2404 quod
1627 2322 1765 2388 boneines
1786 2326 1967 2389 censuermt.

180 2430 257 2474 suae
277 2430 347 2473 eum
365 2410 528 2491 prornittit.
572 2409 627 2474 Sio
647 2413 692 2474 est
713 2429 796 2475 sone.
844 2409 945 2491 Qum
965 2409 1156 2475 sobrietatem
1296 2413 1366 2472 153.
1417 2408 1571 2491 Eauupla
1598 2408 1712 2490 quibem
1731 2413 1875 2488 utuntur,
1898 2408 1979 2474 nibil
1999 2430 2049 2475 eos
2070 2412 2187 2476 iuoant.

179 2495 271 2560 semel
290 2494 431 2560 ecelesiae
451 2515 528 2560 suae
541 2496 748 2577 praesmpst
769 2495 941 2575 Dominus,
964 2516 1032 2560 eam
1045 2516 1156 2578 perpe
1207 2494 1311 2560 Aiunt
1332 2494 1621 2577 paodoboptiuuum
1648 2515 1710 2560 non
1730 2499 1795 2559 tam
1823 2516 1861 2560 eu
1881 2501 1986 2577 aperto
2014 2499 2188 2577 soripturae

178 2585 230 2646 tuo
255 2581 322 2644 oult
347 2580 512 2645 observari.
564 2580 665 2646 Vetuit
693 2586 809 2661 autum
836 2603 874 2647 ne
895 2582 972 2664 quid
992 2581 1079 2646 verbo
1098 2601 1156 2646 suo
1206 2581 1476 2662 medumpam
1496 2601 1534 2645 en
1555 2581 1696 2647 ecelesiae
1716 2581 1832 2646 merda
1853 2600 2021 2645 enmnosse.
2061 2582 2108 2645 At
2128 2583 2188 2646 mi·

179 2667 311 2745 adderet,
333 2687 371 2731 ne
392 2667 470 2748 quid
491 2688 529 2732 eo
549 2687 583 2732 oo
604 2666 780 2732 omues.
825 2668 894 2733 Hoo
914 2667 1092 2732 inuiolabile
1112 2671 1156 2732 est
1206 2668 1372 2732 serrimum
1391 2666 1514 2749 asylum
1529 2667 1615 2748 foret,
1633 2667 1664 2730 si
1674 2687 1736 2749 pro
1753 2666 1926 2748 defmsimu
1939 2666 2189 2748 paedobaptismi

178 2752 242 2818 Dei
262 2772 300 2817 ao
320 2753 455 2833 spiritus
473 2754 573 2817 saneti
593 2753 753 2831 deoretum,
776 2754 857 2835 quod
879 2753 1027 2836 abrepere
1046 2773 1156 2818 oonan·
1207 2752 1249 2817 ad
1274 2753 1394 2817 nudam
1425 2752 1566 2818 ecelesiae
1596 2753 1792 2818 autoritatem
1824 2753 1978 2835 neffuqere
2004 2772 2187 2834 ooqeremur.

178 2844 230 2902 tur
256 2839 356 2902 nostri
382 2839 560 2903 adversarii
586 2859 683 2920 quum
705 2839 862 2914 mnam
890 2841 957 2927 sine
978 2838 1066 2904 uerbo
1090 2839 1156 2922 reqi
1215 2838 1330 2904 Verum
1350 2839 1431 2902 satis
1451 2837 1527 2903 alibi
1543 2838 1670 2920 patebit,
1691 2839 1777 2921 lonqe
1797 2858 1884 2904 seeus
1905 2858 1977 2903 esse.
2024 2837 2186 2916 Similiter,

180 2945 201 2987 o
222 2924 339 3005 spiritu
358 2925 486 3007 fnqunt.
1057 2924 1062 2935 ’
1208 2924 1288 3005 quod
1315 2924 1462 2988 obiiciunt
1488 2945 1645 3005 nusquam
1670 2924 1778 2989 baberi
1800 2927 1836 2989 in
1864 2925 2031 3007 seripturis
2051 2923 2188 3004 quadiu

271 3011 340 3071 151.
385 3009 449 3074 Hie
473 3011 586 3075 turrem
607 3009 854 3089 obmurnruront,
874 3011 1045 3092 oportuisse
1070 3009 1157 3075 ecole·
1208 3010 1322 3092 synodo
1343 3011 1473 3074 nioaeno
1494 3011 1735 3092 pronuntiatum
1753 3010 1831 3091 fuit,
1851 3010 1955 3092 filium
1976 3030 2041 3074 esse
2063 3008 2188 3074 sonneb-

181 3094 265 3159 siam
291 3093 439 3158 nonnulla
471 3096 584 3161 addere
608 3098 735 3178 seriptis
765 3096 983 3179 apostolorum,
1010 3096 1058 3161 oel
1084 3095 1157 3161 illos
1207 3095 1383 3161 stantialem
1402 3097 1508 3177 patri,
1537 3097 1572 3159 in
1593 3117 1627 3161 eo
1644 3117 1771 3179 paoem
1789 3097 1912 3178 fooiunt
1930 3095 2079 3178 patribus
2104 3096 2188 3160 iniu-

182 3181 268 3262 ipsos
288 3178 431 3261 supplere
452 3187 561 3263 postea
580 3182 654 3247 oioa
674 3202 742 3248 oooe
762 3183 844 3264 quod
864 3181 971 3248 minus
990 3182 1072 3248 olore
1091 3187 1156 3246 tra·
1207 3184 1308 3246 mom:
1336 3182 1429 3262 quasi
1456 3186 1563 3246 temere
1590 3183 1772 3246 damnarint
1794 3180 1930 3260 Arium,
1959 3181 2040 3263 quod
2066 3182 2101 3244 in
2126 3201 2188 3246 sua

182 3266 349 3342 didissent,·
375 3285 480 3346 nempe
510 3288 607 3348 quum
642 3269 710 3333 illis
735 3269 849 3333 diemit
878 3268 1022 3334 Clu-istus
1049 3267 1153 3351 (loun.
1208 3268 1301 3332 oerbo
1319 3268 1429 3331 iurare
1444 3268 1585 3347 noluerit,
1607 3288 1704 3349 quum
1723 3272 1818 3334 totam
1835 3288 1904 3333 eam
1924 3267 2096 3332 doctrinam
2112 3288 2186 3348 pro-

186 3349 328 3433 16,12):
354 3350 452 3415 multa
472 3351 564 3417 babeo
585 3353 671 3419 uobis
691 3355 829 3434 dioenda,
852 3374 931 3435 quae
951 3375 1012 3418 non
1027 3354 1156 3436 potestis
1206 3355 1356 3436 iteretur,
1389 3373 1469 3434 quae
1496 3353 1685 3436 propbetiais
1715 3358 1743 3419 et
1775 3354 1950 3436 apostolicis
1981 3352 2108 3433 seriptis
2141 3357 2186 3416 eet

177 3441 304 3518 portare
335 3436 432 3500 modo.
481 3436 584 3518 Atque
614 3439 688 3505 baeo
714 3461 779 3506 esse
804 3440 939 3523 plaoita,
978 3461 1058 3522 quae
1088 3439 1156 3504 sirm
1208 3438 1431 3521 eoniprebeueo.
1484 3439 1557 3503 Non
1583 3444 1695 3518 exstat,
1722 3440 1837 3521 fateor,
1864 3438 1919 3503 boo
1944 3436 2124 3504 oooobulum
2150 3437 2187 3501 in

182 3523 351 3603 scripturo,
378 3541 441 3586 usu
469 3523 621 3588 duntoaat
652 3531 680 3590 et
711 3526 849 3592 moribus
879 3530 998 3608 recepto
1020 3526 1156 3607 fuerunt.
1207 3527 1372 3607 empturo.
1418 3523 1480 3590 Sed
1500 3545 1597 3606 quum
1618 3524 1684 3590 illio
1704 3527 1790 3590 toti'es
1811 3530 1981 3603 assuatur,
2002 3543 2101 3588 uuum
2121 3541 2193 3599 esee

182 3608 228 3671 At
249 3628 402 3689 quaenam
423 3608 516 3673 istaeo
537 3613 580 3674 est
600 3611 818 3694 inpudentia?
852 3612 961 3678 Rudes
977 3611 1086 3690 adbuc,
1106 3612 1157 3693 fa
1207 3610 1313 3676 Deum
1320 3635 1330 3690 ,·
1351 3631 1494 3691 mersium,
1519 3612 1605 3675 toties
1625 3616 1744 3675 vocetur
1767 3610 1912 3674 Obristrn
1932 3629 2024 3674 oenus
2044 3614 2072 3673 et
2092 3613 2187 3673 aeter-

183 3698 259 3774 teor,
292 3698 320 3758 et
345 3693 493 3759 indociles
520 3701 607 3759 nont
631 3697 793 3780 disoipuli,
821 3719 918 3780 quum
943 3698 1029 3762 istud
1049 3720 1071 3763 a
1091 3695 1157 3762 Do-
1207 3717 1269 3762 nus
1286 3696 1384 3776 Deus
1407 3717 1490 3761 unus
1511 3717 1581 3761 oum
1595 3702 1706 3780 patre.-
1733 3695 1810 3777 quid
1831 3695 1921 3759 aliud
1940 3696 2061 3777 fodiunt
2076 3699 2187 3776 patres

182 3780 266 3843 nenio
289 3781 439 3844 audirent.
492 3779 607 3845 Verum
629 3781 724 3847 baaru
751 3785 895 3850 ttrditate
915 3789 982 3849 tum
1002 3786 1096 3850 etiam
1116 3788 1157 3849 te·
1207 3783 1337 3861 nieoeni
1360 3803 1456 3863 quum
1477 3783 1634 3848 dedorunt
1649 3802 1714 3847 esse
1729 3782 1827 3845 unius
1844 3782 2001 3861 esseutiae,
2023 3781 2089 3845 uisi
2104 3780 2187 3861 quod

182 3865 347 3943 rebantur,
381 3885 476 3945 quum
502 3866 672 3931 manuam
697 3888 790 3933 suom
816 3871 941 3952 seriptis
969 3871 1157 3936 oomneenda-
1208 3869 1349 3935 natioum
1369 3870 1543 3952 scripturae
1563 3888 1688 3934 sensum
1708 3867 1892 3950 simpliciter
1912 3867 2085 3933 narrant?
2127 3867 2186 3931 At-

182 3956 264 4016 rent:
289 3957 324 4014 ut
345 3956 454 4033 postea
481 3953 555 4016 oioo
581 3972 649 4017 oooe
677 3955 819 4037 supplere
842 3976 960 4021 neeesse
985 3956 1156 4034 habuerint,
1208 3976 1266 4037 que
1287 3954 1346 4020 bae
1365 3956 1617 4037 praefationem
1638 3975 1744 4019 eonem
1764 3959 1847 4019 ooetu
1866 3974 1961 4018 umem
1987 3953 2088 4035 fuisse
2111 3951 2187 4019 Gon·

182 4038 263 4116 quod
284 4038 319 4101 in
340 4038 464 4119 seriptis
485 4038 555 4102 suls
575 4040 770 4121 ipnorontiae
790 4043 865 4107 oitio
886 4043 1075 4108 omiserant?
1120 4041 1158 4107 Si
1209 4042 1380 4107 stontinum
1404 4041 1497 4123 refert
1523 4041 1735 4106 Tbeodoritus.
1779 4039 1822 4104 In
1842 4039 2116 4122 disputationibus,
2138 4039 2187 4102 in·

183 4142 252 4187 uero
272 4123 339 4187 iam
360 4144 382 4187 a
402 4123 517 4204 spiritu
538 4126 680 4190 ualuis
706 4127 791 4191 duoti
811 4129 847 4193 in
863 4148 980 4193 munau
1000 4130 1158 4194 euenere
1209 4126 1323 4213 quit,²)
1343 4147 1449 4190 rerum
1469 4127 1667 4205 diuinorum,
1689 4125 1819 4191 babetur
1834 4127 2032 4209 praesmpta
2052 4126 2186 4207 spiritus

183 4229 242 4272 sira
262 4209 379 4306 sarepta
400 4209 574 4290 ediderunt,
596 4212 673 4292 quid
694 4211 797 4293 obfuit·
811 4216 976 4296 purumne
989 4216 1158 4296 perfectam
1209 4214 1308 4278 sandi
1338 4214 1486 4278 doctrino.
1541 4213 1723 4296 annqeliei
1750 4217 1778 4276 et
1804 4213 1964 4294 apostolici
1996 4212 2082 4289 libri,
2115 4228 2185 4274 aem

183 4294 372 4376 eoanqeluae
398 4295 554 4360 dootrmae
586 4298 785 4380 ooqnitionem
814 4300 961 4382 oompleai
988 4301 1052 4364 sint
1085 4299 1156 4378 illio,
1204 4299 1426 4382 propbetarum
1457 4300 1608 4378 unaue,
1635 4299 1727 4380 plene
1756 4298 1844 4364 nobis
1875 4299 2034 4364 ostendunt
2059 4313 2185 4359 seruum

182 4381 454 4463 eonsiqnatamqne
469 4382 673 4464 reliquerint?
703 4382 765 4449 Sed
786 4406 850 4469 ape,
867 4387 975 4451 demus
995 4384 1062 4449 illis
1078 4385 1159 4466 quod
1208 4385 1357 4450 numinis.
1399 4383 1544 4463 Proinde,
1567 4385 1726 4451 discordia
1740 4384 1856 4466 posita,
1878 4402 2041 4448 nmiomus
2062 4401 2100 4445 eu
2120 4401 2185 4444 oer-

176 4471 293 4545 petuut.
344 4465 514 4549 Desiqnent
540 4468 627 4533 nudo
648 4490 685 4534 eo
706 4490 785 4552 quae
804 4471 937 4537 emulari
956 4471 1025 4537 sine
1043 4472 1158 4552 scripto
1209 4471 1258 4536 bis
1288 4473 1421 4554 spiritus
1451 4472 1666 4553 quaestionmu
1697 4471 1922 4553 eeplieationes.
1972 4468 2037 4532 His
2068 4466 2185 4530 saedis

182 4550 355 4616 dduaunt.
400 4550 443 4617 Id
474 4555 505 4618 si
535 4559 649 4619 tentare
675 4557 825 4637 audeant,
855 4577 948 4640 aqam
979 4576 1050 4621 nem
1075 4555 1159 4639 ipsis
1208 4557 1426 4623 mmitionibus
1446 4577 1532 4622 nenio
1558 4562 1630 4621 tuno
1654 4557 1719 4638 fuit
1744 4557 1800 4636 qui
1820 4556 2040 4638 refreparetur.
2086 4551 2186 4616 Nemo

182 4635 358 4720 Aupustini
378 4638 525 4725 vernes)
559 4640 627 4705 Hoo
647 4647 706 4707 est:
727 4663 824 4723 quum
842 4642 1000 4708 Dominus
1020 4642 1157 4721 lanient,
1209 4645 1338 4726 eooepit,
1367 4644 1523 4710 ecelesiam
1550 4642 1673 4724 aliquid
1693 4643 1828 4707 adiicere
1848 4660 1942 4723 posse
1962 4641 2000 4704 de
2019 4657 2094 4716 suo;
2120 4638 2186 4719 spi-

183 4725 256 4803 quis
275 4728 415 4789 nostoum
436 4725 532 4805 dieat,
561 4726 632 4807 ello,
661 4728 709 4792 oel
734 4729 793 4794 illo
813 4733 902 4807 sunt,·
932 4733 986 4792 aut
1007 4731 1038 4793 si
1058 4728 1158 4792 dieere
1209 4729 1306 4792 mom
1336 4750 1396 4795 nan
1423 4731 1528 4795 onmia
1558 4728 1710 4793 revelasse
1736 4727 1896 4808 apostolis,
1929 4725 1976 4791 oel
2007 4723 2116 4789 saltem
2142 4721 2186 4788 ad

183 4809 305 4889 audeat,
327 4810 409 4875 unde
424 4811 561 4894 probat?
593 4811 655 4878 Sed
675 4815 753 4895 quid
773 4816 811 4882 de
829 4836 864 4881 re
880 4833 1073 4896 supernam
1091 4832 1158 4878 oon·
1204 4819 1344 4895 posteros
1369 4836 1429 4880 non
1451 4814 1644 4898 prodidisse,
1671 4817 1727 4878 aut
1752 4812 1813 4876 tale
1840 4811 1971 4892 aliquid.
2016 4809 2054 4875 Si
2079 4828 2186 4874 oerum

183 4896 292 4960 tendo?
337 4896 424 4961 Nam
443 4898 491 4962 oel
510 4917 611 4980 puero
636 4905 742 4964 notum
763 4906 807 4966 est
833 4901 870 4964 in
890 4900 1017 4981 seriptis
1039 4903 1159 4982 aposto-
1211 4904 1254 4964 est
1280 4901 1361 4980 quod
1386 4902 1490 4967 uolunt
1514 4902 1612 4966 nostri
1639 4898 1829 4976 adomsarii,
1851 4897 1995 4979 primum
2018 4913 2186 4978 perperam

183 4980 261 5060 tisis,
282 5001 361 5062 quae
381 4983 437 5047 isti
457 4983 569 5049 mutila
589 4985 811 5066 modamdo
830 4986 1011 5052 etdimidio
1029 4985 1158 5068 faoimit,
1211 4986 1271 5068 eqit
1301 4984 1533 5066 Uormtantinus,
1561 4988 1616 5069 qui
1642 4984 1782 5052 eeclesiae
1809 5003 1902 5048 meam
1927 4987 2106 5065 potestatem
2126 4980 2187 5045 eri·

253 5185 281 5252 l)
299 5185 385 5239 Serm.
404 5186 439 5240 de
456 5193 550 5242 sonem
568 5194 596 5241 et
614 5190 752 5245 adorando
770 5192 876 5260 spiritu.
963 5189 994 5260 2)
1011 5188 1112 5243 Hamil.
1131 5189 1160 5242 in
1283 5190 1313 5258 1)
1331 5190 1409 5245 Haeo
1609 5198 1660 5246 ont
1675 5190 1778 5246 inedit
1790 5205 1816 5245 o.
1831 5187 1898 5246 15³9
1914 5187 1979 5258 Gap.
1991 5186 2076 5244 XIV.
2083 5185 2186 5259 pm

184 5255 277 5309 Ioann.
295 5255 336 5321 ss,
356 5255 379 5307 1.
1213 5232 1244 5326 b)
1263 5259 1322 5312 ass.
1342 5257 1366 5312 1.
1384 5275 1406 5312 a
1425 5206 1562 5328 We).
1586 5261 1691 5315 nator.
1710 5261 1802 5314 eules.
