4770 6030
190 374 252 435 100
821 366 920 432 our.
943 366 1005 431 11.
1029 367 1102 452 (v.)
1144 368 1208 433 nn
1229 363 1556 443 Ponurrnurm
2126 375 2189 438 uo

188 484 215 540 A
230 486 303 551 170;
320 482 431 549 B259;
451 479 554 535 0259.

117 549 150 565 ”
189 468 1161 639 1100100011101111111101011110,100101ωῶ0101
1214 551 1369 618 fecerumt
1414 553 1517 618 Porro
1551 553 1623 635 quis
1656 555 1866 620 confessionis
1894 556 1981 622 diem
2006 558 2111 626 laetrrs
2138 561 2189 623 in·

189 667 259 711 esse
281 642 443 706 malorum
470 662 602 706 suorum
624 662 784 719 recessus,
812 661 912 723 quam
932 661 1011 723 quos
1033 641 1162 722 penitus
1215 647 1301 702 stare
1333 637 1444 704 videt?
1502 636 1585 719 Quis
1613 638 1655 703 ad
1695 640 1916 705 confitendum
1948 643 2048 709 alacri
2081 646 2189 711 animo

188 737 341 797 excutere
375 728 485 809 possit.
541 729 650 809 Atque
684 726 764 791 adeo
792 726 952 791 exclamet
983 746 1058 790 oum
1093 728 1162 790 Da·
1214 725 1335 807 pergit,
1366 745 1403 789 ac
1424 745 1491 788 non
1512 724 1633 805 potius,
1657 727 1750 807 quasi
1772 725 1896 791 detorto
1912 728 1936 812 ¹)
1959 729 2040 794 eollo
2061 730 2096 794 in
2117 752 2188 796 oar·

188 816 263 882 vide
286 813 388 898 (Psal.
411 817 459 890 19,
482 813 549 897 13);
574 834 700 877 errores
721 813 793 895 quis
815 810 991 894 intelligit?
1015 811 1056 876 ab
1074 812 1162 876 ocul·
1214 830 1322 874 cerem
1343 810 1509 888 trahatur,
1537 810 1660 874 invitus
1683 832 1721 877 ao
1743 811 1915 878 reluctanti
1938 814 2053 879 similis
2074 816 2187 880 venit?

188 904 230 968 tis
252 902 334 964 meis
355 898 479 963 munda
499 920 551 963 me
573 900 723 963 Domine.
767 897 840 961 Iam
861 918 939 961 vero
967 896 1053 979 quod
1074 897 1162 961 11111-
1214 895 1278 959 nisi
1300 895 1381 958 forte
1402 896 1465 977 ipsi
1487 895 1668 975 sacrificuli,
1691 899 1748 979 qui
1769 899 1891 963 mutuis
1913 899 2093 965 facinorum
2115 923 2189 966 suo·

188 995 281 1054 mant
308 1007 374 1049 non
401 984 521 1048 dimitti
542 992 689 1066 peccata,
717 984 780 1047 nisi
807 990 881 1047 voto
909 981 1084 1046 confitendi
1105 983 1162 1046 fir·
1214 1001 1289 1043 rum
1309 981 1563 1058 narrationibus,
1594 981 1686 1063 quasi
1707 983 1823 1049 iocosis
1844 984 1962 1049 fabulis
1990 1007 2025 1050 se
2052 986 2189 1053 delicate

188 1075 286 1139 miter
306 1078 474 1152 concepto,
504 1077 537 1134 et
558 1070 702 1145 clausam
723 1088 794 1133 esse
820 1068 962 1149 paradisi
984 1075 1112 1149 portam
1132 1069 1162 1132 ei
1213 1065 1383 1130 oblectant.
1434 1066 1509 1129 Non
1536 1066 1658 1132 multas
1680 1067 1812 1133 chartas
1838 1070 1982 1135 inficiam
2010 1073 2188 1139 referendis

188 1160 243 1243 qui
275 1157 465 1223 facultatem
494 1154 668 1220 confitendi
701 1154 762 1219 sibi
790 1153 932 1219 oblatam
963 1152 1159 1235 neglexerit:
1212 1150 1404 1235 prodigiosis
1427 1152 1735 1232 abominationibus,
1765 1155 1882 1236 quibus
1904 1164 2007 1221 scatet
2027 1159 2188 1224 auricula·

189 1247 273 1311 absit
310 1252 349 1307 ut
385 1241 472 1306 istud
511 1242 557 1305 eis
593 1239 817 1306 concedamus.
868 1238 944 1303 Non
972 1239 1060 1302 enim
1098 1238 1163 1303 alia
1213 1237 1259 1301 ris
1281 1236 1447 1302 confessio.
1492 1237 1635 1302 Tanaim
1657 1239 1743 1317 dico,
1774 1241 1801 1304 si
1823 1261 1889 1304 non
1911 1243 2091 1309 inconsulte
2113 1246 2189 1310 fecit

189 1353 276 1396 nunc
309 1338 359 1394 est
390 1335 595 1409 peccatorum
624 1325 771 1390 remissio
798 1345 897 1406 quam
928 1344 1056 1405 semper
1090 1325 1160 1388 tirit
1213 1328 1345 1388 10101111
1366 1322 1422 1387 ille
1443 1323 1509 1401 vir,
1533 1324 1588 1405 qui
1610 1323 1650 1387 ob
1671 1346 1777 1389 unum
1798 1328 2002 1394 scortationis
2024 1351 2189 1394 rumorem
2272 1364 2274 1369 ·

190 1415 356 1498 Quotquot
382 1413 605 1478 remissionem
631 1418 838 1494 peccatorum
866 1430 886 1473 a
914 1407 1046 1474 Christo
1079 1409 1162 1476 obti-
1213 1408 1450 1473 confessionem
1477 1429 1520 1473 ex
1541 1408 1771 1488 ecelesiasua,
1799 1411 1852 1476 vel
1874 1414 1982 1495 potius
2009 1436 2029 1478 a
2056 1435 2189 1479 suorum

188 1503 300 1567 nuisse
321 1501 488 1584 leguntur,
517 1513 584 1561 non
610 1496 767 1579 leguntur
792 1497 828 1559 in
854 1503 976 1560 aurem'
989 1495 1162 1561 sacrificuli
1212 1494 1370 1558 memoria
1391 1494 1535 1558 sustulit:
1563 1494 1700 1559 infinitis
1726 1495 1821 1560 hodie
1847 1501 1980 1580 stupris,
2010 1499 2187 1579 adulteriis,

190 1587 370 1668 cuiuspiam
403 1583 548 1650 confessi.
599 1583 669 1647 Neo
706 1603 784 1648 sane
822 1582 969 1646 confiteri
1000 1587 1160 1663 poterant,
1212 1579 1353 1658 incestis,
1375 1578 1553 1656 lenociniis,
1576 1579 1655 1661 quid
1674 1581 1760 1645 facto
1781 1602 1862 1663 opus
1884 1584 1934 1663 sit,
1965 1585 2186 1650 admonemur.

190 1674 245 1738 ubi
279 1694 338 1737 nec
372 1669 544 1736 sacrificuli
576 1667 819 1733 confessionarii
851 1673 958 1745 erant,
998 1687 1058 1731 nec
1090 1667 1162 1748 ipsa
1300 1669 1350 1728 36.
1394 1664 1491 1730 Nunc
1512 1663 1692 1729 videndum
1713 1664 1754 1730 de
1781 1675 1940 1748 potestate
1967 1670 2122 1748 clavium,
2150 1673 2185 1735 in

190 1760 288 1824 etiam
310 1757 475 1822 confessio.
519 1754 566 1818 Et
586 1753 698 1818 multis
724 1760 837 1835 postea
858 1751 995 1818 saeculis
1015 1753 1163 1817 inaudita
1213 1771 1277 1832 qua
1298 1750 1392 1834 regni
1419 1751 1470 1814 sui
1491 1771 1639 1833 proram,
1661 1758 1699 1814 ut
1720 1752 1827 1831 aiunt,
1849 1761 1883 1818 et
1908 1758 2043 1838 puppim
2062 1757 2186 1822 confes·

189 1845 251 1909 fuit
272 1845 352 1908 haec
380 1841 553 1918 confessio;
580 1840 697 1922 quibus
724 1840 794 1903 sine
823 1838 886 1903 hae
908 1837 1089 1903 conditione
1110 1859 1162 1902 re-
1214 1836 1346 1900 sicnarii
1373 1835 1490 1901 locant.
1538 1837 1630 1919 Ergo
1656 1838 1728 1901 sine
1755 1858 1868 1918 eausa,
1895 1841 2062 1922 inquiunt,
2091 1842 2186 1907 datae

189 1931 404 1994 mittebantur
436 1932 577 2008 peooata.
633 1922 701 1990 Sed
733 1924 894 2006 ne·quasi
922 1923 962 1988 de
996 1945 1032 1988 re
1064 1923 1163 1988 dubia
1213 1929 1291 1986 sunt
1316 1919 1445 1988 claves?
1489 1922 1579 2005 Ergo
1608 1921 1678 1986 sine
1706 1943 1805 1988 causa
1824 1923 1948 1990 dietum
1969 1936 2019 1992 est
2051 1928 2185 2011 (Matth.

189 2016 318 2098 longius
340 2014 564 2094 disceptemus,
588 2011 724 2075 verbum
744 2011 809 2074 Dei
829 2016 979 2092 apertum
1000 2008 1163 2091 estquod
1217 2006 1355 2091 18,18):
1388 2028 1599 2090 quaecunque
1626 2007 1788 2074 solveritis
1810 2031 1908 2093 super
1928 2019 2066 2090 1111111,
2089 2026 2186 2077 erunt

191 2109 360 2166 aeternum
386 2105 510 2163 manet:
544 2097 797 2179 quotiescumque
829 2095 1025 2178 ingemuerit
1049 2115 1162 2177 pecca
1213 2092 1320 2157 soluta
1340 2099 1374 2157 et
1394 2094 1429 2156 in
1450 2092 1569 2158 coelis?
1601 2092 1818 2158 Frustramur
1839 2118 1917 2180 ergo
1934 2098 2073 2165 verbum
2089 2097 2187 2163 01111-

191 2196 257 2266 tor,
286 2185 432 2251 omnium
458 2184 666 2266 iniquitatum
694 2183 764 2246 eius
785 2202 851 2245 non
872 2180 1067 2246 recordabor
1089 2179 1160 2265 (En.
1214 2178 1277 2243 sti?
1321 2177 1529 2261 Respondeat
1563 2198 1698 2262 gravem
1714 2180 1814 2246 fuisse
1835 2203 1968 2248 causam
1990 2207 2049 2249 cur
2070 2183 2187 2248 daren-
2270 2178 2297 2247 f

193 2277 241 2351 18,
256 2271 321 2354 21).
350 2270 439 2335 Huio
457 2269 554 2334 verbo
572 2269 627 2351 qui
645 2267 766 2350 aliquid
784 2266 882 2331 audet
898 2265 1076 2350 obiioere¹)‚
1095 2287 1162 2331 non
1213 2271 1268 2328 tur
1289 2264 1443 2348 claves.²)
1487 2265 1563 2329 Duo
1585 2271 1695 2328 autem
1722 2273 1800 2329 sunt
1825 2265 1888 2333 loci
1910 2269 2027 2350 quibus
2049 2276 2188 2334 testatur

114 2408 118 2422 .
191 2364 323 2442 peccata
343 2357 434 2439 ligat,
458 2354 516 2419 sed
536 2354 671 2419 Domini
692 2352 956 2418 misericordiam.
1213 2351 1376 2415 Dominus
1402 2349 1540 2433 ligatum
1566 2357 1600 2413 et
1625 2349 1767 2414 solutum
1793 2352 1835 2415 iri
1861 2353 1898 2416 iu
1919 2355 2006 2419 coelo
2029 2355 2115 2437 quod
2136 2357 2187 2421 sui

138 2452 144 2475 ⁸
277 2447 326 2506 35.
370 2441 462 2506 Nihil
484 2441 593 2523 itaque
614 2440 749 2518 mirum,
777 2439 805 2502 si
827 2438 1045 2503 auricularem
1064 2439 1163 2502 istam
1213 2437 1249 2500 in
1268 2444 1357 2500 terra
1377 2435 1552 2519 ligaverint
1572 2443 1606 2500 et
1624 2435 1789 2515 solverint,
1811 2438 1908 2518 paulo
1931 2439 2059 2505 diverso
2077 2463 2185 2518 sensu,

190 2529 437 2606 confessionem,
469 2548 540 2591 rem
561 2525 641 2590 adeo
663 2525 868 2607 pestilentem
889 2529 1000 2605 totque
1021 2524 1162 2588 nomini·
1213 2541 1294 2604 quos
1319 2521 1443 2587 insulse
1469 2521 1558 2603 porci
1586 2521 1642 2585 isti
1668 2527 1702 2585 et
1728 2522 1856 2601 inscite,
1883 2530 1922 2588 ut
1943 2525 2048 2589 solent
2067 2528 2187 2606 omnia,

190 2616 250 2681 bus
282 2613 436 2679 ecclesiae
469 2613 617 2690 noxiam,
651 2611 862 2688 damnamus,
895 2631 932 2674 ac
960 2610 1163 2675 sublatame
1214 2607 1427 2673 confundunt.
1472 2606 1568 2671 Alter
1594 2612 1645 2671 est
1670 2606 1757 2688 apud
1777 2608 1936 2673 Ioannem
1960 2609 2026 2694 (20,
2046 2611 2102 2696 23)
2131 2614 2188 2678 ubi

190 2700 296 2766 medio
327 2701 485 2781 cupimus.
536 2696 633 2779 Quod
661 2697 689 2761 si
714 2718 774 2779 per
795 2717 830 2760 se
852 2717 904 2760 res
927 2703 1012 2760 osset
1033 2694 1163 2760 indiffe-
1215 2692 1367 2758 (1111111111
1389 2693 1549 2756 missurus
1572 2691 1745 2775 discipulos
1773 2714 1848 2758 suos
1870 2693 1912 2758 ad
1933 2696 2188 2777 praedicandum

189 2808 279 2863 rens,
314 2784 443 2868 quando
475 2792 586 2848 tamen
607 2782 689 2846 nulli
710 2783 786 2847 usui
807 2789 858 2847 est
878 2803 938 2847 nec
957 2782 1093 2859 fructui,
1115 2786 1165 2844 tot
1213 2779 1360 2844 insufflat
1379 2779 1415 2842 in
1437 2799 1491 2843 ecs
1513 2798 1551 2844 ac
1573 2777 1664 2842 dicit:
1689 2779 1824 2860 accipite
1851 2781 2001 2862 spiritum
2024 2790 2187 2862 sanctum;

190 2879 299 2938 autem
320 2871 548 2952 impietatibus,
568 2868 754 2952 sacrilegiis,
777 2868 941 2932 erroribus
958 2888 1091 2934 causam
1107 2865 1163 2930 de-
1214 2885 1480 2948 quorumcunque
1506 2864 1696 2928 remiseritis
1721 2871 1854 2945 peecata
1886 2867 2098 2931 remittimtur
2129 2869 2186 2947 eis,

190 2958 247 3034 dit,
271 2958 343 3039 quis
364 2977 430 3020 non
478 2956 605 3019 rotinus
627 2953 819 3019 abolendam
840 2954 992 3018 censeat?
1036 2954 1163 3018 110001-
1214 2958 1248 3015 et
1269 2971 1406 3032 quorum
1434 2950 1633 3014 retinueritis
1659 2956 1787 3014 retenta
1814 2957 1899 3016 sunt.
1948 2950 2068 3018 Claves
2094 2955 2188 3038 regni

190 3052 264 3108 sent
283 3043 348 3124 quic
361 3063 413 3105 em
470 3043 556 3124 'quot
578 3062 670 3118 usus,
699 3061 779 3123 quos
800 3046 839 3104 ut
858 3039 954 3105 valde
982 3040 1164 3105 fructuosos
1215 3037 1391 3114 coelorum,
1410 3056 1492 3118 quae
1509 3035 1610 3100 Petro
1630 3041 1727 3101 antea
1743 3038 1921 3118 promissae
1937 3038 2081 3119 fuerant,
2099 3061 2187 3105 nunc

191 3127 363 3194 venditant
369 3151 377 3206 ;
399 3126 456 3191 sed
477 3127 550 3191 illos
573 3134 629 3191 aut
651 3127 832 3203 ementitos,
852 3133 909 3189 aut
929 3126 1051 3192 nullius
1071 3148 1169 3209 pror·
1214 3122 1262 3187 illi
1289 3143 1358 3186 una
1388 3143 1464 3187 cum
1484 3122 1622 3186 caeteris
1643 3122 1797 3202 apostolis
1818 3123 2030 3205 exhibentur,
2057 3148 2118 3191 nec
2139 3126 2188 3190 illi

190 3236 246 3279 sus
268 3213 433 3276 momenti.
476 3213 589 3277 Unum
610 3219 739 3276 tantum
757 3210 916 3293 singulari
937 3215 1165 3297 praerogativa
1215 3207 1393 3291 quidquam
1420 3208 1617 3290 promissum
1638 3213 1724 3286 erat,
1752 3207 1838 3290 quod
1859 3229 1925 3274 non
1947 3210 2001 3276 hic
2022 3233 2064 3276 ex
2086 3233 2188 3294 aequo

190 3297 432 3365 commendant:
455 3298 711 3363 erubescentiam
733 3298 918 3362 confitentis
941 3320 1077 3382 gravem
1094 3321 1164 3365 osse
1216 3315 1291 3360 oum
1312 3291 1461 3359 omnibus
1483 3293 1628 3376 accipiat
1672 3292 1728 3359 Illi
1750 3291 1872 3360 dietum
1894 3303 1965 3360 erat
1982 3295 2115 3381 (Matth.
2138 3301 2186 3374 16,

190 3405 344 3468 poenam,
367 3403 431 3465 qua
452 3391 486 3446 et
505 3389 655 3464 peccator
675 3385 713 3447 fit
733 3384 768 3446 in
788 3391 955 3465 posterum
975 3386 1108 3464 cautior,
1132 3391 1165 3450 et
1219 3380 1288 3464 19):
1319 3379 1401 3445 dabo
1430 3380 1490 3445 tibi
1518 3378 1627 3444 claves
1659 3381 1753 3463 regni
1780 3381 1959 3460 coelorum;
1992 3382 2044 3447 his
2071 3383 2189 3449 dieitur

190 3471 255 3536 Dei
276 3469 455 3535 vindicta-m
478 3469 660 3547 antevertit,
683 3490 718 3534 se
739 3470 847 3550 ipsum
868 3471 1017 3552 puniens.
1060 3469 1165 3552 Quasi
1216 3473 1254 3532 ut
1274 3465 1483 3549 evangelium
1504 3465 1708 3549 praedicent,
1735 3465 1822 3548 quod
1842 3467 1951 3549 ipsum
1972 3474 2022 3532 est
2042 3469 2190 3535 coelestis

190 3577 257 3620 non
279 3556 358 3619 satis
380 3575 500 3636 magna
517 3553 712 3618 verecundia
733 3555 900 3619 hominem
919 3556 1164 3636 confundamus,
1215 3553 1310 3637 regni
1330 3552 1446 3617 ianuas
1468 3551 1594 3635 aperire
1615 3552 1655 3616 iis
1675 3552 1730 3633 qui
1751 3572 1810 3633 per
1832 3551 2003 3617 Christum
2025 3575 2191 3620 aceessum

192 3642 270 3704 dum
298 3640 340 3705 ad
367 3660 532 3705 summum
558 3638 638 3702 illud
659 3640 804 3705 tribunal
824 3641 977 3721 coeleste,
1000 3643 1042 3708 ad
1063 3642 1165 3726 Dei2)
1217 3638 1259 3703 ad
1280 3645 1408 3722 patrem
1426 3638 1633 3722 quaesierint,
1656 3636 1807 3702 claudere
1830 3658 1906 3703 vero
1927 3646 1961 3703 et
1981 3640 2132 3706 obserare
2150 3642 2190 3707 iis
2312 3692 2328 3717 ,

191 3727 410 3811 cognitionem
429 3735 602 3790 vocamus?
636 3725 779 3808 Egregie
801 3747 879 3791 vero
905 3729 1086 3810 profectum
1105 3736 1163 3808 est,
1216 3726 1273 3809 qui
1294 3726 1336 3791 ab
1357 3725 1421 3791 hac
1441 3726 1498 3791 via
1519 3723 1720 3790 diverterint
1764 3723 1820 3786 Illi
1837 3723 1960 3789 dietum
1981 3734 2065 3791 erat:
2089 3726 2192 3811 quod-

192 3814 220 3878 si
241 3813 340 3877 unius
367 3812 508 3877 hominis
529 3809 653 3894 pudore
679 3831 813 3892 peceare
835 3811 1027 3895 desinimus,
1056 3817 1166 3881 Deum
1217 3833 1344 3894 cunque
1369 3811 1524 3894 ligaveris
1553 3829 1651 3891 super
1682 3813 1805 3873 terram
1832 3810 1895 3873 erit
1921 3809 2060 3895 ligatum
2092 3819 2125 3878 et
2156 3815 2193 3877 in

192 3919 257 3963 non
278 3899 497 3963 erubescimus
525 3897 646 3961 habere
672 3895 779 3961 malae
799 3901 1014 3966 eonscientiae
1035 3910 1166 3968 nostrae
1217 3897 1330 3977 coelis3
1368 3896 1581 3980 quodeunque
1619 3893 1755 3960 solveris
1793 3895 1855 3959 erit
1888 3896 2052 3962 solutum..
2094 3899 2192 3965 Nunc

191 3990 318 4049 testem.
369 3984 565 4066 Quanquam
597 3981 631 4045 id
664 4002 789 4064 quoque
821 3984 928 4066 ipsum
954 3987 1165 4054 falsissimum
1218 3983 1370 4067 apostolis
1396 3983 1561 4062 omnibus,
1589 3982 1677 4046 inter
1702 4001 1783 4062 quos
1811 3987 1844 4046 et
1870 3982 1940 4064 ipse
1962 3991 2027 4063 est,
2058 3984 2189 4051 dieitur:

192 4077 249 4134 est.
294 4069 396 4134 Nulla
422 4070 511 4135 enim
538 4091 574 4134 rs
601 4068 674 4132 fieri
699 4069 856 4134 maiorem
883 4072 1038 4153 peccandi
1066 4077 1166 4140 confi·
1217 4090 1355 4154 quorum
1376 4070 1568 4134 remiseritis
1589 4072 1730 4151 peccata,
1753 4069 1891 4134 remissa
1912 4075 2024 4149 erunt;
2053 4092 2191 4153 quorumr

192 4154 338 4219 dentiam
370 4160 428 4218 aut
463 4155 628 4221 licentiam
665 4154 788 4236 passim
801 4238 803 4243 .
818 4156 930 4222 videre
962 4167 1029 4237 est,
1068 4181 1167 4243 quam
1217 4155 1432 4234 retinueritis,
1460 4162 1589 4221 retenta
1613 4158 1718 4219 erunt
1768 4153 1891 4238 Ligare
1917 4155 2025 4238 itaquo
2049 4163 2189 4239 peccata,

193 4239 287 4317 dum,
321 4240 521 4305 confessione
549 4239 709 4306 sacerdoti
740 4240 842 4319 faeta,
877 4243 1026 4308 homines
1054 4247 1166 4310 existi-
1217 4243 1359 4308 retinere
1388 4244 1452 4322 est;
1481 4242 1622 4320 solvere,
1650 4240 1825 4306 remittere.
1869 4240 1916 4304 Et
1945 4263 2023 4306 sane
2044 4248 2190 4324 peccato·

192 4334 286 4390 mant
307 4347 342 4389 sc
363 4345 457 4406 posse
479 4334 607 4409 tergere
628 4347 673 4405 os,
696 4334 729 4392 01
751 4327 872 4407 dicere,
896 4350 962 4392 non
983 4330 1053 4394 feci
1096 4330 1167 4396 Neo
1217 4351 1293 4394 rum
1314 4328 1503 4393 remissione
1524 4348 1603 4393 vere
1629 4326 1801 4392 solvrmtm·
1821 4347 1840 4391 e
1861 4325 2043 4392 durissimis
2064 4348 2191 4410 compe-

192 4419 260 4475 tctc
293 4411 399 4475 solum
428 4431 513 4474 anno
542 4413 627 4475 fiunt
662 4412 704 4476 ad
735 4413 936 4494 peccandum
962 4414 1165 4497 audaciores3
1219 4414 1313 4480 dibus
1335 4414 1567 4494 eonscientiae,
1590 4419 1624 4477 et
1643 4434 1777 4478 rursum
1798 4413 1980 4478 retentione
2002 4413 2191 4478 arctissimis

192 4495 250 4562 sed
271 4498 307 4560 in
328 4497 490 4579 reliquum
512 4497 590 4560 anni
616 4503 745 4579 tempus
767 4497 807 4562 de
829 4500 1030 4565 confessione
1052 4504 1166 4581 securi,
1218 4501 1358 4567 vinculis
1378 4501 1525 4585 ligantur
1546 4507 1580 4564 et
1599 4500 1877 4582 coustringtmtur.
2067 4556 2070 4561 .
2096 4580 2099 4587 .

192 4604 363 4665 nunquam
390 4581 432 4646 ad
452 4583 563 4647 Deum
590 4583 770 4663 suspirant,
799 4605 968 4667 nunquam
991 4586 1034 4650 ad
1059 4609 1094 4652 se
1116 4609 1167 4652 re-
1305 4586 1463 4652 Adferam
1494 4586 1796 4669 interpretationem
1827 4606 1894 4649 non
1927 4589 2090 4667 argutam,
2124 4604 2191 4647 non

193 4667 304 4746 deunt,
324 4668 380 4733 sed
397 4675 531 4750 peecata
541 4668 681 4750 peccatis
693 4669 901 4734 accumulant
907 4695 915 4750 ;
934 4670 1036 4737 donec
1049 4674 1166 4753 omnia,
1219 4679 1379 4753 coactam,
1402 4672 1666 4750 non‘detortam,
1695 4670 1753 4736 sod
1775 4670 1967 4752 simplicem,
1991 4690 2191 4752 germanam,

192 4761 231 4818 ut
251 4756 442 4837 opinantur,
473 4754 571 4819 simul
592 4761 753 4818 evomant
799 4754 864 4820 Ubi
885 4763 996 4821 autem
1017 4780 1168 4823 evomue-

194 4849 280 4918 runt,
303 4841 432 4905 sarcina
454 4862 514 4905 sua
535 4839 705 4904 exonerati
722 4840 784 4905 sibi
805 4840 975 4922 videntur,
997 4843 1168 4908 iudicium·
1220 4846 1250 4855 ”

194 4946 255 5007 que
283 4947 302 4990 a
323 4927 395 4991 Deo
421 4926 639 5003 transtulisse,
668 4925 754 5008 quod
781 4926 940 4992 sacerdoti
967 4928 1168 5010 detulertmt3
1291 4945 1319 5011 1)
1346 4894 1456 5001 obtorto
1474 4945 1541 4999 1545
1551 4911 1628 5017 *seqq
1714 4944 1744 5012 2)
1772 4942 1849 5010 Quae
1864 4956 1891 4994 re
1911 4947 2015 4996 uentu
2032 4944 2067 4998 ob
2084 4949 2194 4997 occare

194 5011 266 5074 Deo
287 5011 482 5077 oblivionem
504 5011 681 5091 induxisse,
705 5011 761 5077 ubi
783 5013 947 5079 conscium
968 5014 1169 5080 sacerdotem
1221 5015 1270 5068 too
1288 5015 1345 5095 3⁰9⁰
1362 5015 1449 5069 deleto
1466 5022 1529 5069 sum
1547 5017 1577 5069 a
1594 5015 1636 5068 ed·
1652 5030 1677 5094 ⁰.-
1696 5011 1764 5094 reta
1789 5015 1867 5089 aro
1894 5010 1980 5090 'urum
1997 5018 2104 5067 mutata
2120 5026 2195 5065 aune

1223 5082 1315 5153 (lupata
1338 5082 1424 5137 7111.
1442 5083 1483 5136 89.
1506 5084 1548 5137 90.
1566 5089 1729 5152 perterrens
1746 5093 1913 5133 recenetome
1933 5087 2038 5135 cosmo
2060 5082 2193 5150 leguntur.

195 5184 399 5193 ----—--
1223 5152 1280 5204 Pro
1304 5150 1347 5206 bia
1370 5153 1493 5206 0111111111
1515 5153 1580 5206 baec
1601 5167 1658 5205 non
1674 5152 1732 5203 nisi
1754 5149 1826 5201 tanc
1842 5163 1928 5226 acum
1945 5163 2051 5203 vasum
2073 5151 2117 5204 bic
2134 5149 2194 5204 sub

265 5283 293 5349 l)
312 5285 427 5338 adiicere
446 5285 515 5339 1543
533 5302 601 5357 seqq.
680 5287 705 5365 ²)
722 5286 787 5342 add
804 5287 915 5356 inquam
934 5266 1090 5357 11116οι00.
1165 5338 1169 5343 ,
1221 5219 1535 5357 1111110111ἓῖἓέἒὲ
1552 5221 1725 5359 (1111110011ιί1οω
1743 5224 1771 5272 et
1789 5232 1918 5285 sumnus,
1938 5233 2019 5284 quum
2038 5219 2071 5272 de
2088 5236 2193 5272 excom.

1819 5401 1822 5409 .
1920 5370 1989 5425 le*
