4770 6030
110 419 112 423 ¹
225 332 264 391 15
855 320 1135 390 'INSTITUTIO
1159 321 1264 388 RllL.
1288 323 1468 392 onmem
1496 330 1586 392 1536.
2196 332 2236 393 lo

221 477 315 582 ouius
336 537 465 581 sacrum
486 515 623 580 verbum
651 515 804 578 novitatis
831 515 1013 579 insimulari
1042 535 1107 578 non
1134 535 1202 577 me-
1256 514 1466 595 spondemus,
1494 516 1581 599 quod
1607 524 1685 582 tunc
1709 519 1891 583 Donatistis
1918 518 2136 602 Augustinus:
2165 519 2235 583 Do·

223 629 363 694 rebatur.
413 626 483 691 Illis
515 626 646 709 quidem
673 647 792 692 novam
819 648 889 691 esse
916 627 1050 690 minimo
1080 625 1199 704 dubito,
1255 627 1381 689 minum
1403 634 1517 692 contra
1543 630 1622 692 istos
1647 629 1875 694 mirabiliarios
1897 637 2008 695 cautos
2029 651 2088 694 nos
2111 631 2234 710 fecisse,

222 740 338 824 quibus
360 746 393 803 et
409 736 561 804 Christus
583 759 688 803 novus
706 744 764 816 est,
783 744 816 802 61
832 737 1052 821 Evangelium
1069 759 1199 802 novum
1254 759 1328 802 oum
1346 738 1509 820 praedixit
1520 738 1655 824 (Mattln
1669 739 1740 824 24);
1753 749 1908 806 16116166
1925 740 2234 823 pseudoprophetes,

191 941 193 946 ,
223 850 291 917 Sed
316 851 371 933 qui
397 850 489 915 illam
516 849 612 915 Pauli
639 850 826 915 concionem
853 848 962 933 (Rem.
987 849 1023 934 4)
1056 857 1201 915 veterem
1253 849 1308 930 qui
1330 850 1432 932 signis
1454 851 1641 933 ingentibus
1662 860 1696 917 et
1716 852 1872 937 prodigiis
1893 854 1928 916 in
1951 874 2094 917 ormnem
2116 853 2235 919 electos

221 985 291 1028 esse
321 969 495 1064 novepuut:
532 962 644 1026 Iesum
671 961 841 1027 Christum
873 969 1038 1026 mortuum
1067 969 1200 1043 propter
1254 959 1297 1043 (si
1312 962 1384 1024 fieri
1401 962 1524 1047 posset)
1546 962 1712 1043 inducant,
1735 973 1768 1029 et
1784 965 1908 1030 Paulus
1930 964 1964 1048 (2
1984 965 2097 1029 Thess.
2118 965 2152 1048 2)
2175 964 2234 1029 ad·

220 1082 353 1158 peccata
379 1081 508 1153 nostra,
537 1075 754 1138 resurrexisse
780 1081 914 1155 proptor
939 1074 1200 1138 iustificationem
1252 1074 1379 1136 monuit
1389 1074 1584 1139 Antichristi
1604 1097 1742 1159 regnum
1759 1078 1906 1140 futurum
1924 1099 1998 1141 oum
2015 1077 2104 1143 omni
2116 1082 2232 1158 poten·

220 1168 375 1264 nostram,
394 1185 477 1249 nihil
495 1185 581 1267 apud
599 1207 658 1249 nos
677 1184 922 1266 deprehendent
938 1206 1068 1250 1616111.
1103 1182 1200 1264 Quod
1240 1184 1306 1261 tia,
1331 1191 1363 1247 et
1384 1186 1486 1268 signis
1507 1194 1540 1250 et
1560 1172 1715 1271 prodigiis
1736 1188 1954 1252 mendacibus.
2000 1188 2047 1251 At
2068 1186 2158 1266 haee,
2181 1189 2232 1252 in·

220 1298 277 1363 diu
298 1298 463 1380 incognita
485 1274 673 1379 sepultaqub
699 1297 808 1373 161611,
835 1294 998 1361 humanae
1024 1298 1199 1377 impietatis
1251 1296 1375 1377 quiunt,
1397 1297 1556 1362 miracula
1576 1319 1643 1362 non
1664 1299 1705 1364 ab
1724 1289 1829 1377 idolis,
1852 1321 1917 1363 non
1940 1320 1959 1363 6
1978 1298 2142 1377 maleficis,
2165 1321 2233 1364 non

221 1410 344 1476 crimen
367 1416 430 1488 est;
456 1431 543 1474 1616
565 1431 640 1474 6611
660 1410 726 1472 Dei
746 1409 947 1492 benignitate
974 1408 1067 1472 nobis
1089 1406 1197 1471 reddi·
1252 1430 1274 1471 a
1292 1408 1677 1491 pseudoprophetis,·s'ed
1705 1412 1972 1476 asanctis'fiunt
1996 1407 2036 1495 [p.
2052 1408 2117 1496 18],
2139 1412 2232 1493 quasi

221 1531 288 1601 tur,
312 1523 428 1588 saltem
449 1523 639 1604 postliminii
660 1522 731 1584 1616
752 1542 846 1585 suam
867 1521 1094 1615 antiquitatem
1116 1520 1198 1583 reci·
1251 1541 1329 1584 1616
1342 1543 1407 1584 non
1425 1523 1612 1585 noverimus
1635 1522 1720 1586 hane
1743 1543 1813 1586 6666
1831 1531 1964 1586 satanam
1986 1529 2099 1599 artem,
2122 1529 2230 1587 116116·

220 1657 298 1720 pere
320 1636 464 1702 debebat.
510 1635 564 1698 1111
586 1632 700 1707 eodem
721 1633 925 1715 ignorantiae
946 1631 1035 1696 fonte
1056 1653 1115 1712 pro
1138 1629 1197 1693 du·
1251 1632 1394 1714 figurare
1413 1655 1447 1696 se
1464 1634 1498 1696 in
1516 1633 1670 1716 angelum
1685 1634 1775 1698 lucis.
1800 1631 1890 1698 Olim
1900 1635 2056 1719 Aegyptii
2068 1633 2233 1723 sepultum

220 1748 274 1813 bia
294 1750 482 1830 incertaque
499 1748 604 1829 ipsam
622 1745 752 1809 habent.
782 1744 856 1808 Hoc
872 1744 1014 1825 prolecto
1032 1751 1089 1820 ost,
1113 1742 1198 1823 quod
1252 1744 1339 1829 apud
1366 1765 1401 1809 se
1423 1745 1610 1822 Ioremiam,
1639 1747 1805 1811 sacrificiis
1827 1746 1961 1827 aliisque
1984 1745 2102 1810 divinis
2129 1745 2231 1810 hono-

219 1860 382 1924 Dominus
405 1880 464 1940 per
486 1858 679 1941 prophetam
703 1877 799 1920 suum
823 1857 1031 1938 conqueritur
1052 1854 1128 1938 (166.
1151 1852 1196 1936 1);
1223 1872 1225 1930 ἵ
1252 1857 1341 1920 ribus
1373 1846 1534 1938 prosecuti
1562 1867 1646 1920 sunt.
1696 1858 1813 1922 Nonne
1843 1870 1954 1922 sancto
1980 1858 2045 1921 Dei
2071 1857 2231 1939 propheta

148 2055 149 2063 ἵ
219 1972 336 2038 bovem
347 1972 536 2054 cognovisse
555 1967 657 2056 [616]
676 1990 894 2051 possessorem
904 1971 1053 2045 66116111
1070 1967 1198 2030 11611611
1223 1966 1225 1975 ’
1252 1969 1294 2032 61
1318 1968 1535 2033 idololatriam
1561 1970 1778 2034 abutebantur
1811 1976 1980 2033 ettamen
2006 1969 2065 2033 tali
2091 1968 2232 2065 sepulcri

219 2104 375 2166 praesepe
396 2081 601 2147 dominorum
629 2102 776 2156 suorum,
804 2102 838 2144 se
860 2062 931 2143 non⁴
946 2079 1077 2162 agnosci
1101 2100 1120 2141 a
1141 2098 1198 2159 po·
1252 2081 1459 2144 veneratione
1485 2082 1777 2162 consequebantur,
1812 2089 1850 2144 ut
1875 2091 2068 2145 curarentur
2094 2103 2115 2146 6
2140 2088 2231 2148 tactu
2318 2090 2360 2167 3³.

219 2195 296 2278 pulo
314 2217 380 2260 suo.
414 2194 542 2259 Verum
558 2199 632 2258 utut
646 2179 687 2256 in'
703 2194 772 2257 eius
789 2191 1050 2257 incertitudinem
1073 2188 1196 2262 ludant,
1251 2192 1459 2273 serpentum?
1510 2192 1599 2273 Quid
1626 2193 1783 2271 dicerene,
1813 2194 1877 2257 nisi
1903 2195 2002 2257 fuisse
2031 2192 2230 2273 1161666111-

220 2306 247 2371 si
270 2329 330 2372 sua
355 2297 420 2372 illis
445 2307 575 2390 proprio
602 2305 760 2388 sanguine
780 2305 930 2386 vitaeque
953 2301 1120 2384 dispendio
1142 2302 1198 2365 ob·
1250 2325 1372 2385 perque
1399 2305 1466 2367 fore
1495 2305 1706 2368 iustissimam
1732 2306 1796 2367 Dei
1817 2304 2010 2381 vindictam,
2037 2304 2077 2368 iis
2099 2305 2155 2386 qui
2180 2304 2230 2369 di-

220 2418 381 2503 signanda
402 2426 500 2497 esset,
528 2418 640 2482 liceret
661 2425 821 2499 spectare,
844 2415 959 2498 quanti
981 2415 1021 2478 ab
1043 2413 1108 2477 illis
1129 2414 1196 2476 fiat.
1250 2415 1422 2479 lectionem
1449 2416 1595 2480 veritatis
1628 2438 1694 2479 non
1726 2424 1932 2498 rcoepeumt,
1963 2416 2093 2480 mittere
2120 2416 2230 2492 effica-

219 2532 335 2614 Longe
357 2530 421 2595 6116
441 2536 554 2595 nostra
579 2529 699 2593 fiducia
720 2535 782 2604 est,
810 2549 893 2609 quac
915 2549 975 2592 nec
996 2527 1110 2589 mortis
1132 2531 1197 2588 ter-
1222 2569 1225 2609 ,
1251 2527 1335 2591 61611
1365 2527 1537 2605 illusionis,
1571 2536 1608 2591 ut
1635 2527 1769 2591 credant
1800 2527 1968 2593 mendacio
1995 2525 2162 2608 (211166.
2183 2526 2227 2613 2),

219 2664 319 2722 16166,
339 2664 400 2708 nec
419 2643 483 2706 Dei
506 2640 649 2706 tribunal
670 2638 831 2704 formidat.
1250 2639 1413 2703 Miraoula
1444 2660 1521 2722 ergo
1552 2639 1645 2703 nobis
1679 2640 1813 2704 minime
1840 2638 1971 2716 desunt,
2001 2652 2102 2720 eaque
2130 2647 2228 2719 certa,

181 2732 185 2743 ¹
306 2752 403 2835 Quod
423 2753 583 2819 miracula
609 2775 630 2816 a
655 2753 748 2816 nobis
769 2749 952 2833 postulant,
978 2749 1123 2831 improbe
1150 2749 1197 2812 fa
1250 2772 1310 2815 nec
1333 2751 1457 2815 cavillis
1479 2752 1626 2815 obnoxia.
1662 2749 1755 2831 Quae
1777 2740 1888 2814 autem
1908 2750 1957 2813 illi
1977 2771 2037 2832 pro
2059 2772 2094 2814 66
2116 2751 2230 2815 obten-

219 2867 316 2932 6111111.
339 2865 442 2931 κΝ61
470 2867 558 2929 enim
585 2885 698 2929 recens
725 2861 854 2946 aliquod
876 2861 1082 2944 evangelium
1108 2860 1198 2924 oudi-
1222 2928 1224 2951 ἰ
1250 2862 1346 2941 1611,
1370 2886 1479 2928 166166
1500 2876 1576 2928 6611
1599 2875 1732 2927 6616166
1753 2862 1935 2940 illusiones,
1959 2861 2088 2943 quando
2110 2883 2229 2927 61616

218 3001 301 3055 1166,
324 2978 382 3042 661
402 2976 485 3042 illud
505 2978 613 3058 ipsum
635 2977 820 3053 retinemus,
844 2975 936 3038 cuius
957 2971 1198 3037 confirmandae
1222 2962 1224 3003 ¹
1249 2975 1313 3038 Dei
1333 2976 1384 3038 sui
1406 2976 1495 3040 cultu
1517 2975 1559 3040 ad
1580 2977 1759 3040 vanitatem
1780 2974 1935 3056 populum
1958 2972 2131 3038 abducunt

218 3091 351 3155 veritati
376 3090 525 3153 serviunt
550 3089 672 3166 omnia,
701 3109 783 3168 quae
808 3107 953 3168 unquam
981 3092 1013 3147 61
1035 3082 1195 3160 Christus,
1335 3088 1512 3151 Praeterea
1544 3088 1740 3152 calumniose
1780 3087 1872 3150 nobis
1905 3086 2023 3150 Patres
2060 3090 2229 3167 opponunt

176 3194 178 3199 ’
219 3210 253 3268 61
276 3200 412 3284 apostoli
438 3199 623 3277 ediderunt,
651 3198 817 3263 miracula.
868 3198 915 3262 At
940 3197 974 3260 id
1001 3218 1079 3279 prae
1104 3196 1197 3260 nobis
1221 3188 1224 3229 ⁸
1250 3198 1414 3284 (antiquos
1436 3205 1469 3262 et
1494 3199 1637 3263 melioris
1659 3197 1765 3262 611166
1792 3197 1912 3262 saeculi
1933 3197 2105 3279 scriptores
2131 3195 2229 3261 intel·

219 3313 342 3379 habent
362 3312 535 3396 singulare,
559 3311 644 3393 quod
665 3309 803 3375 assiduis
824 3311 859 3373 in
881 3309 969 3372 hunc
990 3328 1092 3390 usque
1112 3307 1198 3371 diem
1248 3310 1329 3395 ligo)
1358 3333 1395 3375 66
1422 3311 1450 3375 61
1477 3332 1532 3375 666
1552 3310 1711 3376 haberent
1732 3331 1809 3374 suac
1836 3309 2011 3391 impietatis
2033 3308 2229 3390 suffragato-

218 3426 384 3491 miraculis
408 3423 507 3488 fidem
529 3445 623 3488 suam
641 3423 834 3486 confirmare
860 3430 1003 3503 possunt.
1047 3419 1118 3482 Imo
1140 3440 1197 3501 po-
1249 3445 1310 3497 166,
1329 3444 1468 3504 quorum
1485 3424 1657 3486 autoritate
1675 3423 1703 3486 61
1721 3420 1939 3485 dirimendum
1956 3427 2120 3485 certamen
2131 3427 2227 3499 esset,

218 3539 297 3617 tius,
323 3537 467 3621 allegant
498 3534 656 3600 miracula
681 3555 765 3616 quae
797 3534 943 3597 animum
970 3532 1088 3614 alioqui
1115 3533 1197 3597 bene
1248 3535 1364 3599 melior
1383 3536 1538 3599 victoriae
1558 3555 1635 3616 pars
1652 3534 1695 3599 ad
1714 3556 1773 3597 nes
1789 3532 1969 3597 inclinaret
2004 3532 2130 3596 Verum
2150 3552 2228 3595 cum

219 3650 432 3731 compositum
448 3648 644 3712 labefactare
661 3652 793 3728 queant:
814 3644 893 3709 adeo
912 3655 969 3708 aut
986 3644 1104 3708 frivola
1121 3653 1198 3708 sunt
1248 3648 1353 3711 multa
1373 3647 1540 3729 praeclare
1559 3644 1599 3730 [p.
1616 3644 1669 3732 19]
1694 3667 1731 3710 ac
1748 3645 1912 3726 sapienter
1934 3644 1973 3707 ab
1991 3642 2055 3706 illis
2070 3642 2228 3707 Patribus

204 3767 252 3824 -et
268 3758 413 3838 ridicula,
432 3766 591 3849 6611616
609 3767 642 3822 61
658 3757 835 3824 mendacia.
869 3756 938 3822 Nec
955 3763 1066 3820 tamen
1082 3757 1196 3820 etiam-
1249 3761 1370 3841 scripta
1380 3762 1454 3834 sint,
1477 3760 1512 3822 in
1526 3757 1719 3840 quibusdam
1731 3778 1809 3821 1616
1830 3756 1870 3820 iis
1882 3754 2042 3832 acciderit,
2066 3752 2151 3836 quod
2167 3752 2227 3817 ho-

218 3872 246 3936 si
266 3870 361 3935 valde
382 3871 566 3954 prodigiosa
588 3879 708 3949 essent,
733 3878 846 3937 contra
866 3869 931 3933 Dei
952 3869 1124 3933 1611161611
1146 3866 1196 3929 111-
1248 3872 1390 3935 minibus
1413 3871 1504 3950 solet,
1526 3871 1582 3934 isti
1601 3871 1647 3952 pii
1668 3869 1790 3935 scilicet
1810 3867 1878 3945 filii,
1901 3887 1966 3949 qua
1986 3873 2063 3930 sunt
2084 3872 2117 3930 et
2133 3866 2226 3948 iuge-

217 3982 281 4047 lius
303 3983 459 4046 momenti
481 4004 551 4047 esse
572 3984 753 4065 oportebat,
781 3980 909 4065 quando
932 3988 966 4044 ct
991 4001 1110 4044 nomen
1131 3979 1196 4042 Dei
1248 3985 1295 4047 nii
1312 3991 1346 4047 et
1360 3983 1470 4048 iudicii
1482 3990 1516 4047 et
1526 3983 1627 4046 animi
1649 3981 1850 4058 dexteritate,
1872 4000 1985 4042 eorum
2006 3983 2136 4041 16111111
2155 3975 2226 4058 lap-

217 4095 414 4160 sanctificari
443 4091 483 4178 [p.
505 4091 558 4179 17]
581 4095 699 4175 ubique
728 4103 761 4157 et
786 4115 914 4175 semper
935 4093 1100 4168 convenit,
1127 4091 1196 4154 6116
1248 4118 1304 4160 666
1320 4102 1354 4159 et
1366 4117 1493 4159 errores
1516 4094 1671 4171 adorant,
1688 4114 1771 4175 quac
1792 4093 1874 4155 benc
1887 4090 1973 4155 dicta
1991 4094 2076 4165 sunt,
2094 4087 2227 4152 16111611

217 4206 376 4289 portentis
397 4206 466 4270 6116
487 4206 629 4269 naturali
651 4227 761 4269 rerum
782 4205 903 4269 ordine.
937 4206 983 4269 Et
1009 4203 1196 4267 meminisse
1248 4208 1431 4286 observant,
1454 4207 1508 4271 161
1524 4205 1739 4282 dissimulant,
1762 4203 1815 4268 vel
1833 4207 2054 4282 corrumpunt,
2077 4205 2116 4262 nt
2136 4198 2228 4266 dicas

217 4339 277 4403 nos
298 4317 400 4394 decet,
423 4338 483 4381 sua
505 4338 576 4381 esse
599 4308 731 4381 satanae
748 4316 921 4394 miracula,
945 4338 1042 4398 quae,
1067 4315 1197 4379 tametsi
1247 4341 1380 4402 prorsus
1411 4319 1476 4383 illis
1509 4340 1606 4383 curae
1632 4318 1745 4393 fuisse,
1773 4317 1808 4378 in
1835 4335 1915 4377 auro
1942 4312 2050 4394 legere
2072 4317 2225 4377 stercora

219 4429 415 4513 praestigiae
437 4437 515 4493 sunt
526 4428 630 4511 magis
654 4449 752 4509 qnam
768 4449 866 4491 verae
878 4430 1025 4506 virtutes,
1049 4435 1126 4492 6611
1146 4434 1196 4490 ta·
1248 4432 1333 4495 'rum
1354 4432 1509 4513 improbis
1531 4429 1726 4494 clamoribus
1745 4448 1804 4491 nos
1825 4426 1980 4502 obruunt,
2006 4444 2066 4487 ceu
2087 4422 2228 4488 Petrum

217 4563 295 4605 men
307 4540 466 4605 eiusmodi
475 4561 558 4623 quae
568 4538 791 4621 imprudentes
804 4546 837 4603 et
846 4540 1013 4621 imperitos
1030 4538 1194 4604 deludant.
1248 4549 1484 4625 contemptores
1511 4550 1544 4606 et
1571 4540 1783 4606 adversarios.
1836 4536 1906 4601 Nos
1932 4556 2010 4601 1616
2044 4533 2125 4599 adeo
2152 4531 2227 4598 illos

216 4650 310 4734 Magi
337 4660 370 4716 et
397 4655 615 4718 incantatores
647 4650 812 4715 miraculis
843 4671 972 4732 semper
998 4651 1194 4730 6161661611,
1247 4676 1314 4718 161
1335 4655 1585 4731 contemnimus,
1609 4659 1647 4716 ut
1668 4651 1696 4715 si
1714 4649 1747 4712 id
1768 4649 1948 4731 praesentis
1968 4646 2110 4710 instituti
2131 4651 2227 4725 esset,

217 4761 434 4828 idololatriam
461 4763 622 4847 stupenda
652 4763 811 4827 miracula
838 4763 1003 4842 aluemmt,
1037 4784 1118 4846 quae
1145 4770 1195 4828 ta·
1247 4765 1338 4829 nullo
1364 4766 1492 4848 negotio
1520 4765 1603 4829 mihi
1628 4763 1725 4827 liceat
1749 4759 1917 4823 meliorem
1944 4779 2056 4823 eorum
2087 4765 2227 4839 partem,

216 4894 291 4939 men
311 4896 369 4940 nec
387 4897 567 4959 magorum
590 4893 649 4940 nee
671 4874 916 4939 idololatrarum
933 4876 1194 4956 superstitionem
1247 4898 1330 4959 quac
1353 4876 1448 4939 hodie
1466 4899 1486 4941 a
1502 4876 1595 4940 nobis
1613 4873 1773 4951 dicuntur,
1795 4872 1940 4953 ipsorum
1957 4869 2121 4952 suffragiis
2139 4888 2229 4933 oom-

215 4985 308 5050 nobis
329 4987 517 5068 approbant
563 4987 671 5068 Atque
699 4986 761 5050 hoc
782 4985 860 5051 olim
882 4987 982 5050 ariete
1003 4986 1194 5070 1111616111-
1248 4989 1394 5071 probare.
1445 4987 1501 5053 Sic
1530 4997 1641 5052 tamen
1672 4987 1707 5049 in
1738 5004 1851 5049 eorum
1883 4981 2013 5063 scriptis
2046 5000 2227 5057 versamur,

215 5095 394 5176 plicitatem
427 5099 653 5164 concutiebant
679 5098 885 5176 Donatistae,
917 5097 1004 5180 quod
1031 5099 1196 5163 miraculis
1249 5109 1287 5165 ut
1318 5120 1447 5181 sempor
1472 5098 1717 5163 meminerimus
1748 5097 1857 5160 omnia
1884 5108 1996 5158 nostra
2022 5112 2107 5170 esse,
2143 5110 2228 5171 quae

215 5206 384 5288 pollerent.
433 5209 633 5294 Idemergo
660 5231 747 5275 nunc
772 5210 893 5275 1661116
922 5209 1117 5276 adversariis
1145 5232 1196 5276 re·
1250 5212 1342 5277 nobis
1369 5211 1528 5287 serviant,
1558 5231 1625 5274 non
1652 5208 1873 5285 dominentur,
1906 5225 1965 5268 nos
1993 5210 2103 5269 autem
2129 5201 2230 5266 unius
