4770 6030
191 429 233 488 45
986 422 1086 499 GAP.
1109 425 1136 488 Ι.
1175 423 1244 488 DE
1268 420 1403 487 LEGE.
1695 412 1697 417 ¹
1954 503 1960 529 Ι
2157 428 2199 488 46

190 612 396 690 existimant,
418 633 518 695 quam
539 615 701 696 scriptura
722 612 876 678 describit
896 614 1065 677 universos
1086 613 1170 676 filios
1194 660 1196 673 .
1222 613 1274 676 cui
1297 624 1330 675 ct
1356 611 1494 675 Iacobus
1517 613 1679 676 consentit
1704 613 1783 696 (Iac.
1809 610 1858 694 2):
1888 613 1943 693 qni
1970 613 2120 690 offendit,
2149 615 2200 677 in·

190 697 314 773 Adam,
341 718 480 779 quornm
506 699 732 764 excellentiam
760 698 850 764 hisce
872 699 985 781 elogiis
1006 719 1170 762 commen·
1194 688 1197 733 ¹
1222 699 1300 779 quit,
1334 699 1369 760 in
1399 718 1480 774 uno,
1513 697 1618 762 factis
1647 705 1697 761 est
1724 698 1869 763 omnium
1896 719 1980 763 reus.
2024 699 2097 763 Iam
2125 721 2201 765 cunr

191 783 263 848 dat:
292 782 378 864 qnod
406 785 472 847 sint
497 805 651 866 perverso
678 795 711 849 et
737 786 919 866 praefracte
945 783 1056 857 eorde.
1084 783 1170 866 quod
1194 832 1197 893 Ι
1221 784 1291 848 vita
1322 782 1403 848 haec
1439 782 1586 847 mortalis
1623 806 1791 866 nunquam
1824 805 1843 848 a
1879 791 2011 865 peccato
2042 807 2125 866 pura
2158 787 2202 850 sit

190 870 385 952 figmentum
407 869 512 934 cordis
534 891 645 934 eorum
674 871 797 935 malum
823 872 866 934 sit
888 892 907 934 a
927 871 1042 951 primis
1065 870 1168 947 annis,
1194 907 1196 925 ι
1223 869 1335 950 (Prov.
1362 872 1412 931 24.
1456 874 1471 930 l
1498 868 1588 933 Ioan.
1615 868 1663 953 1),
1697 869 1853 953 quidquid
1885 870 2027 934 iustitiae
2060 893 2080 935 a
2107 873 2200 937 nobis

190 955 275 1041 qnod
293 977 406 1019 ornnes
416 957 627 1039 cogitationes
643 978 757 1034 vanae,
776 955 862 1037 quod
877 955 990 1020 lumen
1007 956 1168 1032 tenebrae,
1194 932 1197 1007 l
1221 964 1444 1036 comparatum
1462 963 1555 1031 esset,
1573 955 1607 1017 id
1619 957 1828 1038 sequentibus
1845 955 1985 1036 peccatis
2001 966 2199 1038 corruptum,

190 1041 275 1123 quod
305 1063 418 1106 omnes
438 1043 532 1123 qnasi
559 1064 636 1107 oves
664 1043 858 1110 erraverint.
887 1043 1108 1122 unusquisque
1134 1043 1169 1104 in
1194 1038 1197 1123 5
1220 1061 1411 1122 oppressum
1431 1047 1464 1104 et
1484 1039 1662 1122 perditum,
1684 1043 1721 1106 in
1742 1050 1949 1124 conspecttmr
1970 1042 2034 1106 Dei
2056 1064 2121 1107 non
2143 1065 2200 1108 ve-

190 1128 279 1193 viam
301 1149 396 1192 suam
418 1126 643 1203 declinaverit,
666 1127 751 1210 quod
772 1150 839 1192 non
867 1129 910 1192 sit
931 1125 972 1191 ad
997 1149 1097 1190 unum
1118 1128 1169 1190 in·
1194 1148 1197 1239 5
1221 1126 1315 1200 niret,
1338 1147 1399 1190 nec
1421 1126 1463 1189 ad
1484 1127 1642 1190 iustitiam
1667 1128 1760 1192 nobis
1780 1129 2005 1210 imputaretur.
2049 1129 2200 1211 Denique

190 1222 310 1279 ventiis
329 1214 385 1295 qui
406 1213 505 1278 faciat
525 1213 660 1287 bonum,
689 1214 775 1296 quod
797 1235 892 1277 nemo
914 1235 1027 1277 eorum
1048 1212 1169 1276 intelli·
1193 1242 1196 1298 5
1221 1212 1256 1275 in
1279 1211 1350 1293 lege
1372 1212 1437 1275 Dei
1458 1232 1524 1276 non
1545 1233 1627 1293 opus
1648 1213 1895 1295 respiciendum,
1919 1213 1976 1277 sed
1997 1215 2198 1280 mandatum.

189 1307 327 1450 {iim
342 1300 452 1364 Deum
469 1299 622 1381 requirat
645 1299 730 1381 quod
748 1301 898 1363 timorem
915 1299 980 1363 Dei
997 1320 1076 1380 prae
1094 1319 1169 1362 ocu-
1193 1316 1197 1395 5
1222 1296 1301 1361 Ideo
1329 1299 1357 1362 si
1385 1319 1428 1361 ex
1455 1297 1527 1380 lege
1554 1298 1679 1362 iustitia
1706 1301 1888 1381 quaeritur,
1918 1320 1984 1364 non
2011 1323 2114 1364 unum
2143 1311 2201 1366 aut

205 1387 212 1398 '
263 1406 328 1449 non
353 1385 510 1449 babeant:
540 1385 698 1463 breviter,
726 1385 813 1467 quod
837 1407 912 1450 caro
935 1385 1001 1448 sint
1018 1385 1096 1469 (Ier.
1120 1387 1167 1447 17.
1194 1400 1196 1475 5
1222 1383 1362 1447 alterum
1383 1404 1472 1464 opus,
1496 1385 1618 1447 iustum
1639 1385 1744 1463 faciet,
1767 1385 1824 1449 sed
1844 1394 2003 1467 perpetua
2021 1387 2102 1469 legis
2124 1388 2200 1453 obe-

191 1470 276 1536 Gen.
303 1474 333 1535 8.
378 1470 466 1535 Psnl.
500 1475 550 1534 94.
596 1471 715 1535 Matth.
742 1476 770 1535 6.
817 1471 880 1535 Ies.
909 1474 957 1534 53.
1002 1470 1090 1534 Psal.
1119 1474 1167 1532 14.
1193 1480 1196 1565 5
1222 1468 1352 1533 dientia
1402 1469 1587 1548 Praeterea,
1616 1477 1786 1552 peccatum
1813 1481 1863 1535 est
1884 1492 1937 1536 res
1958 1493 1996 1536 θο
2018 1494 2120 1554 usquo
2142 1496 2200 1538 ex·

190 1555 276 1623 Gen
299 1554 344 1643 6).
379 1554 453 1637 Quo
475 1558 605 1621 nomine
627 1557 854 1640 intelliguntur
871 1578 970 1638 opera
986 1556 1043 1619 illa
1061 1556 1170 1619 omnia
1194 1588 1196 1617 ι
1221 1554 1370 1619 eerabilis
1387 1575 1497 1620 eoram
1516 1556 1596 1634 Deo,
1620 1577 1658 1620 ac
1674 1563 1744 1620 tam
1761 1558 1871 1640 gravis
1892 1560 2056 1636 momenti,
2077 1568 2115 1623 ut
2132 1568 2201 1624 tota

189 1663 274 1726 quae
288 1646 293 1653 “
309 1649 545 1707 enumerantur
583 1663 603 1706 a
636 1642 741 1708 Paulo
781 1642 871 1728 (Gal.
902 1641 951 1726 55:
991 1642 1168 1719 fornicatio,
1193 1620 1196 1679 Ι
1222 1640 1391 1705 hominum
1418 1641 1544 1705 iustitia
1570 1642 1605 1705 in
1633 1663 1737 1707 unum
1758 1643 1925 1707 cumulum
1949 1653 2074 1722 coacta,
2103 1647 2200 1711 unius

189 1726 413 1807 immunditia,
435 1727 651 1810 impudicitia,
674 1729 814 1806 luxuria,
836 1727 997 1792 idolorum
1018 1728 1167 1805 servitus,
1221 1727 1476 1808 compensationi
1501 1748 1563 1808 par
1590 1749 1660 1792 esse
1686 1749 1753 1793 non
1780 1729 1890 1811 possit.
1933 1729 2093 1794 Videmus
2113 1732 2201 1796 enim
2264 1753 2270 1765 ·

190 1814 357 1893 veneficia,
375 1815 573 1893 inimicitiae,
591 1816 821 1888 contentiones,
837 1813 1078 1888 aemulationes,
1091 1814 1168 1890 irae,
1221 1811 1388 1876 hominem
1410 1834 1476 1877 uno
1497 1812 1614 1878 debebo
1635 1815 1682 1879 sic
1704 1837 1724 1879 a
1744 1815 1816 1878 Deo
1838 1815 1999 1880 abiectum
2017 1825 2050 1880 et
2071 1817 2200 1882 abdica

189 1901 299 1979 rixae,
333 1899 563 1978 dissensiones,
597 1907 720 1979 sectae,
748 1899 907 1977 invidiae,
936 1899 1111 1963 homicidia
1137 1906 1171 1962 et
1221 1905 1293 1961 tum
1314 1898 1414 1962 fuisse
1432 1897 1531 1983 (Gen.
1552 1897 1596 1983 3),
1619 1907 1657 1964 ut
1676 1900 1774 1965 simul
1795 1920 1925 1965 omnem
1942 1902 2145 1984 recipiendae
2163 1925 2201 1969 ae

189 1986 347 2070 quidquid
367 1985 530 2051 foeditatis
550 1993 607 2050 aut
633 1987 880 2050 abominationis
902 1986 1080 2068 excogitari
1098 1991 1170 2066 pot
1222 1983 1463 2064 recuperandae
1484 1984 1599 2050 salutis
1620 1987 1780 2050 rationem
1802 1985 1987 2069 perdiderit

190 2080 249 2138 est
300 2073 425 2137 Tantae
458 2072 580 2137 scilieet
612 2071 781 2155 dignitatis
813 2071 946 2150 fiducia,
975 2070 1091 2135 stolide
1113 2069 1170 2134 ad-
1308 2067 1447 2134 Sublata
1464 2076 1515 2134 est
1529 2072 1635 2154 igitur
1650 2073 1878 2137 satisfactionis
1895 2073 2041 2149 facultas,
2064 2095 2130 2156 qua
2145 2077 2201 2158 qui

188 2164 307 2225 uersus
325 2158 437 2223 Deum
457 2157 670 2240 superbimus.
710 2157 783 2223 Hoc
805 2158 893 2221 enim
912 2156 1100 2222 habendum
1122 2163 1172 2220 est
1222 2155 1284 2220 sibi
1309 2155 1538 2235 blandiuntur,
1571 2179 1739 2241 nunquam
1767 2166 1854 2224 certe
1882 2160 1954 2224 Deo
1987 2161 2199 2226 satisfacient:

189 2244 387 2311 catholicum
407 2244 588 2308 theorema:
618 2243 775 2308 adversus
796 2244 905 2307 Deum
926 2243 1071 2326 gloriari,
1099 2242 1171 2324 qui·
1222 2242 1275 2305 eui
1296 2240 1379 2305 nihil
1461 2250 1532 2306 tum
1554 2253 1785 2326 acceptumque
1807 2252 1865 2321 est,
1890 2245 1976 2326 quod
1998 2246 2039 2310 ab
2060 2247 2201 2314 inimicis

188 2352 319 2414 cunque
349 2330 385 2394 in
418 2352 453 2393 sc
481 2329 670 2412 gloriantur.
722 2327 892 2412 Siquidem
920 2328 982 2394 hoo
1009 2328 1169 2392 mnndum
1222 2327 1289 2392 suis
1315 2324 1405 2412 [psl
1445 2329 1625 2408 profectum
1649 2330 1699 2394 sit
1739 2329 1868 2394 Inimici
1885 2353 1963 2396 vero
1981 2339 2058 2396 sunt
2078 2354 2199 2409 omnes,

188 2417 264 2482 Deo
290 2416 401 2494 subdi,
431 2415 556 2480 Paulus
589 2422 684 2480 vocat
710 2414 821 2499 (Rom.
846 2414 895 2497 3),
930 2415 1008 2479 dum
1035 2435 1169 2496 prorsus
1221 2412 1337 2494 quibus
1358 2414 1498 2495 imputat
1518 2421 1659 2495 peccata.
1689 2416 1789 2479 Tecta
1805 2417 1906 2500 igitur
1924 2426 1957 2480 et
1973 2420 2109 2483 remissa
2124 2439 2200 2500 pec-

190 2502 345 2585 adempts
366 2510 416 2566 est
437 2501 623 2566 hominibus
645 2501 806 2584 gloriandi
825 2502 971 2564 materia.
1016 2500 1169 2564 Audetne
1193 2483 1196 2525 ¹
1222 2508 1295 2563 cata
1312 2499 1404 2564 nobis
1422 2505 1556 2580 oportet,
1580 2508 1754 2583 antequam
1772 2500 1814 2565 ad
1831 2503 1936 2566 ullum
1953 2525 2034 2585 opus
2052 2512 2200 2570 nostrum

188 2589 288 2653 bomo
310 2595 420 2652 tantae
442 2588 639 2671 ignominiae
661 2588 771 2651 aDeo
789 2586 971 2664 damnatus,
994 2585 1169 2668 quidquam
1220 2585 1383 2649 Dominus
1403 2585 1562 2666 respiciat.
1596 2586 1651 2650 Ex
1672 2607 1736 2668 quo
1758 2589 1911 2668 sequitur,
1935 2591 2111 2671 gratuitam
2130 2613 2200 2656 esse

190 2672 233 2761 [p.
247 2672 306 2805 795
321 2675 383 2739 sibi
399 2673 560 2756 reliqumn
572 2672 700 2738 facere?
729 2672 892 2737 Adhucne
908 2693 942 2736 se
960 2671 1081 2753 aliquid
1099 2693 1170 2736 esse
1220 2677 1426 2753 peccatorum
1442 2671 1675 2751 remissionem,
1693 2694 1791 2754 quam
1808 2674 1983 2738 obscurant
1998 2683 2032 2738 et
2047 2675 2200 2758 blasphe-

188 2767 300 2844 putat.
349 2758 504 2823 Nondum
524 2781 560 2823 se
581 2766 786 2841 prosternere
806 2766 840 2822 et
860 2757 1011 2836 deiicere,
1034 2758 1169 2839 Deoque
1221 2764 1314 2820 mant
1344 2757 1400 2839 qui
1431 2777 1507 2821 suas
1539 2759 1774 2824 satisfactiones
1807 2760 1969 2841 ingerunt.
2024 2762 2093 2825 Nos
2121 2784 2199 2847 ergo

187 2847 300 2911 omnia
321 2845 399 2910 dare
420 2845 523 2921 discit,
546 2843 693 2908 nondum
713 2847 748 2908 in
769 2865 829 2908 sua
844 2843 1037 2921 humilitate,
1060 2844 1169 2906 Deum
1221 2842 1371 2924 exemplo
1398 2842 1548 2923 Apostoli
1581 2843 1682 2928 (Phil.
1709 2845 1758 2929 3),
1787 2848 1870 2927 quae
1898 2854 1985 2909 retro
2014 2857 2091 2909 sunt
2119 2848 2200 2912 obli·

188 2931 357 2998 exaltare?
401 2932 476 2996 Non
498 2933 585 2995 enim
606 2931 824 2995 humilitatem
848 2952 935 3007 voco,
959 2931 987 2995 si
1009 2929 1086 3012 quid
1108 2929 1170 2994 sibi
1194 2910 1197 2995 i
1221 2928 1397 3004 iissentes,
1432 2928 1474 2992 ad
1507 2950 1545 2993 ea
1578 2935 1687 2994 autem
1719 2939 1891 3014 pergentes
1919 2953 2001 3013 quae
2030 2942 2105 2995 ante
2140 2956 2199 2999 nos

189 3016 360 3083 residuum
379 3038 451 3082 esse
472 3023 574 3099 putat.
618 3017 665 3080 Et
691 3017 849 3081 haetenus
869 3017 1085 3098 perniciosam
1107 3016 1170 3100 hy·
1223 3021 1313 3091 sunt,
1331 3035 1507 3105 ¹curramus
1535 3016 1569 3078 in
1591 3016 1695 3080 stadio
1716 3026 1840 3095 nostro,
1869 3017 2039 3082 tendentes
2061 3018 2103 3081 ad
2124 3020 2199 3083 bra-

187 3103 331 3187 pocrisin
358 3103 545 3181 docuerimt,
568 3104 624 3185 qui
653 3103 734 3167 haec
757 3102 820 3167 duo
841 3103 1033 3166 iunxerunt:
1062 3101 1170 3166 humi·
1221 3100 1320 3164 baum
1348 3121 1508 3182 supernae
1533 3103 1718 3167 vocationis.
1769 3103 1897 3169 laetare
1924 3125 2003 3169 vero
2029 3125 2198 3185 superero-

186 3189 265 3255 liter
285 3189 326 3254 de
353 3189 446 3254 nobis
473 3187 680 3254 sentiendum
702 3210 813 3253 coram
833 3189 920 3266 Deo,
948 3196 982 3253 ct
1003 3187 1170 3253 sciendum
1222 3186 1361 3268 gationis
1393 3206 1506 3267 opera,
1539 3187 1698 3269 quomodo
1729 3210 1804 3254 oum
1835 3190 1891 3254 illo
1919 3192 2085 3270 convenit,
2113 3192 2200 3274 quod

187 3275 300 3357 aliqua
325 3297 396 3341 esso
422 3282 535 3339 nostra
562 3275 687 3338 merita.
740 3272 778 3338 Si
806 3275 908 3350 enim,
937 3281 1170 3357 contraquam
1222 3271 1315 3336 nobis
1335 3279 1545 3353 praeceptum
1566 3280 1624 3349 est,
1646 3280 1685 3337 ut
1705 3295 1780 3339 cum
1801 3277 1973 3341 fecerimus
1990 3298 2200 3360 quaecunque

187 3362 363 3440 sentimus,
390 3362 583 3426 confitemur
605 3381 715 3424 coram
734 3362 821 3438 Deo,
849 3358 899 3423 illi
919 3360 1112 3437 mentimur;
1142 3361 1170 3424 si
1221 3357 1466 3440 praecipiuntur
1480 3358 1582 3437 nobis,
1599 3358 1744 3426 dicamus
1760 3383 1820 3426 nos
1837 3384 1956 3428 servos,
1971 3362 2102 3428 inutiles
2118 3386 2197 3433 esse.

188 3454 301 3512 autem
332 3467 448 3513 revera
485 3454 517 3510 et
548 3447 632 3510 serio
664 3447 869 3529 agnoscimus
906 3446 990 3510 nihil
1021 3454 1171 3510 nostrum
1222 3464 1282 3508 neo
1310 3443 1384 3525 plus
1410 3444 1539 3523 fecisse,
1566 3464 1665 3527 qnam
1686 3446 1773 3528 quod
1799 3446 1969 3512 debuimus
1998 3447 2093 3531 (Luc.
2121 3448 2197 3532 175?

187 3554 276 3613 esse,
304 3534 470 3600 evanescit
490 3533 595 3597 omnis
621 3533 812 3596 meritorum
833 3553 900 3596 non
920 3531 1017 3596 modo
1041 3530 1169 3610 fiducia,
1221 3528 1341 3595 Dicere
1369 3550 1479 3595 coram
1504 3530 1593 3611 Deo,
1621 3553 1687 3596 non
1714 3541 1765 3598 est
1792 3533 1946 3598 simulare
1973 3542 2030 3598 aut
2056 3536 2197 3612 mentiri,

188 3619 247 3685 sed
268 3621 386 3703 opinio.
1222 3614 1280 3679 sed
1300 3636 1360 3697 pro
1382 3622 1470 3680 certo
1490 3616 1612 3682 habere
1634 3625 1668 3683 θῖ
1688 3640 1765 3684 vere
1786 3620 1833 3683 ita
1853 3621 1981 3684 sentire.
2020 3619 2116 3683 Iubet
2136 3621 2198 3685 ita·

276 3705 318 3770 ln
346 3705 478 3769 homine
504 3705 619 3788 igitur,
653 3705 682 3768 si
715 3702 919 3768 naturalibus
947 3705 1014 3768 suis
1042 3702 1170 3768 dotibus
1221 3721 1284 3782 que
1305 3701 1467 3766 Dominus
1495 3723 1555 3766 nos
1582 3705 1706 3770 sincere
1728 3711 1871 3770 statuere
1897 3712 1930 3769 et
1956 3705 2125 3770 nobiscum
2146 3728 2198 3771 re-

189 3798 376 3869 censeatur,
399 3812 420 3855 a
440 3791 562 3857 vertice
584 3790 697 3871 capitis
718 3788 759 3853 ad
787 3789 933 3871 plantam
955 3810 1057 3871 mque
1077 3788 1170 3870 pedis
1220 3796 1345 3868 putare,
1368 3786 1460 3851 nulla
1482 3808 1541 3852 nos
1563 3789 1625 3854 sibi
1645 3797 1812 3872 praestare
1833 3792 1977 3874 gratuita
1998 3792 2117 3869 officia,
2141 3792 2199 3858 sed

189 3878 332 3944 scintilla
351 3878 429 3942 boni
449 3898 515 3940 non
536 3876 724 3958 reperietur.
770 3874 888 3939 Gratia
909 3876 973 3939 Dei
995 3883 1053 3953 est,
1076 3874 1170 3957 qnid·
1222 3872 1330 3938 debita
1366 3872 1520 3956 obsequia
1558 3874 1701 3939 reddere.
1756 3875 1875 3958 quue,
1912 3899 1987 3940 eum
2025 3878 2198 3945 fecerimus

190 3963 268 4046 quid
290 3965 326 4026 in
346 3984 384 4027 eo
406 3970 457 4027 est
477 3961 564 4044 quod
584 3960 714 4025 laudem
736 3968 887 4025 meretur.
923 3958 990 4025 Sed
1012 3960 1094 4025 haec
1110 3981 1169 4024 no-
1220 3979 1431 4041 quaeeunque
1458 3960 1701 4041 praecipiimtur
1728 3962 1836 4040 nobis,
1859 3962 1920 4027 hoc
1942 3972 2007 4036 est,
2031 3965 2059 4027 si
2085 3984 2198 4030 omncs

191 4058 260 4114 stra
287 4058 337 4114 est
363 4049 565 4132 malignitas,
593 4055 723 4111 nostrae
745 4046 876 4129 quidem
903 4046 1048 4111 foeditati
1074 4067 1168 4129 prae-
1220 4051 1350 4108 nostrae
1372 4044 1590 4127 cogitationes,
1612 4048 1783 4130 omniaque
1804 4048 1953 4113 membra
1972 4071 2070 4113 versa
2090 4060 2199 4115 essent
2301 4059 2303 4064 ’

190 4141 319 4200 textam
346 4155 474 4216 semper
494 4133 664 4211 inducere,
690 4132 756 4197 Dei
776 4154 855 4197 vero
877 4132 962 4203 dona
982 4134 1017 4196 in
1038 4131 1170 4197 laudem
1221 4131 1257 4193 in
1277 4130 1384 4194 officia
1404 4129 1494 4213 legis,
1517 4130 1572 4194 vel
1593 4131 1621 4195 si
1636 4132 1710 4215 plus
1727 4155 1827 4216 quam
1843 4156 1955 4199 omnes
1977 4136 2123 4199 omnium
2139 4137 2198 4200 ho-

189 4228 338 4285 nostram
364 4221 515 4302 arripere.
565 4219 630 4284 Dei
658 4220 757 4282 etiam
789 4220 914 4283 iustitia
941 4220 1167 4297 contemnitur,
1221 4217 1347 4280 minum
1363 4217 1514 4294 iristitiae,
1534 4217 1631 4282 unius
1649 4226 1766 4284 essent
1798 4219 1868 4298 Isti,
1881 4221 1937 4303 qui
1952 4219 2141 4304 longissime
2156 4222 2197 4287 ab

190 4306 247 4371 ubi
267 4307 344 4372 talis
362 4313 494 4388 tamque
509 4305 653 4387 perfecta
676 4325 742 4369 non
761 4306 955 4387 agnoscitur,
978 4314 1016 4369 ut
1034 4304 1117 4369 nihil
1139 4305 1170 4369 ei
1221 4325 1259 4367 eo
1281 4303 1413 4379 absunt,
1441 4308 1479 4365 ut
1498 4303 1635 4368 fecerint
1660 4325 1742 4386 quae
1785 4313 1936 4389 raecopta
1957 4316 2049 4386 sunt,
2077 4306 2198 4370 audent

191 4399 360 4475 acceptum
381 4393 439 4470 sit,
465 4392 529 4456 nisi
548 4392 714 4474 integrum
735 4412 773 4455 ac
794 4392 988 4473 perfectum,
1016 4390 1169 4473 nullaque
1220 4396 1331 4454 tamen
1347 4387 1479 4472 gloriari
1497 4410 1533 4453 se
1549 4390 1716 4454 cumulum
1733 4413 1753 4456 a
1776 4391 1896 4458 didisse
1913 4391 1955 4456 ad
1971 4394 2090 4457 iustam
2105 4413 2197 4456 men·

191 4477 286 4543 sorde
312 4479 527 4560 inquinatum.
579 4476 676 4556 Quod
704 4477 731 4541 si
758 4477 806 4540 ita
827 4484 891 4555 est,
915 4477 1024 4541 omnia
1047 4484 1168 4556 nostra,
1221 4496 1341 4540 suram.
1369 4471 1439 4539 Sed
1455 4474 1549 4540 facile
1566 4475 1688 4540 scilicet
1708 4474 1749 4562 [p.
1761 4475 1817 4563 82]
1836 4486 1870 4542 et
1886 4479 1988 4542 cnivis
1999 4479 2034 4541 in
2045 4487 2197 4559 promptu

192 4565 219 4627 si
237 4585 297 4629 sua
315 4563 473 4648 dignitate
490 4572 693 4639 censeantur,
715 4561 799 4626 nihil
815 4564 879 4628 nisi
896 4563 1075 4645 inquinatio
1093 4569 1170 4627 sunt
1221 4568 1279 4639 est,
1304 4560 1385 4648 baec
1407 4561 1442 4624 in
1464 4561 1552 4625 sellis
1573 4571 1607 4625 et
1627 4562 1792 4628 cathedris
1809 4565 1869 4629 sub
1887 4564 2004 4628 umbra
2021 4562 2194 4644 disputare.

192 4657 226 4714 et
251 4649 371 4714 sordes.
420 4650 475 4714 Ita
505 4650 630 4714 iustitia
655 4658 768 4713 nostra
800 4648 967 4730 iniquitas,
998 4649 1170 4732 integritas
1221 4647 1307 4713 Oum
1328 4653 1438 4710 autem
1460 4668 1608 4712 summus
1628 4648 1802 4715 illeIudex
1817 4671 1877 4732 pro
1893 4647 2048 4713 tribunali
2067 4646 2195 4729 sederit,

190 4735 335 4818 pollutio,
353 4735 458 4819 gloria
472 4735 658 4818 ignominia
687 4733 785 4815 Quod
800 4735 888 4798 enim
904 4735 1094 4817 optimuma
1111 4754 1170 4798 no-
1220 4754 1316 4798 omne
1343 4754 1380 4796 os
1401 4732 1524 4796 obstrui
1546 4740 1581 4796 θῖ
1600 4753 1731 4798 omnem
1758 4735 1982 4819 gloriationem
2003 4754 2197 4800 evanescere

191 4820 243 4886 b‘m
258 4822 396 4904 proferri
411 4830 526 4904 potest,
546 4820 655 4902 aliqua
671 4817 776 4907 [pso]
795 4828 905 4884 tamen
923 4841 1051 4902 semper
1062 4821 1170 4885 carnis
1220 4817 1387 4901 oportebit
1430 4817 1512 4896 Hoc,
1534 4818 1596 4884 hoc
1613 4820 1835 4903 quaerendum
1852 4830 1930 4897 erat,
1953 4839 2052 4901 quam
2068 4818 2197 4887 adeius

191 4919 323 4972 nocuae
350 4908 538 4989 impuritate
566 4927 752 4989 respersum
778 4912 813 4971 et
834 4916 1022 4989 corruptum
1044 4916 1108 4984 est,
1137 4914 1171 4971 θῖ
1221 4903 1366 4969 tribunal
1393 4902 1588 4970 defensionis
1614 4904 1767 4972 fiduciam
1794 4905 1935 4983 adferre,
1968 4926 2035 4967 non
2056 4905 2133 4988 quid
2160 4909 2197 4971 in

192 4998 349 5076 tanquam
377 4993 499 5074 aliquid
530 4993 628 5057 faecis
655 4992 839 5057 admixtum
874 4992 981 5057 habet
1031 4991 1169 5072 Deinde,
1221 4990 1341 5056 scholis
1361 4999 1395 5054 θῖ
1416 4989 1545 5072 angulis
1564 4991 1705 5057 fabulari
1724 4993 1893 5076 possimus.

191 5080 340 5178 etiamsi
362 5079 432 5142 fieri
457 5086 580 5160 posset,
608 5086 646 5141 ut
666 5077 775 5160 aliqua
795 5077 888 5143 nobis
910 5086 1019 5142 essent
1039 5079 1171 5177 omnino
1307 5075 1362 5140 Ad
1384 5074 1479 5154 haec,
1502 5076 1614 5176 quales
1636 5086 1727 5154 sunt,
1756 5100 1837 5159 quas
1858 5078 1913 5143 isti
1934 5075 2103 5142 venditare
2124 5079 2197 5142 Deo

189 5171 868 5335 aiaaiiasnaatu
890 5171 1171 5314 mma
1221 5161 2199 5331 assumsistisumata

189 5338 277 5402 riam
303 5337 421 5419 prioris
447 5336 603 5414 iustitiae,
633 5343 671 5399 ut
697 5336 744 5400 ait
768 5335 930 5419 propbeta
956 5334 1091 5419 (naen
1116 5333 1171 5418 18)
1223 5334 1287 5398 erit
1302 5331 1389 5417 apud
1407 5353 1443 5398 se
1459 5334 1552 5412 ratio,
1574 5342 1723 5417 acceptas
1738 5334 1829 5400 feret
1856 5335 1931 5402 Hac
1948 5336 2078 5401 demum
2096 5337 2211 5421 signi·¹
