4770 6030
200 349 261 411 81
832 343 931 410 811.
954 342 1016 408 111.
1041 341 1114 427 (v.)
1156 338 1565 408 11818881881188.
2142 349 2202 411 181

202 459 319 527 1188,
337 457 449 526 8181,
468 455 570 512 cass.
1932 516 1936 527 ,

202 535 301 600 118818
326 555 400 598 1888
427 540 542 615 agant,
570 445 653 615 duae
681 531 901 597 inviolabilem
930 531 973 616 (si
994 552 1109 598 verum
1132 530 1181 594 di·
1233 530 1294 594 Ille
1315 529 1461 595 medicus
1482 540 1544 596 est:
1563 531 1711 598 'vulnera
1737 532 1839 615 igitur
1860 540 1973 596 nostra
1993 532 2206 617 1111818888-

202 620 296 705 cunt)
335 619 459 702 legem,
499 627 532 682 81
570 617 767 683 Christianis
805 619 955 683 omnibus
992 616 1182 682 mandatam
1232 638 1315 681 mus.
1359 616 1421 680 Ille
1440 616 1549 682 laesus
1572 624 1621 682 881
1642 628 1675 682 81
1697 618 1854 682 offensus:
1878 618 1919 682 ab
1940 617 1997 682 illo
2015 638 2129 698 pacem
2149 640 2206 702 pe·

201 706 427 790 neglexerunt.
1234 709 1350 767 tamus.
1400 702 1461 767 1118
1487 710 1537 767 881
1563 702 1709 768 cordium
1736 704 1883 786 cognitor
1909 712 1942 767 81
1974 705 2207 787 cogitat-ionum

291 794 341 854 23.
393 789 491 854 Hanc
520 795 629 853 autem
657 789 900 871 abrogationem
927 796 975 852 tot
1006 789 1085 854 locis
1113 789 1181 853 cvi·
1233 789 1379 852 omnium
1407 789 1566 853 conscius:
1602 811 1712 854 coram
1738 791 1808 871 ipsc
1835 789 1933 854 corda
1959 798 2072 854 nostra
2101 791 2207 856 effun-

205 879 320 943 denter
346 875 602 960 Ohrysostomus
631 881 784 952 18818181,
815 873 1181 956 constantinopolitanae
1233 873 1357 938 damus.
1408 873 1469 938 Ille
1499 882 1548 938 est
1570 875 1708 957 denique
1734 876 1791 957 qui
1817 881 2001 957 peccatores
2024 883 2133 941 vocat:
2164 877 2207 943 ad

201 974 235 1028 81
259 964 328 1045 1888
351 961 672 1044 8881881888188881,
695 961 942 1037 8181188811,
965 958 1182 1024 istosaudere
1232 960 1339 1041 ipsum
1366 959 1565 1026 accedamus.
1614 962 1791 1027 Peccatum
1816 981 1941 1038 meum,
1968 962 2075 1043 inquit
2095 962 2206 1028 David

204 1056 319 1116 contra
339 1049 468 1111 mutire.
514 1045 663 1126 Peccata,
686 1046 800 1127 inquit,
815 1045 839 1145 ¹)
862 1053 919 1110 tua
936 1046 1042 1124 dicito,
1065 1052 1103 1109 ut
1125 1044 1180 1109 dc·
1233 1045 1335 1128 (Psal.
1349 1048 1399 1123 32,
1418 1045 1461 1129 5),
1480 1049 1647 1130 cognitum
1664 1048 1722 1112 tibi
1743 1047 1815 1124 leci,
1837 1053 1871 1110 et
1886 1047 2081 1112 iniustitiam
2097 1069 2206 1113 meam

205 1136 274 1199 1888
295 1133 365 1213 1118;
393 1134 421 1196 81
450 1131 657 1197 confunderis
679 1131 776 1197 alicui
799 1131 904 1196 dicere
926 1152 1008 1213 quae
1029 1131 1179 1213 peccasti,
1232 1152 1298 1194 non
1326 1131 1494 1210 abscondi3
1523 1132 1607 1209 dixi,
1635 1132 1811 1198 confitebor
1838 1132 2013 1198 adversum
2039 1155 2092 1197 mo
2119 1134 2205 1198 iniu-

207 1221 304 1285 dicitc
332 1218 474 1301 quotidie
503 1239 542 1281 ea
568 1219 602 1281 in
631 1218 740 1281 anima
767 1224 838 1296 tua;
865 1239 932 1282 non
953 1217 1024 1282 dico
1046 1224 1084 1281 81
1104 1237 1180 1282 oon·
1232 1217 1355 1281 8111188
1380 1238 1489 1282 meam
1509 1219 1664 1283 Domino:
1693 1226 1726 1283 81
1753 1225 1789 1283 18
1817 1219 1971 1283 remisisti
1997 1219 2205 1302 iniquitatem

206 1306 330 1387 fitearis
352 1325 505 1369 conservo
528 1309 598 1380 tuo,
621 1304 677 1385 qui
699 1304 886 1384 exprobret3
914 1302 1011 1369 dicito
1032 1304 1104 1368 Deo
1126 1302 1181 1384 qui
1232 1302 1338 1368 cordis
1370 1304 1443 1367 mei.
1500 1303 1590 1369 'Palis
1622 1312 1671 1369 est
1703 1304 1806 1369 altera
1833 1305 1936 1386 ipsius
1963 1304 2102 1371 Davidis
2129 1327 2204 1370 con·

208 1399 302 1456 curat
329 1412 382 1468 ea;
409 1398 543 1472 peccata
570 1399 627 1470 188
654 1410 752 1471 88881
779 1397 919 1454 8118188
941 1391 1110 1467 confitere,
1143 1394 1182 1453 ut
1232 1388 1327 1453 fessio
1351 1388 1452 1472 (Psal.
1473 1393 1524 1467 51,
1545 1388 1594 1473 3):
1623 1392 1778 1455 miserere
1805 1391 1869 1453 mei
1890 1391 1996 1468 Deus,
2025 1390 2205 1456 secundum

206 1478 251 1541 ibi
280 1497 338 1541 888
364 1475 451 1540 8818
478 1473 620 1557 quotidie
648 1476 845 1539 conscientia
877 1483 935 1539 tua
962 1480 1178 1559 recognoscat
1231 1495 1387 1557 magnam
1424 1475 1679 1540 miscricordiam
1712 1483 1811 1540 tuam.
1867 1476 1957 1541 Palis
1989 1486 2022 1541 81
2054 1476 2205 1542 Danielis

206 1563 306 1626 Item:
321 1560 350 1646 2)
379 1583 466 1626 8888
496 1567 605 1625 88188
632 1581 736 1643 neque
764 1562 984 1625 necessarium
1009 1568 1060 1625 881
1085 1581 1179 1642 prae·
1232 1559 1276 1638 (9,
1298 1561 1346 1644 5):
1378 1561 1584 1643 peccavimus
1611 1562 1766 1639 Domine,
1794 1583 1947 1645 perverse
1968 1564 2108 1645 egimus,
2142 1563 2204 1627 im-

207 1648 351 1713 sentibus
377 1646 513 1711 testibus
540 1647 686 1712 confiteri
693 1670 701 1724 ;
734 1647 929 1729 cogitatione
957 1653 1014 1710 tua
1037 1647 1097 1710 fiat
1124 1645 1179 1710 de-
1231 1645 1368 1727 pietates
1400 1646 1550 1723 fecimus,
1585 1654 1618 1711 et
1643 1647 1781 1713 rebelles
1806 1648 1926 1713 fuimus
1959 1647 2151 1712 declinando
2184 1671 2205 1714 a

206 1735 356 1798 lictorum
378 1733 559 1814 exquisitio,
582 1733 653 1797 sine
674 1740 757 1797 18818
779 1732 821 1797 811
842 1732 904 1797 hoc
931 1731 1099 1796 iudicium:
1129 1752 1180 1796 so·
1231 1731 1394 1797 mandatis
1415 1733 1489 1797 tuis.
1534 1733 1579 1797 Et
1601 1733 1698 1811 aliae,
1726 1754 1809 1815 quac
1834 1734 1956 1816 passim
1978 1735 2013 1798 in
2035 1736 2204 1816 scripturis

205 1820 257 1884 lus
278 1820 370 1884 Deus
392 1825 424 1881 te
446 1819 655 1883 confitentem
677 1818 794 1883 videat.
839 1819 939 1882 Item:
955 1816 984 1901 1)
1006 1839 1071 1882 888
1091 1824 1123 1882 18
1144 1817 1180 1882 18
1221 1824 1414 1882 88881881.
1466 1815 1505 1882 Si
1542 1821 1734 1884 confitemur
1765 1828 1899 1901 peccata
1934 1831 2047 1884 888118
2084 1821 2204 1904 (inquit

205 1925 436 1970 conservorum
457 1909 590 1967 tuorum
611 1903 778 1968 theatrum
796 1903 887 1982 duco,
910 1924 977 1968 non
994 1903 1180 1968 hominibus
1231 1901 1386 1986 Ioannes)
1415 1904 1447 1987 (1
1469 1903 1558 1968 1888.
1581 1909 1608 1983 1,
1627 1904 1662 1988 9)
1687 1904 1793 1971 fidelis
1821 1913 1870 1970 cst
1890 1906 2067 1982 Dominus,
2094 1912 2131 1968 81
2152 1928 2203 1971 re·

204 1997 337 2072 peccata
365 1995 423 2053 tua
450 1988 601 2072 detegere
624 2011 717 2073 cogo:
747 1996 856 2071 repete
879 2010 989 2055 88188
1009 1990 1081 2054 Deo
1103 2010 1179 2054 con-
1231 1988 1340 2052 mittat
1361 1990 1454 2055 nobis
1475 1997 1607 2072 peccata
1628 2000 1749 2055 nostra.
1795 1989 1858 2056 Oui
1880 1990 2113 2056 confiteamur?
2141 1992 2204 2074 ipsi

203 2076 373 2140 seientiam
395 2081 500 2152 1888,
528 2083 562 2139 81
583 2075 710 2158 explica
717 2099 725 2152 ;
747 2075 880 2140 ostende
902 2076 1061 2153 Domino,
1084 2095 1179 2156 prac-
1231 2073 1367 2152 scilicet,
1396 2075 1457 2140 hoc
1485 2084 1548 2153 est,
1581 2076 1609 2140 81
1637 2077 1756 2142 afflicto
1779 2083 1812 2140 et
1838 2076 2010 2141 humiliato
2033 2076 2204 2142 88111888-

204 2161 402 2226 stantissimo
424 2160 561 2237 medico,
584 2168 641 2224 tua
662 2161 815 2237 vulnera,
839 2171 872 2225 81
892 2167 968 2243 8818
988 2162 1028 2226 ab
1051 2182 1088 2225 eo
1109 2181 1178 2225 me·
1230 2180 1303 2223 ram
1322 2162 1392 2242 ipso
1413 2160 1633 2243 procidamus,
1662 2163 1689 2225 si
1712 2162 1799 2244 apud
1820 2163 1928 2245 ipsum
1949 2183 2008 2227 nos
2031 2184 2073 2226 cx
2094 2163 2204 2228 animo

205 2247 438 2324 dicamentum;
468 2245 600 2310 ostende
633 2248 663 2310 81
695 2248 750 2329 qui
783 2247 866 2310 nihil
899 2248 1086 2331 opprobret,
1122 2245 1178 2310 sed
1231 2253 1421 2310 accusantes
1442 2258 1476 2311 81
1497 2246 1689 2312 damnantes
1709 2249 1853 2312 bonitate
1874 2249 1944 2312 eius
1967 2257 2000 2311 81
2021 2249 2203 2314 misericor·

204 2331 438 2396 humanissime
464 2339 563 2397 88181.
616 2334 714 2397 Item:
729 2332 759 2416 ⁴)
787 2343 880 2398 cave*
894 2333 1018 2397 homini
1047 2333 1177 2409 dixeris,
1230 2330 1285 2395 dia
1307 2332 1429 2398 absolvi
1452 2345 1610 2415 petamus.

203 2439 246 2481 88
271 2417 330 2481 tibi
360 2418 546 2499 opprobret3
580 2440 685 2500 neque
712 2420 801 2483 enim
829 2440 985 2485 conservo
1007 2425 1057 2483 est
1078 2419 1178 2483 confi·
1318 2422 1368 2481 25.
1414 2417 1481 2499 Qui
1508 2420 1673 2483 animost
1698 2439 1808 2484 88188
1829 2418 1901 2482 Deo
1923 2418 2008 2483 hanc
2030 2419 2203 2485 confessio·

203 2502 347 2579 tendum,
370 2504 478 2585 quiin
500 2504 666 2585 publicum
687 2505 845 2587 proferat,
869 2503 927 2569 sed
948 2505 1100 2582 Domino,
1123 2505 1178 2587 qui
1231 2525 1308 2568 nem
1334 2503 1504 2586 amplexus
1533 2505 1648 2581 188111,
1677 2503 1810 2568 habebit
1835 2502 1926 2567 haud
1955 2503 2051 2568 dubie
2080 2512 2113 2567 81
2139 2504 2202 2569 lin·

201 2590 250 2652 tui
277 2610 389 2654 curam
417 2590 516 2672 gerit,
548 2599 581 2653 81
610 2592 666 2672 qui
691 2590 855 2655 humanus
883 2599 933 2655 est
963 2599 997 2654 et
1022 2589 1176 2667 medicus,
1220 2610 1330 2673 guam
1353 2589 1394 2654 ad
1416 2592 1650 2657 confessionem
1670 2596 1834 2672 paratam,
1856 2589 1981 2672 quoties
2003 2611 2084 2672 cpus
2105 2591 2204 2656 firerit

201 2673 335 2739 ostende
364 2674 510 2739 vulnera.
559 2678 680 2741 Postea
707 2677 887 2742 Dominum
918 2676 965 2741 ita
992 2676 1177 2759 loquentem
1231 2674 1317 2758 apud
1339 2675 1487 2741 homines
1508 2677 1573 2741 Dei
1594 2672 1853 2752 misericordiam
1871 2674 2074 2757 praedicare,
2098 2697 2203 2758 neque

182 2760 339 2825 inducit:
368 2782 435 2825 non
457 2781 536 2843 cogo
563 2763 652 2826 1818
678 2762 824 2826 medium
851 2762 981 2845 prodire
1001 2762 1176 2838 theatrum,
1231 2767 1360 2824 tanturn
1382 2769 1421 2825 ut
1441 2763 1508 2840 uni,
1531 2767 1564 2826 81
1585 2763 1694 2839 881881,
1717 2768 1751 2825 81
1769 2762 1805 2824 18
1829 2781 1950 2839 aurem,
1974 2759 2080 2825 cordis
2098 2782 2204 2826 88818-

202 2868 240 2911 88
267 2846 386 2910 881188
415 2846 569 2912 adhibere
592 2854 704 2913 testes:
738 2849 820 2912 mihi
848 2847 907 2913 soli
930 2848 983 2913 dic
1009 2854 1177 2930 peccatum
1231 2854 1302 2909 tum
1335 2847 1533 2926 insusurret,
1563 2847 1620 2913 sed
1647 2848 1791 2930 saepius,
1820 2846 1878 2911 sed
1905 2845 2027 2929 palam,
2057 2845 2115 2910 sed
2136 2852 2204 2912 toto

203 2939 296 2995 tuum
317 2933 486 3013 privatim,
509 2940 546 2997 81
566 2956 680 2999 sanem
701 2936 803 3000 ulcus.
848 2935 1046 2999 Dicemusne
1069 2933 1178 3017 0188-
1230 2932 1307 2996 orbe
1325 2931 1487 3012 audiente,
1506 2935 1647 3017 ingenue
1665 2941 1698 2998 81
1715 2955 1809 2998 88818
1825 2939 2061 3016 paupertatem,
2084 2938 2118 2996 81
2134 2932 2204 2996 Do-

202 3027 380 3081 scstomum
402 3038 440 3082 co
460 3020 613 3102 progredi
633 3022 834 3100 temeritatis,
857 3042 958 3102 quum
979 3021 1060 3085 haec
1081 3026 1113 3083 81
1134 3020 1177 3083 si·
1230 3018 1312 3081 mini
1343 3020 1622 3101 magnificentiam
1654 3026 1892 3084 commemoret
1942 3018 1983 3082 In
2012 3018 2101 3083 hunc
2134 3039 2203 3082 mo·

201 3102 293 3165 milia
321 3103 446 3181 scribit,
475 3111 512 3168 ut
540 3108 754 3173 conscientias
783 3108 954 3172 hominum
981 3106 1097 3171 liberet
1125 3104 1177 3169 his
1231 3088 1325 3182 1188,1
1345 3125 1447 3186 quum
1468 3104 1580 3169 David
1602 3103 1776 3170 aNathan
1798 3111 2007 3189 argueretur,
2036 3104 2203 3170 conscien-

202 3187 341 3254 vinculis
364 3188 479 3269 quibus
502 3190 613 3262 divina
630 3193 703 3276 lege
720 3192 1010 3275 constringrmtur?
1040 3191 1178 3255 Minimo
1229 3190 1294 3253 tiae
1322 3188 1433 3255 aculeo
1459 3196 1600 3272 punctus
1621 3198 1790 3273 peccatum
1812 3199 1845 3256 81
1871 3211 1981 3256 coram
2002 3190 2074 3253 Deo
2096 3196 2129 3254 81
2150 3211 2202 3255 eo·

203 3294 290 3338 vcro.
320 3271 387 3337 Sed
406 3275 491 3355 quod
509 3277 574 3341 Dei
591 3279 690 3344 verbo
707 3278 861 3362 intelligit
882 3299 1089 3360 nequaquam
1106 3296 1177 3341 8888
1230 3279 1302 3339 ram
1323 3275 1510 3340 hominibus
1531 3277 1715 3342 confitetur.
1755 3276 1904 3354 Peccavi,
1928 3276 2035 3357 inquit
2058 3276 2091 3357 (2
2111 3274 2201 3340 Sam.

199 3359 451 3441 praescriptum,
479 3363 610 3446 erigere
642 3387 701 3430 888
728 3364 947 3430 necessarium
977 3384 1043 3428 non
1070 3361 1176 3428 audet.
1233 3362 1373 3443 1813),
1406 3361 1566 3437 Domino,
1596 3361 1750 3441 1188881,
1781 3364 1848 3426 iam
1875 3361 2114 3439 8111188888,
2137 3380 2204 3426 non

288 3449 338 3507 24.
384 3444 512 3510 Verum
533 3457 571 3512 ut
599 3472 652 3516 188
684 3458 751 3516 1818
776 3451 905 3534 8188181
933 3456 966 3514 81
998 3448 1178 3531 expeditior
1229 3447 1441 3530 tergiversor,
1463 3448 1643 3596 88881888
1670 3455 1872 3531 peccatorem
1898 3468 1951 3510 me
1978 3467 2091 3510 omncs
2117 3445 2203 3510 iudi-

203 3531 440 3613 1181,811888
462 3532 633 3600 bonafide
655 3537 846 3615 referemus,
870 3535 1080 3619 quodgenus
1102 3555 1177 3598 con-
1229 3542 1317 3610 cent,
1346 3541 1379 3596 81
1399 3554 1462 3614 quo
1512 3533 1596 3598 8188
1620 3535 1762 3599 Domino
1790 3555 1860 3598 esse
1886 3532 1988 3609 volui,
2017 3531 2204 3596 hominibus

202 3617 350 3681 fessionis
371 3617 472 3681 verbo
493 3619 557 3683 Dei
574 3622 666 3686 nobis
684 3622 839 3686 traditum
858 3624 914 3699 sit;
938 3621 1053 3685 deinde
1072 3628 1105 3684 et
1124 3640 1177 3683 eo·
1229 3639 1354 3700 quoque
1376 3619 1455 3700 ipsis
1475 3621 1618 3701 patefiat.
1653 3619 1816 3683 Arcanum
1837 3639 1906 3702 erpo
1928 3618 2020 3682 illam
2042 3617 2204 3697 confessio·

202 3724 276 3766 rum
309 3712 493 3767 commenta
534 3704 574 3769 de
613 3709 812 3773 confessione
852 3708 1072 3772 subiiciemus:
1110 3727 1177 3770 non
1228 3724 1313 3781 888,
1336 3725 1414 3784 quac
1434 3704 1570 3786 1188111,
1600 3706 1741 3786 88881188
1760 3704 1937 3768 8818818818
1959 3704 2046 3785 epod
2066 3702 2204 3769 18881888

202 3788 333 3870 quidem
366 3789 475 3853 omnia
509 3790 595 3874 (quis
624 3794 710 3857 enim
744 3796 941 3859 immensum
972 3792 1054 3857 illud
1086 3813 1177 3856 mare
1228 3790 1392 3870 confessio,
1419 3792 1536 3871 quoties
1562 3792 1597 3857 id
1617 3792 1665 3855 uel
1685 3791 1810 3855 11181888
1828 3790 1961 3873 gloriae,
1987 3787 2204 3855 8811881118-

203 3872 1177 3962 8118811811)88188188181,8811888888888888
1228 3875 1322 3940 tionis
1342 3880 1464 3942 8881888
1483 3877 1616 3942 interest.
1659 3875 1731 3941 Hac
1751 3876 1869 3941 ratione
1888 3874 2025 3939 instituit
2045 3873 2204 3940 11888188

202 3961 412 4025 confessionis
440 3963 709 4045 complectuntur.
758 3966 834 4031 Non
862 3966 916 4031 hic
944 3984 1176 4030 commemora·
1229 3961 1326 4046 (Lar.
1349 3965 1396 4038 16,
1416 3961 1472 4046 22)
1495 3964 1570 4028 olim
1592 3964 1627 4026 iu
1642 3963 1761 4045 888818
1782 3962 1959 4039 israelitico,
1982 3965 2017 4024 ut
2033 3965 2203 4042 8188818118

201 4066 286 4122 188,
316 4045 487 4128 vulgatum
515 4071 585 4118 8888
611 4051 647 4113 18
674 4051 786 4117 multis
814 4053 993 4134 scripturae
1019 4050 1175 4133 partibus,
1228 4047 1320 4112 8818
1336 4048 1490 4113 saedere
1503 4048 1642 4131 populus
1659 4069 1738 4113 8888
1754 4048 1933 4128 iniquitates
1948 4047 2063 4128 88188
2079 4047 2114 4110 in
2130 4051 2201 4111 tern-

201 4131 435 4195 confcssioncm
461 4155 520 4216 pro
542 4135 638 4199 laude
661 4139 776 4219 accipi,
805 4140 868 4203 nisi
895 4136 975 4203 adeo
998 4158 1053 4201 cos
1074 4134 1175 4217 depu·
1222 4134 1278 4214 plo
1305 4134 1501 4214 8881888188.
1546 4134 1709 4215 Siquidem
1735 4133 1789 4198 boe
1810 4133 2038 4198 8881888188
2059 4132 2127 4197 illia
2147 4151 2202 4196 88·

201 4216 332 4293 duisset,
355 4225 393 4279 81
414 4218 534 4284 talibus
556 4241 682 4303 quoque
703 4222 781 4288 locis
803 4246 837 4288 se
859 4225 1066 4288 instruerent.
1108 4221 1175 4285 Ve-
1227 4220 1398 4284 8888881881
1419 4239 1485 4284 esse
1499 4221 1689 4303 8888818181,
1712 4240 1771 4301 888
1788 4219 2002 4301 8888881888
2018 4217 2130 4282 melius
2146 4216 2202 4280 ad·

199 4302 260 4366 luti
293 4322 393 4384 quum
422 4301 548 4383 dicunt,
582 4307 817 4373 confessionem
843 4308 953 4374 valere
980 4307 1023 4372 ad
1055 4306 1175 4371 888118
1226 4305 1388 4370 amam
1415 4306 1458 4370 ad
1484 4307 1604 4371 iustam
1629 4308 1682 4371 aui
1709 4306 1950 4388 recognitiones.
1999 4303 2044 4367 Et
2069 4320 2202 4381 8888881

199 4386 452 4467 iucunditatem,
480 4391 573 4455 18118
605 4393 701 4457 illud:
734 4395 771 4457 in
800 4415 876 4461 voce
904 4392 1114 4458 exultationis
1142 4399 1176 4456 81
1227 4396 1280 4469 881,
1302 4393 1503 4470 cimmerius
1523 4397 1645 4457 8881888
1664 4393 1849 4474 8811888188
1870 4391 2032 4456 caecam
2053 4406 2089 4451 88
2109 4388 2200 4455 8188

201 4473 410 4538 confessionis
439 4475 541 4559 (Psal
560 4481 612 4556 42,
633 4478 676 4562 5).
715 4479 812 4544 Hunc
845 4501 922 4564 ergo
956 4479 1175 4561 acceptionem
1225 4477 1396 4542 ricordiom
1421 4476 1485 4542 Dei
1511 4479 1610 4543 888111
1638 4479 1719 4542 inter
1745 4498 1801 4542 uos
1827 4483 1856 4542 81
1875 4496 1979 4541 coram
2005 4472 2200 4538 1818188818

200 4559 373 4623 observent
406 4560 582 4643 simplices,
622 4571 655 4628 ct
692 4565 749 4629 dili
773 4571 865 4629 88181
898 4566 938 4630 ab
970 4564 1027 4627 1118
1059 4563 1174 4628 distin·
1226 4562 1426 4628 illustrantia.

200 4652 318 4728 guant,
345 4666 387 4708 ne
415 4647 477 4711 sibi
503 4648 621 4715 talibus
642 4651 752 4716 sucis'
780 4650 908 4715 udatur.
953 4651 1005 4715 Dc
1027 4655 1174 4732 peccato·
1313 4653 1363 4712 211.
1408 4649 1478 4714 Hoc
1497 4670 1568 4714 uero
1584 4649 1742 4731 8888118811
1761 4668 1858 4732 peaes
1875 4653 1902 4712 81
1919 4644 2118 4709 ordinarium
2135 4663 2200 4710 cese

199 4752 274 4794 rum
303 4730 504 4797 confessione
537 4735 583 4799 sic
617 4736 718 4802 docet.
769 4735 908 4816 Quando
935 4735 1097 4800 Dominus
1125 4741 1175 4799 881
1226 4734 1261 4796 ia
1288 4736 1415 4800 ecclesia
1443 4737 1593 4815 88888811,
1622 4740 1650 4801 81
1677 4741 1748 4799 1888
1773 4739 1860 4798 estro
1880 4731 2020 4798 ordinem
2040 4730 2200 4814 81888181

199 4817 255 4898 qui
283 4824 416 4899 peccata
443 4820 594 4900 remittit,
623 4823 838 4901 obliviscitur,
867 4821 967 4886 delet:
997 4820 1073 4885 huic
1099 4841 1174 4902 pec·
1226 4820 1313 4884 88118
1338 4823 1505 4903 usurpari,
1535 4823 1565 4887 si
1591 4822 1715 4902 quando
1736 4820 1891 4902 88881881
1919 4817 2072 4880 8888881
2094 4816 2200 4897 aliquo

199 4910 272 4966 eata
301 4909 416 4995 nostra
452 4908 679 4987 confiteamur,
717 4917 755 4973 81
792 4909 923 4974 veniam
961 4906 1173 4971 obtineamus.
1226 4904 1334 4969 11811818
1350 4906 1503 4990 ,8118181881
1523 4907 1686 4991 8881188811.
1700 4906 1724 4989 ¹)
1754 4903 1809 4970 Sic
1831 4912 1864 4968 et
1885 4902 2027 4968 solennis
2047 4903 2105 4967 illa
2122 4923 2199 4968 con·

269 5125 296 5190 l)
320 5124 419 5177 Η8811.
438 5125 462 5177 2.
488 5127 515 5179 in
539 5129 610 5181 Psul.
628 5126 671 5183 50.
757 5130 788 5196 2)
812 5130 897 5183 Serm.
918 5129 955 5181 'de
979 5128 1127 5196 poenitent.
1147 5133 1175 5179 et
1600 5153 1605 5168 ι

198 5193 310 5246 confess.
410 5194 441 5261 3)
464 5195 607 5250 1188115,
633 5199 666 5250 dc
690 5198 922 5267 1888881811.Βοί
947 5207 1055 5259 natura,
1080 5203 1175 5249 contra
1296 5196 1326 5264 1)
1344 5197 1399 5250 Ed.
1418 5196 1588 5268 1818188
1611 5197 1697 5248 Η8188
1720 5195 1829 5247 secundi
1851 5196 1958 5264 generis
1982 5197 2134 5264 exemplum
2152 5195 2198 5249 ha·

197 5262 361 5317 Ancnroeos.
441 5263 471 5329 4)
490 5267 589 5319 Η8811.
608 5267 634 5320 4.
653 5268 686 5320 dc
704 5270 814 5321 Lazaro.
1227 5266 1321 5319 bemus
1339 5267 1366 5319 in
1385 5267 1487 5320 88188111
1506 5267 1553 5318 1118
1571 5264 1746 5318 consessione.
