4770 6030
193 342 265 421 ro
696 312 698 316 ”
837 335 1103 403 marmeno
1125 337 1229 403 aaa.
1254 333 1434 402 enarer.
1461 316 1639 423 aaa,
1964 379 1966 383 -
2156 338 2199 402 ao

128 592 130 602 ,
192 535 221 594 4.
245 530 318 595 Act.
339 527 410 612 23);
444 535 539 608 atque
566 526 601 590 hi
626 525 772 608 quidem,
805 526 861 608 qui
889 533 986 590 antea
1013 527 1083 591 vita
1111 525 1166 590 de-
1191 534 1194 593 Ι
1218 525 1378 613 promissa
1410 524 1493 588 fides
1520 524 1665 590 credidit.
1720 524 1773 588 Ita
1795 524 1880 590 fides
1907 525 2017 589 Deum
2046 547 2197 591 veracem

192 614 296 682 iuneti
322 615 460 690 fuerint,
489 633 621 677 carnem
644 633 737 676 suam
759 613 931 693 recipiant,
959 613 1028 676 sive
1052 633 1072 676 a
1093 633 1166 678 ver·
1219 610 1330 690 credit,
1354 631 1427 692 spes
1449 618 1608 692 expectat,
1631 619 1669 674 ιιι
1689 611 1724 674 ιιι
1745 611 1900 693 temporis
1921 612 2088 676 occasione
2111 614 2197 677 reri-

191 703 299 767 mibus
325 719 455 765 corrosa
484 699 595 775 tuerit,
625 698 753 762 sivein
776 704 865 761 terra
887 698 1064 780 putruerit,
1098 698 1167 764 sive
1218 704 1321 761 tatem
1349 717 1443 760 suam
1469 696 1631 763 exhibeat
1682 695 1782 761 Fides
1809 696 1912 761 credit
1932 698 2025 762 nobis
2045 719 2116 762 esse
2138 720 2196 781 pa-

190 789 225 852 in
247 787 371 852 cineres
393 783 540 862 redacta,
569 784 638 848 sive
661 783 724 847 alio
743 783 857 865 quovis
883 783 979 847 modo
1002 783 1165 865 dissipata.
1219 789 1317 860 nem,
1347 803 1421 864 spes
1443 788 1608 863 expectat,
1641 791 1679 846 ιιι
1700 803 1737 854 se
1762 782 1862 846 talem
1883 804 1962 865 erga
1986 805 2046 848 nos
2066 805 2196 867 semper

191 871 258 952 Qui
284 891 362 936 vero
390 877 467 935 tunc
494 870 684 952 superstites
712 869 930 951 reperientur,
961 890 1038 933 suae
1068 870 1168 933 etiam
1220 877 1326 951 gerat;
1347 867 1429 932 fides
1446 866 1557 932 datam
1574 869 1667 933 nobis
1684 869 1787 933 vitam
1804 878 1970 932 aeternam
1988 869 2098 945 credit,
2121 892 2194 953 spes

188 958 297 1022 carnis
318 957 557 1038 corruptionem
579 960 715 1032 exuant,
743 975 856 1018 omnes
885 956 993 1019 subita
1014 955 1167 1018 immuta-
1219 960 1378 1036 expectat,
1402 953 1629 1036 utaliquando
1647 954 1826 1031 reveletur3
1847 953 1928 1019 fides
1945 954 2195 1022 fundamentum

165 1040 168 1046 “
190 1044 277 1107 tione
296 1044 332 1106 in
353 1049 506 1106 naturam
527 1040 747 1105 immortalem
768 1047 946 1117 transeant,
969 1041 1015 1123 pii
1036 1040 1168 1122 quidem
1220 1046 1282 1117 est,
1311 1041 1363 1104 cui
1390 1060 1463 1121 spes
1489 1041 1662 1118 incumbit,
1690 1061 1764 1122 spes
1785 1039 1885 1104 fidem
1907 1040 1965 1104 alit
1987 1062 2024 1106 ae
2047 1044 2193 1108 sustinet.

189 1130 225 1193 in
253 1129 390 1213 gloriam
415 1128 516 1206 vitae,
550 1126 679 1210 reprobi
710 1128 745 1190 in
778 1127 892 1191 mortis
925 1127 1168 1190 damnationem
1219 1126 1307 1189 Nam
1337 1132 1374 1189 ιιι
1406 1132 1579 1208 expectare
1607 1147 1627 1190 a
1654 1127 1726 1191 Deo
1751 1147 1847 1189 nemo
1876 1125 2052 1209 quidquam
2078 1140 2192 1210 potest,

191 1214 326 1300 (Matth.
347 1218 411 1298 25).
1220 1213 1283 1276 nisi
1305 1212 1360 1294 qui
1380 1213 1471 1294 prius
1494 1212 1563 1275 eius
1591 1213 1758 1295 promissis
1780 1211 1967 1290 crediderit3
1994 1214 2041 1277 ita
2062 1236 2195 1280 rursum

278 1299 450 1366 Credimus
477 1305 640 1380 postremo
671 1299 773 1363 vitam
799 1305 979 1376 aeternam,
1014 1297 1076 1363 hoc
1103 1305 1165 1362 est:
1219 1296 1296 1361 fidei
1315 1305 1445 1362 nostrae
1467 1296 1731 1376 imbecillitatem,
1755 1319 1796 1362 ne
1819 1297 1917 1362 velut·
1930 1299 2015 1363 fessa
2035 1299 2192 1378 concidat,

190 1388 353 1464 futruum,
385 1392 423 1448 ut
454 1392 526 1448 tum
554 1405 629 1448 suos
656 1384 818 1448 Dominus
845 1404 978 1466 corpore
1003 1390 1037 1448 et
1058 1384 1168 1448 anima
1220 1383 1373 1449 sustineri
1395 1403 1433 1447 ac
1449 1383 1560 1460 foveri,
1583 1384 1746 1466 patienter
1763 1382 1923 1466 sperando
1941 1392 1974 1460 et
1992 1387 2193 1467 expectando

191 1461 386 1556 glorificatos
415 1472 450 1534 in
476 1469 712 1535 beatitudinem
733 1470 886 1551 accipiat,
916 1470 985 1533 sine
1005 1471 1072 1533 fine
1093 1490 1166 1551 per·
1218 1475 1352 1552 oportet.
1396 1469 1449 1533 De
1470 1469 1605 1534 caritate
1632 1469 1735 1533 nihilo
1758 1477 1808 1533 est
1829 1469 1997 1535 obscurius
2018 1493 2193 1554 argumen-

191 1566 367 1634 staturam,
396 1565 491 1621 extra
509 1577 640 1620 omnem
663 1556 853 1620 mutationis
875 1562 932 1620 aut
953 1556 1167 1637 corruptionis
1218 1562 1297 1618 tum
1343 1553 1429 1618 Cum
1449 1555 1536 1618 enim
1558 1553 1639 1618 fides
1657 1554 1827 1619 Christum
1850 1555 2065 1636 amplectatur
2082 1568 2119 1621 ut
2136 1581 2194 1624 no-

124 1715 128 1722 ,
191 1651 326 1723 sortem;
354 1664 437 1725 quae
461 1664 541 1706 vera
567 1643 630 1706 erit
655 1640 820 1723 solidaque
847 1642 883 1704 in
903 1642 1022 1718 vitam,
1051 1640 1165 1720 lucem,
1219 1641 1268 1705 bis
1290 1640 1426 1704 offertur
1448 1647 1595 1721 epatre,
1623 1640 1679 1704 ille
1700 1661 1779 1705 vero
1804 1662 1871 1704 non
1897 1640 1992 1705 modo
2015 1644 2058 1706 sit
2079 1646 2194 1710 remis·

191 1730 350 1795 iustitiam
371 1728 539 1810 perfectio,
568 1749 643 1793 cum
664 1726 925 1809 inseparabiliter
945 1727 1088 1791 Domino
1110 1726 1167 1791 ad·
1219 1727 1275 1802 sio,
1298 1727 1434 1803 iustitia,
1461 1746 1541 1807 pax,
1569 1734 1602 1791 et
1622 1725 1841 1791 reconciliatio
1863 1726 1949 1810 apud
1970 1735 2112 1809 patrem,
2135 1731 2193 1796 sed

192 1813 408 1891 haerebimus,
431 1815 487 1896 qui
507 1835 629 1890 earum,
652 1813 743 1877 velut
764 1813 835 1877 foris
852 1813 1076 1891 inexhaustus,
1098 1813 1167 1894 ple·
1218 1813 1317 1877 etiam
1338 1812 1549 1876 sanctificatio
1577 1819 1611 1876 et
1638 1813 1709 1876 fons
1737 1832 1840 1894 aquae
1860 1813 1970 1890 rivae,
1998 1814 2130 1881 indubie
2156 1818 2192 1882 in

192 1900 376 1967 nitudinem
397 1901 432 1963 in
454 1921 489 1964 se
506 1901 650 1964 eontinet
668 1897 701 1983 (1
723 1897 796 1963 Cor.
819 1897 882 1983 15).
913 1898 976 1962 Illa
996 1920 1074 1963 vero
1091 1899 1167 1962 bea-
1219 1920 1256 1962 eo
1289 1898 1459 1962 caritatem
1495 1899 1616 1978 reperit
1652 1918 1736 1980 quae
1767 1896 1889 1962 donum
1919 1909 1971 1962 ‘est
2002 1906 2036 1963 et
2067 1901 2192 1969 fnrctus

192 1986 306 2067 titudo,
329 2007 468 2069 regnum
491 1986 553 2049 erit
569 1985 643 2062 Dei,
665 1985 754 2047 omni
771 1984 927 2061 claritate,
951 1983 1078 2067 gaudio,
1099 1986 1167 2048 rir-
1236 2011 1262 2062 p.
1276 1981 1351 2069 154]
1376 1984 1509 2065 spiritus
1535 1984 1639 2048 sancti
1667 2004 1811 2065 opusque
1838 1984 1907 2049 eius
1929 1987 2193 2055 sanctificationis

191 2080 271 2151 tute,
294 2072 466 2137 foelicitate
494 2071 662 2135 refertum:
690 2070 787 2134 rebus
809 2071 850 2134 ab
877 2070 1046 2134 hominum
1069 2093 1168 2135 sensu
1235 2069 1309 2135 Cal.
1330 2069 1374 2154 5).
1414 2068 1482 2146 En,
1506 2076 1543 2132 ut
1564 2090 1637 2151 spes
1660 2076 1693 2133 et
1714 2070 1833 2134 caritas
1854 2090 1897 2134 ex
1917 2069 1982 2135 fide
2004 2073 2118 2138 ambae
2135 2095 2193 2156 pa

191 2180 279 2224 nuno
300 2157 524 2222 remotissimis
546 2162 579 2221 et
600 2177 689 2238 quas,
710 2164 748 2218 ut
768 2155 893 2220 Paulus
916 2157 961 2220 ait
983 2155 1014 2237 (l
1030 2154 1104 2220 Cor.
1121 2156 1165 2235 2),
1219 2157 1299 2219 riter
1327 2162 1504 2219 nascantur
1530 2177 1575 2219 ac.
1593 2155 1801 2237 proveniant,
1829 2156 1922 2237 eique
1950 2156 2120 2223 individua
2141 2181 2194 2226 eo-

191 2249 253 2310 nec¹
274 2245 362 2308 auris
384 2242 517 2321 audivit,
540 2263 600 2306 nee
622 2241 733 2306 oculus
755 2240 846 2320 vidit,
869 2263 929 2306 neo
951 2263 1044 2305 mens
1061 2242 1166 2305 homi-
1218 2241 1295 2323 pula
1321 2240 1492 2305 adiunctae
1522 2240 1730 2323 aduersaeque
1757 2241 1830 2305 sint.
1879 2241 1993 2324 Neque
2020 2251 2131 2309 tamen
2154 2246 2194 2312 de

190 2333 243 2395 nis
263 2331 415 2413 percepit.
460 2327 599 2404 Contra,
626 2328 719 2410 impii
741 2349 778 2392 ac
799 2327 937 2409 reprobi,
961 2328 1167 2409 qui'sineera
1218 2328 1352 2392 caritate
1369 2325 1631 2404 existimandum,
1654 2326 1740 2408 quod
1761 2326 1802 2390 de
1820 2348 1876 2410 spe
1893 2349 1998 2409 nuper
2015 2328 2192 2412 docuimus,

190 2416 256 2480 fide
272 2417 382 2481 Deum
398 2437 465 2478 non
483 2413 681 2496 quaesierint
702 2435 739 2478 ae
757 2413 923 2491 coluerint,
946 2412 1075 2495 quando
1093 2413 1166 2477 nul-
1218 2434 1334 2495 nempe
1356 2412 1442 2494 quod
1462 2434 1522 2494 per
1543 2434 1616 2476 eam
1637 2413 1815 2490 nutriatur,
1838 2421 2048 2479 conservetur
2069 2437 2107 2482 ac
2128 2425 2195 2483 sta·

190 2501 258 2566 lam
285 2502 320 2565 in
341 2501 413 2565 Deo
437 2497 477 2585 [p.
493 2497 566 2585 152]
592 2520 629 2563 ac
651 2520 752 2581 regno
774 2501 843 2563 eius
872 2507 1000 2580 partem
1022 2500 1166 2564 habituri
1218 2499 1350 2563 biliatur
1377 2497 1472 2575 fides3
1501 2497 1660 2580 siquidem
1692 2497 1727 2562 id
1749 2499 1824 2580 spei‘
1844 2500 2012 2581 proprium
2032 2508 2096 2580 est,
2118 2506 2196 2586 quia

191 2595 277 2666 sunt,
297 2588 333 2650 in
351 2594 517 2650 aeternam
536 2592 675 2648 mortem
695 2605 771 2649 cum
788 2584 923 2650 diabolis
941 2585 1165 2664 coniicientur;
1219 2585 1297 2648 dum
1317 2585 1353 2647 in
1375 2583 1502 2647 silentio
1524 2596 1557 2648 ct
1583 2585 1740 2665 patientia
1766 2585 1947 2649 Dominum
1968 2594 2131 2669 expectat,
2153 2591 2194 2654 fi-

190 2683 229 2738 ut
250 2681 344 2738 extra
369 2692 465 2736 omne
492 2670 662 2754 gaudium,
691 2671 847 2734 virtutem
868 2682 902 2734 et
923 2677 1051 2735 caetera
1072 2673 1165 2754 regni
1218 2670 1293 2735 dem
1314 2671 1472 2748 continet,
1500 2691 1542 2734 ne
1563 2671 1702 2734 nimium
1722 2670 1866 2750 festinet,
1889 2678 1923 2735 et
1942 2673 2128 2753 confirmat,
2151 2698 2194 2741 ne

191 2759 338 2824 eoelestis
360 2758 453 2836 bona,
477 2757 617 2821 aeternis
635 2756 786 2833 tenebris,
810 2763 1003 2837 aeternoque
1021 2757 1167 2840 cruciatu
1217 2755 1348 2821 vacillet
1386 2763 1443 2819 aut
1481 2757 1621 2820 haesitet
1664 2755 1704 2820 de
1740 2755 1806 2821 fide
1842 2758 2093 2839 promissionum
2129 2761 2195 2827 Dei

192 2843 352 2921 damuati,
380 2864 493 2906 verme
517 2841 694 2906 immortali
722 2840 931 2918 arrodantur,
961 2850 995 2905 et
1021 2843 1089 2925 igni
1113 2864 1165 2906 ar-
1218 2841 1295 2926 (Ies.
1317 2840 1382 2925 28).

192 2929 290 2994 deaut
310 2928 551 3012 inextinguibili
573 2925 707 3010 (Matth.
727 2931 776 2990 22.
800 2928 862 2992 Ies.
881 2927 938 2990 ult.
959 2928 1062 2992 Marc.
1083 2928 1126 3012 9).
1304 2929 1419 3010 Longe
1441 2926 1570 2991 diversa
1591 2927 1735 2991 caritatis
1754 2928 1845 3004 ratio,
1868 2949 1951 3010 quae
1971 2929 2055 2994 nihil
2076 2931 2197 2997 horum

278 3016 329 3080 Ac
356 3016 402 3078 sic
430 3012 561 3096 quidem
589 3013 722 3078 credere
748 3020 781 3077 et
808 3020 994 3078 sauctorum
1022 3035 1166 3079 commu-
1219 3014 1318 3078 habet
1347 3012 1460 3077 simile.
1512 3010 1578 3093 Qui
1605 3012 1710 3077 solent
1735 3013 1909 3078 obtrudere
1931 3015 2017 3097 quod
2038 3017 2085 3080 ait
2105 3017 2196 3083 Pau·

190 3102 330 3177 nionem,
354 3107 387 3162 et
407 3105 613 3180 peccaterum
633 3100 856 3164 remissionem
878 3106 911 3162 et
928 3099 1035 3163 carnis
1058 3121 1166 3164 resur·
1217 3100 1269 3164 lus
1292 3100 1324 3183 (l
1346 3098 1419 3162 Cor.
1442 3097 1521 3182 13);Ι
1544 3098 1680 3180 siquis,
1703 3099 1838 3176 scilieet,
1861 3121 1992 3165 omnem
2012 3100 2112 3166 fidem
2134 3104 2195 3168 ha·

135 3222 137 3227 ·
192 3181 382 3263 rectionem,
412 3194 445 3247 et
465 3185 568 3249 vitam
590 3192 757 3248 aeternam
779 3185 944 3263 convenit3
971 3192 1008 3249 ut
1035 3184 1075 3249 de
1097 3186 1166 3250 Do-
1217 3187 1301 3264 beat,
1324 3191 1362 3248 ut
1382 3192 1509 3248 montes
1529 3184 1714 3263 transierat,
1737 3165 1906 3249 caritatem
1924 3194 2034 3251 autem
2050 3210 2116 3253 non
2135 3189 2196 3254 ha-

191 3272 272 3336 mini
299 3271 443 3336 bonitate
470 3270 595 3347 confisi,
624 3278 711 3335 certe
741 3277 936 3349 statuamus,
970 3271 1051 3336 haec
1073 3272 1166 3335 nobis
1217 3273 1307 3348 beat,
1337 3292 1413 3334 eum
1434 3269 1518 3333 nihil
1539 3291 1624 3348 esse;
1652 3290 1715 3351 quo
1737 3271 1903 3347 evincant,
1930 3271 2030 3338 fidem
2051 3274 2196 3357 aliquam

191 3379 267 3423 oum
290 3356 449 3438 omnibus
478 3356 598 3419 sanctis
632 3362 789 3420 eventura
821 3356 937 3420 omnia.
987 3356 1096 3439 Atque
1128 3365 1166 3421 ut
1217 3359 1299 3423 citra
1320 3357 1490 3422 caritatem
1511 3355 1641 3432 haberi,
1670 3376 1768 3437 quam
1789 3357 1851 3438 ipsi
1872 3358 2045 3422 informem
2066 3368 2194 3436 vocant,

191 3443 354 3526 quamsit
374 3442 493 3505 horum
516 3442 661 3505 omnium
683 3449 772 3505 certa
797 3449 1011 3524 constansque
1034 3445 1164 3521 veritae,
1216 3465 1283 3508 non
1305 3440 1584 3519 animadvertunt,
1612 3440 1690 3523 quid
1711 3442 1747 3505 in
1773 3463 1810 3506 eo
1832 3443 1901 3508 loco
1924 3444 2067 3525 apostolo
2095 3448 2138 3510 sit
2154 3448 2195 3511 fi-

191 3529 408 3614 significetur,
438 3534 538 3609 utque
560 3548 631 3592 sese
652 3548 765 3591 omnes
792 3527 854 3593 hae
876 3527 940 3592 fide
962 3530 1163 3605 confirment,
1218 3529 1283 3594 des.
1329 3527 1415 3593 Cum
1437 3527 1525 3591 enim
1550 3528 1698 3610 proximo
1719 3529 1824 3609 capite
1847 3528 2052 3595 disseruisset
2073 3531 2114 3596 de
2136 3554 2195 3598 va-

190 3636 250 3697 pro
271 3636 306 3678 se
327 3614 462 3696 quisque
483 3613 662 3677 Dominum
675 3614 745 3683 sibi
766 3614 889 3692 Deum,
911 3613 1082 3679 Christum
1103 3614 1165 3678 sibi
1216 3616 1274 3679 riis
1307 3614 1400 3678 donis
1432 3613 1580 3695 spiritus,
1598 3613 1649 3675 ἰιι
1675 3613 1792 3694 quibus
1824 3623 2014 3697 reposuerat
2044 3617 2194 3698 virtutes,

191 3700 387 3765 salvatorem
405 3706 593 3778 statuentes,
611 3700 781 3781 carnisque
798 3720 876 3764 suae
893 3701 1165 3765 resurrectionem
1217 3722 1337 3783 genera
1355 3699 1550 3781 linguarum,
1573 3698 1786 3780 prophetiam,
1810 3707 1843 3764 et
1859 3701 2008 3766 hortatus
2026 3711 2112 3767 esset
2130 3703 2195 3770 Co·

192 3807 229 3851 ac
255 3786 358 3849 vitam
380 3795 547 3849 aeternam
564 3791 781 3867 expectantes,
803 3793 873 3849 tota
890 3785 1046 3851 confessio
1064 3787 1164 3851 verbo
1216 3786 1370 3863 rinthios,
1401 3784 1518 3849 sectari
1545 3805 1587 3847 ex
1607 3784 1648 3847 iis
1669 3785 1819 3863 meliora,
1842 3787 1904 3852 hoc
1924 3793 1987 3866 est,
2010 3787 2097 3852 unde
2119 3790 2195 3871 plus

190 3872 299 3935 Amen
318 3870 489 3949 clauditur,
511 3892 594 3952 quae
615 3872 769 3953 probatae
791 3871 994 3936 certitudinis
1010 3879 1089 3936 nota
1105 3879 1163 3936 est
1216 3873 1340 3937 fruetus
1366 3869 1488 3934 rediret
1509 3868 1551 3932 ad
1573 3869 1742 3934 ecclesiam
1762 3870 1841 3949 Dei,
1865 3873 2008 3951 subiicit,
2030 3875 2195 3940 excellen-

190 3957 263 4020 Iam
285 3977 363 4020 vero
384 3957 567 4038 ubicunque
589 3964 639 4021 est
660 3958 736 4021 viva
758 3958 839 4021 haee
860 3957 950 4037 fides,
973 3979 1073 4040 quam
1094 3979 1164 4023 esse
1216 3959 1332 4022 tiorem
1359 3955 1466 4020 adhue
1487 3955 1576 4020 viam
1603 3976 1637 4019 se
1665 3955 1974 4022 demonstraturum:
2004 3958 2085 4024 haec
2107 3959 2195 4027 dona

190 4043 226 4106 in
247 4063 350 4105 unum
370 4041 480 4105 Deum
507 4063 544 4106 ac
565 4040 735 4106 Christum
760 4042 914 4108 fiduciam
939 4045 1030 4126 prius
1057 4051 1165 4108 osten·
1216 4044 1334 4121 omnia,
1357 4050 1520 4124 utcunque
1542 4061 1601 4122 per
1622 4062 1657 4104 se
1675 4041 1867 4107 excellentia
1883 4045 1957 4120 sint,
1980 4044 2063 4109 nihil
2082 4052 2197 4112 tamen

191 4127 298 4191 dimus
323 4127 426 4190 otiosa
452 4133 539 4191 certe
564 4148 634 4191 esse
656 4148 723 4191 non
744 4135 863 4210 potest,
892 4130 972 4211 quin
993 4130 1091 4194 simul
1112 4151 1165 4194 co-
1216 4151 1296 4206 esse,
1319 4129 1384 4192 nisi
1405 4127 1533 4192 caritati
1554 4128 1713 4205 serviant3
1741 4149 1811 4192 esse
1833 4130 1921 4192 enim
1943 4128 2020 4193 data
2041 4130 2083 4194 ad
2104 4132 2196 4197 aedi-

189 4214 285 4278 mites
307 4212 440 4288 habeat,
469 4233 560 4293 spem
587 4220 621 4275 et
647 4214 825 4277 caritatem
871 4213 964 4293 Quae
987 4216 1015 4279 si
1035 4217 1165 4297 penitus
1216 4215 1401 4280 ficationem
1422 4213 1589 4278 eeclesiae:
1616 4209 1925 4299 [p.1ae]inquam
1942 4216 2006 4280 nisi
2024 4218 2196 4284 conferan-

191 4298 321 4377 desunt,
350 4296 528 4380 quamlibet
549 4297 669 4362 diserte
697 4304 793 4379 atque
815 4306 927 4364 ornate
950 4299 990 4364 de
1011 4301 1077 4366 fide
1098 4300 1164 4364 dis-
1216 4309 1280 4379 tur,
1302 4299 1439 4383 perdere
1464 4320 1558 4363 suam
1586 4300 1735 4381 gratiam.
1780 4299 1835 4363 Ad
1856 4300 1890 4364 id
1918 4301 2123 4383 probandum
2144 4303 2195 4368 di·
2224 4321 2225 4325 ’

190 4406 345 4463 seramus,
368 4382 494 4448 nullam
516 4383 636 4447 habere
654 4384 884 4449 convincimur.
929 4386 1003 4449 Non
1025 4386 1102 4468 quia
1123 4407 1165 4450 ex
1216 4388 1409 4452 stributione
1435 4386 1552 4463 utitur,
1581 4393 1732 4467 repetens
1758 4384 1873 4450 eadem
1894 4385 1952 4451 illa
1981 4387 2080 4465 dona,
2110 4410 2196 4471 quae

190 4492 247 4553 spe
269 4479 326 4536 aut
347 4471 482 4534 caritate
499 4469 645 4553 gignitur
662 4470 697 4533 in
719 4470 811 4534 nobis
827 4469 918 4549 fides,
941 4493 1065 4549 verum,
1089 4472 1165 4553 quia
1216 4494 1316 4555 supra
1337 4477 1557 4548 recensuerat,
1580 4469 1638 4535 sed
1660 4471 1732 4536 aliis
1753 4471 1946 4537 nominibus.
1991 4473 2058 4539 Pro
2080 4474 2197 4542 eodem

189 4556 261 4620 fieri
282 4556 413 4620 omnino
434 4577 500 4619 uon
522 4561 648 4637 potest,
671 4555 750 4636 quin
770 4554 870 4620 fidem
897 4577 971 4637 spes
993 4565 1026 4621 et
1046 4557 1164 4622 caritas
1217 4567 1327 4623 autem
1346 4565 1483 4640 usurpat
1503 4557 1643 4621 virtutes
1664 4566 1698 4620 et
1719 4556 1827 4635 fidem
1850 4557 1912 4622 hoo
1934 4566 1998 4623 est:
2029 4581 2088 4641 pro
2110 4561 2197 4629 deno

189 4650 344 4724 perpetuo
371 4649 556 4723 sequantru.
604 4637 644 4726 [p.
664 4638 738 4727 153]
762 4641 850 4705 Nam
871 4650 908 4706 ut
929 4641 969 4706 de
992 4664 1049 4725 spe
1073 4644 1164 4724 prius
1217 4644 1334 4709 edendi
1366 4642 1531 4708 miracula
1589 4641 1674 4706 Cum
1708 4649 1818 4706 autem
1846 4644 1943 4722 haec,
1977 4645 2047 4710 sive
2078 4647 2195 4728 virtus,

189 4727 445 4809 comprobemus:
472 4728 501 4791 si
521 4726 613 4806 fides,
635 4735 673 4791 ut
694 4726 841 4791 auditum
863 4735 920 4806 est,
943 4735 1032 4794 certa
1053 4736 1104 4794 ost
1124 4728 1164 4794 de
1216 4731 1286 4796 sive
1311 4730 1393 4794 fides
1415 4728 1664 4806 miraculorum,
1693 4728 1736 4792 sit
1758 4727 1879 4793 donum
1900 4731 2097 4811 particulare
2119 4733 2196 4814 Dei,

189 4812 327 4876 veritate
347 4813 412 4877 Dei
432 4814 612 4895 persuasio,
636 4834 718 4896 quae
740 4834 800 4878 nec
821 4815 953 4878 mentiri
974 4815 1083 4893 nobis,
1104 4836 1164 4881 neo
1216 4838 1278 4899 quo
1307 4816 1397 4881 abuti
1423 4815 1584 4898 quispiam
1611 4815 1727 4895 possit,
1758 4821 1796 4878 ut
1817 4814 1901 4879 dono
1929 4815 2133 4899 linguarum,
2158 4829 2197 4884 ut

189 4896 311 4974 fallere,
334 4920 394 4964 nec
413 4899 507 4963 irrita
528 4921 599 4964 esse
618 4898 729 4983 possit,
752 4899 807 4981 qui
829 4899 915 4965 hano
937 4900 1165 4967 certitudinem
1200 4899 1396 4985 prophetia,
1419 4908 1456 4965 ιιι
1478 4900 1550 4965 aliis
1570 4898 1829 4979 charismatibus,
1856 4909 1984 4966 constat
2005 4902 2196 4986 longissime

188 4991 414 5065 concepenmt,
437 4984 534 5049 simul
555 4985 699 5067 profecto
720 4993 894 5068 expectant
921 4987 1004 5065 fore,
1035 4993 1072 5051 ut
1088 5008 1163 5069 pro-
1217 5010 1338 5053 avora
1359 4995 1392 5052 et
1412 4987 1591 5052 christiana
1609 4983 1674 5049 fide
1695 4983 1825 5050 distare.
1870 4986 1911 5050 Id
1932 4994 1965 5050 et
1986 4989 2021 5052 in
2043 4991 2195 5073 exemplo

188 5069 358 5132 missiones
377 5091 452 5134 suas
473 5071 566 5136 Deus
587 5077 746 5152 praestet,
773 5093 848 5136 cum
869 5092 982 5136 eorum
1004 5074 1162 5157 opinione,
1216 5073 1319 5139 Iudae
1341 5081 1487 5156 spectare
1508 5080 1566 5149 est,
1589 5070 1645 5153 qui
1662 5091 1736 5135 earn
1755 5071 1878 5150 habuit,
1901 5073 1984 5136 nihil
2002 5081 2113 5140 tamen
2130 5079 2195 5142 rni-

189 5173 255 5216 non
277 5154 340 5217 nisi
358 5176 454 5218 verae
471 5177 542 5220 esse
558 5158 692 5238 possint,
716 5156 761 5236 ιιι,
780 5157 815 5220 ιιι
832 5179 969 5237 summa,
991 5181 1058 5223 non
1075 5159 1164 5223 aliud
1216 5182 1279 5224 nus
1305 5180 1404 5242 quam
1431 5157 1536 5222 fidelis
1566 5155 1662 5240 (Luc.
1685 5160 1748 5240 10).
1800 5154 1896 5237 Quod
1924 5167 2033 5224 autem
2061 5183 2102 5225 ex
2130 5163 2194 5230 hoo

189 5239 233 5302 sit
254 5259 340 5321 spes,
369 5259 466 5321 quam
487 5262 600 5306 eorum
627 5242 823 5325 expectatio,
852 5263 934 5325 quae
953 5266 1031 5310 vere
1053 5267 1073 5310 a
1092 5246 1164 5311 Deo
1215 5247 1285 5328 ipso
1311 5246 1382 5310 loco
1403 5251 1437 5308 et
1461 5241 1525 5306 alio
1550 5242 1607 5324 qui
1626 5240 1741 5307 eodem
1760 5244 1865 5326 eapite
1886 5245 2048 5328 sequitur,
2072 5249 2193 5316 carita·
