4770 6030
165 355 207 415 49
958 347 1057 415 eur.
1080 348 1107 412 1.
1150 349 1215 414 nu
1236 348 1373 415 nucu.
1914 333 1917 344 '
2128 357 2173 420 co

164 547 267 605 stram
294 537 473 615 induimus,
508 545 542 602 et
568 559 647 603 sane
674 560 733 619 pro
760 544 872 602 nostra
898 537 991 601 uobis
1019 559 1039 601 a
1065 538 1137 600 Deo
1190 537 1334 602 cordiam
1349 538 1414 602 Dei
1430 538 1626 621 confugiant,
1644 539 1679 601 in
1696 538 1782 603 hanc
1804 560 1838 603 se
1862 541 1921 603 toti
1945 541 2112 621 reclinent,
2133 543 2196 608 in·

164 631 296 706 accepta
316 625 428 698 fertur,
451 629 489 686 ut
509 645 568 705 pro
590 625 725 699 sanctis,
748 625 838 706 puris
860 629 893 687 et
914 622 1138 687 innocentibus
1190 624 1276 688 hano
1294 646 1328 688 se
1346 623 1476 700 abdant,
1498 619 1537 709 [p.
1550 621 1605 709 89]
1624 624 1710 688 hanc
1728 645 1829 688 unam
1846 645 1905 706 pro
1923 626 2047 693 iustitia
2057 635 2091 692 et
2101 651 2170 694 me·

163 733 222 776 nos
240 710 367 775 habeat
401 708 455 773 Ita
470 709 624 791 impletur
640 709 725 792 quod
743 712 789 774 ait
805 709 929 774 Pardus
947 708 979 792 (l
994 707 1068 772 (lor.
1091 707 1137 792 l):
1190 710 1261 773 ritis
1284 711 1450 791 arripiant,
1473 730 1556 792 quae
1578 710 1727 774 omnibus
1748 711 1784 773 in
1796 709 1927 775 Ohristo
1946 715 2093 795 exposita
2110 722 2169 794 est,

136 797 340 863 'Christum
356 795 448 860 nobis
474 796 598 859 factum
619 817 692 860 esse
710 796 883 872 iustitiam,
913 795 1139 859 sanctificatio-
1191 797 1372 877 quicunque
1396 816 1470 859 eam
1496 817 1576 859 vera
1602 794 1667 859 fide
1692 803 1726 859 et
1746 803 1904 878 expetunt
1925 804 1958 860 et
1983 808 2165 881 expectant

163 904 249 960 nom,
272 889 306 945 et
326 880 588 962 redemptionem.
622 881 710 945 Nam
729 882 872 963 primum
890 879 1021 962 quidem
1041 881 1139 943 mise-
1190 881 1328 959 Deinde,
1351 887 1511 963 quatenus
1531 882 1641 945 Deum
1660 881 1729 945 fore
1750 881 1890 946 ultorem
1910 882 2068 961 declarat,
2091 908 2168 968 poe-

164 971 265 1034 ricors
287 968 448 1031 Dominus
475 987 534 1049 pro
556 989 616 1031 sua
635 969 779 1033 bonitate
801 989 838 1031 ac
860 968 1003 1048 gratruta
1023 965 1139 1030 volun·
1190 989 1269 1031 nam
1289 967 1583 1050 transgressoribus
1604 968 1778 1044 constitnit,
1800 976 1940 1033 mortem
1957 991 1995 1034 ac
2015 971 2171 1037 iudicium

163 1063 240 1131 tate,
259 1074 318 1117 nos
336 1053 563 1117 elementaria
581 1055 720 1136 gratiam
736 1053 859 1134 recipit,
880 1049 920 1138 [p.
933 1050 988 1136 87]
1007 1058 1140 1133 peccata
1191 1055 1349 1131 minatur,
1383 1052 1447 1116 huc
1479 1051 1623 1133 prodest,
1657 1061 1694 1116 ut
1720 1054 1775 1135 qui
1802 1053 1894 1117 nulla
1919 1056 1997 1119 iusti
2024 1059 2168 1141 rectique

164 1141 256 1205 nobis
273 1140 443 1202 remittens
458 1160 496 1203 ao
512 1138 706 1215 condonans,
729 1160 812 1220 quae
828 1138 912 1201 iram
928 1137 1139 1201 merebantur
1191 1160 1278 1213 cura,
1302 1139 1364 1202 nisi
1386 1138 1488 1202 coacti
1509 1145 1698 1222 tangrmtur,
1724 1149 1934 1204 coerceantur
1955 1141 2071 1206 saltem
2093 1165 2169 1225 poe-

164 1234 198 1292 et
214 1231 382 1290 aeternam
399 1232 537 1288 mortem
555 1225 664 1308 (Rom.
680 1230 707 1287 5.
722 1225 765 1309 6).
794 1223 922 1288 Deinde
939 1244 999 1304 per
1016 1225 1138 1306 gratitrs
1190 1246 1309 1290 narum
1329 1223 1510 1291 formidine.
1556 1223 1756 1288 Goercentur
1777 1232 1901 1304 autem,
1923 1248 1989 1291 non
2010 1229 2096 1311 quod
2117 1231 2169 1293 in-

164 1313 269 1377 sancti
296 1311 348 1375 sui
376 1310 508 1391 spiritus
534 1311 569 1373 in
595 1311 686 1375 nobis
708 1310 835 1374 habitat
861 1331 898 1374 ac
920 1318 1050 1392 regnat,
1080 1331 1139 1390 per
1191 1312 1291 1374 terior
1307 1331 1420 1380 eorum
1438 1311 1566 1374 animus
1583 1318 1819 1392 permoveatur,
1844 1319 1900 1375 aut
1918 1313 2087 1392 afficiatur,
2111 1315 2169 1380 sed

165 1416 262 1480 quem
287 1394 564 1477 concupiscentiae
592 1397 700 1461 carnis
725 1402 855 1460 nostrae
881 1396 916 1459 in
943 1394 1011 1458 dies
1032 1398 1138 1478 tnagis
1190 1398 1267 1479 quia
1287 1403 1444 1477 tanquam
1463 1396 1581 1460 iniecto
1597 1395 1689 1459 freno
1705 1417 1823 1461 manus
1840 1397 1882 1461 ab
1903 1400 2057 1463 exteriori
2073 1422 2170 1483 opere
2239 1430 2242 1437 ·

165 1505 205 1550 ac
221 1482 329 1567 magis
348 1482 601 1560 mortificantum
621 1502 681 1547 nos
700 1503 778 1546 vero
799 1482 1053 1559 sanctificamur,
1078 1481 1139 1546 hoc
1191 1483 1371 1560 continent,
1405 1503 1499 1545 suam
1531 1482 1727 1562 pravitatem
1756 1483 1844 1547 intus
1873 1483 2037 1563 cohibent,
2071 1508 2171 1569 quam

164 1575 229 1647 est,
255 1566 484 1635 consecramur
510 1567 652 1631 Domino
682 1568 717 1630 in
745 1588 875 1631 omnem
901 1568 987 1631 vitae
1014 1569 1139 1648 purita-
1191 1568 1311 1650 alioqui
1330 1567 1516 1648 petulanter
1536 1567 1671 1632 effusuri
1691 1579 1793 1632 erant
1838 1569 1893 1632 Ex
1916 1590 1954 1633 eo
1976 1593 2036 1636 nec
2057 1573 2170 1636 melio-

165 1664 246 1731 tem,
274 1652 425 1719 cordibus
453 1654 571 1717 nostris
597 1653 632 1716 in
658 1653 847 1735 obsequium
873 1653 955 1735 legis
982 1653 1138 1730 formatis,
1191 1675 1244 1718 res
1270 1653 1401 1734 quidem
1434 1659 1523 1731 sunt,
1552 1661 1618 1718 ‘nec
1646 1652 1733 1734 apud
1759 1654 1870 1719 Deum
1895 1656 2059 1736 iustiores;
2092 1680 2171 1722 nam

166 1748 203 1806 nt
223 1740 304 1804 ha‘oc
327 1739 370 1802 sit
391 1760 457 1802 una
474 1744 585 1802 nostra
607 1738 771 1816 voluntas,
800 1739 959 1803 voluntati
980 1740 1049 1802 eius
1071 1759 1139 1803 ser-
1191 1741 1323 1804 tametsi
1349 1739 1401 1803 vel
1431 1747 1570 1815 terrore,
1599 1739 1652 1804 vel
1681 1739 1804 1820 pudore
1825 1741 1987 1821 impediti,
2017 1765 2169 1808 exercere

165 1828 235 1891 vire
263 1847 301 1889 ac
329 1825 397 1888 eius
422 1822 582 1889 duntaxat
608 1824 745 1906 gloriam
769 1824 873 1888 modis
895 1824 1044 1888 omuibus
1065 1846 1139 1906 pro-
1191 1847 1258 1889 non
1280 1825 1414 1902 audent,
1439 1825 1524 1906 quod
1554 1827 1662 1889 animo
1683 1833 1914 1908 conceperunt,
1941 1823 2003 1893 'nec
2029 1837 2089 1910 pro
2111 1851 2171 1894 sua

165 1913 301 1988 vehere,
330 1909 555 1992 oderimusque
584 1910 670 1993 quod
696 1911 731 1973 in
752 1910 845 1975 nobis
867 1909 1012 1995 sordium
1032 1911 1139 1974 carnis
1192 1910 1325 1976 libidine
1347 1911 1470 1988 furere;
1501 1932 1556 1975 cor
1582 1918 1692 1974 tamen
1720 1933 1786 1975 non
1801 1911 1937 1976 'habent
1957 1916 2171 1996 compositum

164 2006 295 2062 nostrae
323 1995 451 2060 residet.
496 1995 582 2059 'Dum
604 2005 782 2077 postremo,
809 1998 907 2060 etiam
936 1995 1015 2059 dum
1036 1997 1140 2061 sancti
1193 1996 1234 2060 ad
1255 1998 1406 2059 timorem
1427 2005 1460 2059 et
1480 1995 1696 2061 obedientiam
1712 1998 1786 2076 Dei,
1809 1998 1874 2061 imo
1896 2020 1958 2080 quo
1976 2001 2082 2082 magis
2100 2021 2171 2065 sese

166 2085 298 2166 spiritus
320 2081 419 2146 ductu
439 2082 475 2144 in
495 2081 557 2145 viis
576 2082 710 2146 Domini
732 2082 945 2159 ambulamus,
967 2104 1009 2145 ne
1031 2090 1142 2146 tamen
1193 2082 1350 2160 retinent,
1379 2082 1441 2146 hoc
1468 2083 1573 2164 magis
1601 2083 1689 2146 intus
1716 2082 1952 2161 accenduntur,
1983 2085 2111 2150 fervent
2138 2093 2172 2151 et

164 2170 269 2234 nostri
295 2167 386 2231 obliti
414 2168 539 2231 animos
567 2166 732 2245 tollamus,
762 2177 909 2232 remanet
930 2167 1085 2250 quiddam
1106 2169 1141 2231 in
1193 2167 1365 2242 ebulliunt,
1393 2169 1499 2248 parati
1526 2166 1655 2249 quidvis
1676 2170 1797 2245 facere,
1827 2176 1859 2232 et
1885 2172 1999 2251 quotis
2021 2193 2171 2252 prorum-

165 2255 258 2319 nobis
280 2253 513 2334 imperfeom
536 2253 622 2336 quod
642 2252 735 2317 nobis
758 2252 950 2317 humilitatis
967 2275 1141 2336 argumen-
1192 2275 1284 2335 pere,
1307 2254 1371 2317 nisi
1393 2253 1448 2317 hio
1469 2262 1574 2316 terror
1599 2253 1681 2336 legis
1709 2254 1860 2318 obstaret.
1905 2254 1976 2320 Nec
1996 2256 2029 2320 id
2056 2258 2170 2336 solum,

165 2349 237 2405 tum
258 2340 425 2422 praebeat,
454 2360 517 2420 quo
540 2360 635 2402 omne
662 2360 698 2402 os
719 2359 830 2402 coram
850 2340 922 2403 Deo
944 2339 1139 2416 obstruatur,
1192 2339 1251 2404 sed
1271 2338 1378 2422 legem
1398 2359 1524 2421 quoque
1545 2339 1651 2420 ipsam
1671 2340 1810 2420 pessime
1832 2339 1985 2420 oderimt,
2007 2351 2041 2406 et
2061 2344 2172 2407 Deum

165 2426 391 2507 discamusque
411 2423 564 2489 fiduciam
584 2445 715 2488 omnem
736 2446 756 2488 a
775 2425 868 2489 nobis
887 2425 923 2488 in
943 2424 1036 2488 illum
1057 2446 1142 2489 sem-
1192 2425 1411 2508 legislatorem
1433 2431 1641 2501 execrantur,
1665 2431 1710 2501 ut,
1734 2425 1761 2489 si
1782 2435 1929 2506 possent,
1959 2449 2035 2492 eum
2056 2429 2171 2494 tollere

164 2533 224 2594 per
244 2511 414 2603 traducere
436 2509 545 2593 (Rom
566 2508 609 2592 7).
660 2511 776 2592 Itaque
801 2510 893 2574 nobis
916 2532 1057 2592 semper·
1066 2532 1141 2592 pec·
1193 2512 1336 2575 maxime
1357 2509 1473 2587 velint,
1496 2531 1593 2592 quem
1614 2532 1674 2576 nec
1696 2517 1785 2574 recta
1806 2511 1985 2591 iubentem,
2011 2535 2071 2579 nec
2092 2537 2169 2580 suae

164 2605 312 2663 catorum
339 2597 527 2660 remissione
554 2617 635 2677 opus
665 2603 722 2660 cst.
747 2594 883 2675 ,Quam
915 2597 955 2660 ob
986 2618 1057 2659 rem
1084 2596 1142 2660 illa
1192 2594 1614 2678 maiestatiscontomptores
1624 2596 1834 2661 ulciscentem
1843 2597 1929 2660 ferre
1939 2608 2083 2679 possunt.
2103 2598 2171 2664 Sed

164 2685 264 2747 etiam
296 2684 368 2764 ipsa
393 2703 506 2763 opera,
537 2703 620 2762 quae
651 2702 671 2745 a
696 2682 788 2746 nobis
812 2683 898 2745 fiunt
922 2681 1001 2745 dum
1022 2682 1057 2746 in
1078 2683 1141 2746 viis
1193 2690 1303 2757 tamen
1332 2682 1413 2746 haec
1440 2689 1551 2746 coacta
1578 2703 1794 2764 expressaque
1821 2683 1959 2760 iustitia,
1987 2688 2171 2750 neccssaria

163 2769 299 2834 Domini
324 2768 494 2845 currimus,
523 2768 584 2832 etsi
604 2767 676 2831 Deo
698 2768 828 2848 placent
843 2773 1002 2849 quatenus
1019 2768 1054 2831 in
1076 2767 1141 2832 fide
1195 2765 1235 2854 [p.
1249 2765 1304 2854 90]
1320 2777 1370 2832 est
1385 2768 1533 2849 publicae
1545 2767 1716 2831 hominum
1727 2768 1960 2847 communitati,
1978 2771 2070 2833 cuius
2079 2779 2170 2834 tran-

163 2855 256 2933 fiunt,
278 2875 344 2918 non
366 2863 477 2917 tamen
498 2874 540 2917 ex
561 2874 596 2918 se
623 2874 682 2917 nos
704 2854 776 2917 Deo
798 2861 945 2935 acceptos
966 2854 1140 2935 gratioms-
1192 2853 1345 2935 quillitati
1371 2855 1417 2918 sic
1444 2852 1638 2932 consulitur,
1667 2852 1746 2916 dum
1767 2860 1902 2918 cavetur
1923 2875 1965 2918 ne
1987 2857 2096 2920 omnia
2117 2862 2170 2920 tu-

162 2961 226 3029 que
245 2939 381 3004 reddere
402 2946 552 3020 possunt;
579 2959 694 3002 verum
715 2940 873 3003 iustitiam
895 2938 1039 3017 Christi,-
1058 2961 1141 3021 quae
1192 2940 1298 3003 multu
1326 2940 1590 3021 permisceantur,
1621 2938 1707 3021 quod
1727 2941 1822 3003 fieret
1842 2941 1870 3004 si
1892 2940 2042 3005 omnibus
2060 2943 2170 3006 omnia
2296 2988 2299 2994 ,

163 3047 231 3090 una
251 3034 288 3088 ut
307 3026 451 3107 perfecta
469 3031 533 3101 est,
561 3025 608 3088 ita
633 3024 702 3088 sola
722 3025 787 3089 Dei
809 3031 1017 3106 conspectum
1043 3026 1140 3089 susti·
1191 3025 1335 3091 licerent
1379 3024 1550 3090 Postremo
1572 3032 1605 3088 et
1625 3024 1783 3103 fidelibus,
1806 3046 1944 3107 quorum
1963 3027 1998 3090 in
2020 3027 2171 3093 cordibus

162 3132 242 3176 uere
261 3117 375 3193 potest,
398 3131 457 3192 pro
477 3111 571 3175 nobis
589 3110 659 3174 sisti
676 3118 803 3192 oportet
819 3132 857 3175 ac
874 3110 993 3175 iudicio
1010 3132 1140 3192 reprae-
1191 3112 1258 3175 iam
1282 3111 1372 3195 viget
1398 3132 1435 3175 ac
1461 3118 1578 3193 regnat
1602 3111 1667 3175 Dei
1694 3111 1841 3192 spiritus,
1874 3133 1941 3175 non
1971 3111 2170 3179 mediocrem

162 3198 286 3261 sentari
296 3196 388 3262 velut
398 3217 586 3277 sponsorem
597 3195 713 3280 (Hebr.
729 3202 776 3258 11.
794 3197 888 3261 Rom.
902 3198 946 3280 8).
972 3197 1050 3280 Ipsa
1062 3218 1140 3261 vero
1191 3218 1288 3261 usum
1316 3196 1435 3274 adfert,
1464 3195 1619 3261 dumeos
1646 3197 1752 3279 magis
1774 3218 1812 3261 ae
1833 3198 1940 3280 magis
1962 3198 2091 3263 assidue
2113 3199 2170 3264 ad-

36 3301 40 3310 ·
163 3305 185 3346 a
200 3283 273 3347 Deo
292 3279 332 3367 [p.
345 3279 401 3367 88]
421 3289 553 3364 accepta
571 3282 676 3346 fertur
693 3302 731 3346 ao
749 3282 841 3346 nobis
858 3283 1047 3364 imputatur,
1065 3303 1139 3364 per·
1191 3289 1309 3361 monet,
1332 3282 1410 3365 quid
1431 3288 1557 3346 rectum
1578 3283 1629 3361 sit,
1654 3288 1688 3345 et
1707 3281 1864 3364 placitum
1885 3304 1996 3347 coram
2016 3285 2168 3349 Domino.

161 3367 239 3433 inde
267 3389 305 3433 ac
333 3369 361 3432 si
382 3375 494 3432 nostra
520 3373 613 3432 esset.
647 3368 701 3431 Ita
720 3368 756 3431 in
776 3367 840 3432 fide
861 3377 1068 3450 peccatorum
1088 3390 1140 3432 re-
1190 3368 1279 3435 Nam
1299 3369 1430 3433 tametsi
1452 3366 1553 3450 digito
1574 3367 1640 3432 Dei
1665 3366 1773 3452 legem
1794 3369 1950 3451 scriptam
1972 3375 2005 3433 et
2026 3370 2170 3452 insculp-

162 3454 351 3519 missionem
372 3453 508 3518 subinde
530 3461 626 3535 atque
648 3453 776 3518 assidue
797 3453 993 3533 obtinemus,
1013 3454 1140 3519 nullae·
1190 3460 1260 3519 tam
1292 3453 1415 3518 habent
1440 3454 1476 3517 in
1506 3453 1656 3517 cordibus
1689 3453 1767 3538 (Ier.
1792 3456 1842 3518 31.
1883 3454 1984 3518 Hebr.
2006 3459 2080 3532 10,
2108 3452 2175 3521 hoc'

162 3561 226 3622 que
251 3546 381 3605 nostrae
413 3538 524 3604 sordes
552 3547 609 3602 aut
634 3538 859 3604 immunditiae
889 3540 1139 3622 imperfectionis
1191 3547 1248 3617 est,
1272 3539 1318 3604 sic
1340 3539 1448 3604 affecti
1470 3547 1547 3604 sunt
1568 3545 1602 3603 et
1622 3540 1771 3619 animati,
1794 3546 1831 3603 ut
1851 3540 1986 3604 Domini
2008 3561 2049 3603 vo
2063 3542 2169 3606 untati

161 3627 380 3707 imputantur,
410 3624 467 3689 sed
493 3625 551 3689 illa
576 3626 718 3706 puritate
739 3624 864 3690 Christi
884 3647 922 3689 ao
943 3627 1139 3707 perfectione
1191 3625 1415 3707 obtemperare
1436 3626 1583 3707 cupiant,
1613 3624 1675 3690 hoc
1701 3631 1812 3689 tamen
1832 3626 2007 3707 proficiunt
2026 3625 2061 3689 in
2087 3626 2168 3709 lege,

160 3711 253 3775 velut
273 3705 419 3792 sepultae
441 3717 671 3793 contegimtur,
700 3732 741 3775 ne
762 3711 798 3774 in
820 3711 975 3776 iudicium
996 3711 1061 3775 Dei
1083 3734 1138 3776 ve-
1191 3711 1276 3793 quod
1298 3732 1340 3775 ex
1362 3732 1401 3775 ea
1422 3711 1542 3776 certius
1562 3711 1598 3774 in
1620 3710 1688 3775 dies
1710 3731 1748 3775 ac
1767 3710 1883 3775 melius
1905 3709 2043 3790 discunt,
2065 3712 2171 3794 qualis

160 3798 269 3875 niant,
293 3795 394 3861 donec
418 3796 498 3860 hora
519 3795 652 3860 advenit
667 3808 737 3878 'qua
758 3797 902 3863 confecto
929 3798 964 3860 in
985 3797 1078 3862 nobis
1100 3818 1138 3862 ac
1191 3798 1234 3861 sit
1259 3795 1411 3861 voluntas
1432 3797 1580 3861 Domini:
1609 3803 1647 3860 ut
1673 3797 1701 3860 si
1727 3796 1801 3878 quis
1826 3818 1940 3861 servus
1966 3798 2034 3861 iam
2059 3798 2106 3861 ita
2127 3800 2171 3862 sit

159 3883 258 3964 plane
280 3883 422 3947 extincto
444 3883 547 3946 veteri
569 3882 715 3960 homine,
736 3882 848 3947 divina
869 3883 996 3948 bonitas
1023 3904 1082 3948 nos
1103 3884 1138 3946 in
1191 3889 1258 3945 tcto
1286 3883 1386 3946 animi
1419 3881 1526 3946 sardio
1557 3887 1779 3963 comparatus,
1813 3889 1852 3945 ut
1875 3882 2017 3946 Domino
2049 3905 2108 3948 suo
2136 3906 2171 3949 se

160 3968 293 4032 beatam
319 3989 432 4049 pacem
461 3990 536 4032 cum
563 3988 647 4032 novo
675 3968 798 4045 Adam,
826 3970 881 4051 qui
904 3967 1056 4033 Christus
1078 3975 1136 4046 est,
1191 3968 1355 4049 approbet,
1377 3987 1457 4049 opus
1480 3974 1590 4031 tamen
1612 3966 1720 4044 habet,
1740 3975 1779 4030 ut
1797 3988 1906 4033 mores
1925 3968 2060 4033 Domini
2082 3991 2169 4034 corn-

160 4054 277 4135 recipit
298 4057 330 4137 (1
351 4053 426 4118 Gor.
448 4052 510 4138 15).
559 4053 625 4118 Ubi
652 4053 739 4118 diem
758 4055 894 4119 Domini
921 4061 1137 4136 expectemus,
1189 4061 1297 4135 pertos
1317 4053 1444 4131 habeat,
1468 4052 1509 4117 ad
1530 4074 1611 4134 quos
1633 4073 1668 4116 se
1689 4061 1862 4134 componat
1882 4062 1916 4118 et
1937 4054 2164 4119 accommodet

160 4140 282 4221 quoin
309 4138 447 4222 gloriam
467 4139 614 4204 coelestis
641 4141 748 4221 regni,
777 4141 916 4222 receptis
941 4141 1137 4222 incorruptis
1275 4139 1460 4217 Praeterea,
1482 4137 1721 4220 quantumlibet
1746 4139 1863 4220 spiritu
1884 4142 2026 4222 prompti
2047 4147 2080 4204 et
2101 4140 2169 4204 ala·

160 4225 358 4307 corporibus,
381 4226 622 4290 transferemur.
1190 4246 1260 4290 cres
1288 4224 1329 4289 ad
1350 4225 1415 4289 Del
1440 4225 1643 4306 obsequium,
1671 4244 1769 4288 carne
1796 4231 1907 4290 tamen
1935 4225 2062 4290 desides
2082 4232 2166 4303 sunt,

247 4311 302 4374 Ex
324 4309 375 4376 his
397 4311 504 4394 colligi
526 4318 645 4392 potest,
668 4311 763 4393 quale
784 4313 926 4377 officium
948 4320 981 4376 et
1002 4313 1074 4393 quis
1095 4314 1139 4376 sit
1190 4318 1223 4373 ct
1243 4318 1374 4392 peccato
1401 4312 1508 4392 potius
1536 4331 1635 4393 quam
1662 4310 1734 4373 Deo
1761 4312 1916 4376 serviunt.
1966 4311 2054 4375 Huic
2077 4312 2168 4374 carni

159 4417 240 4461 usus
262 4396 351 4480 legis.
397 4397 516 4460 'fribus
539 4403 648 4461 autem
669 4397 815 4478 partibus
838 4400 1029 4462 continetur.
1062 4399 1137 4463 Pri-
1188 4396 1244 4460 lex
1271 4397 1413 4480 flagrum
1439 4403 1502 4475 est,
1531 4416 1595 4478 quo
1623 4396 1727 4459 instar
1752 4397 1864 4480 ignavi
1888 4398 2064 4477 inertiaque
2084 4396 2167 4459 asini

159 4503 261 4559 mum,
284 4490 322 4546 ut
343 4482 422 4546 dum
442 4483 600 4547 iustitiam
621 4483 685 4547 Dei
707 4483 856 4560 ostendit,
880 4484 941 4548 hoc
958 4492 1016 4562 est,
1038 4505 1137 4566 quam
1189 4482 1382 4561 stimuletur,
1405 4483 1566 4560 incitetur,
1589 4480 1685 4545 etad
1706 4502 1787 4563 opus
1808 4492 1972 4566 urgeatur.
2016 4481 2057 4544 In
2078 4502 2167 4545 sum·

160 4589 184 4632 a
202 4568 295 4633 nobis
315 4568 408 4633 Deus
429 4569 545 4651 exigit,
572 4590 649 4632 suae
676 4590 938 4651 unumquemque
960 4570 1137 4634 iniustitiae
1190 4589 1259 4644 ma,
1291 4567 1346 4631 lex
1371 4566 1522 4632 fidelibus
1549 4566 1732 4631 exhortatio
1759 4575 1823 4645 est,
1856 4589 1923 4631 non
1944 4587 2026 4648 quae
2054 4587 2175 4630 eorum<

161 4652 345 4733 admoneat,
369 4677 407 4719 ac
428 4655 552 4735 peccati
573 4656 753 4720 convincat.
788 4653 845 4720 Sic
866 4656 954 4719 enim
975 4677 1055 4738 opus
1077 4662 1135 4734 est,
1190 4654 1421 4718 conscientiam
1444 4653 1669 4718 maledictione
1696 4651 1791 4735 liget,
1819 4652 1876 4717 sed
1898 4673 1979 4733 quae
1999 4653 2167 4735 pigritiam

159 4747 205 4817 ut,
226 4741 380 4821 quoniam
401 4761 513 4804 omnes
534 4740 630 4803 simul
652 4741 809 4822 hqmines,
832 4742 898 4805 nisi
915 4763 1027 4806 eorum
1044 4742 1138 4805 vani·
1190 4738 1326 4803 subinde
1347 4739 1498 4803 instando
1520 4739 1663 4803 excutiat
1684 4745 1717 4801 et
1736 4738 2011 4820 imperfectionem
2028 4737 2166 4802 vellicet

159 4832 261 4889 tatem
282 4826 444 4890 Dominus
466 4833 591 4909 arguat,
613 4827 730 4891 insana
754 4827 875 4890 virium
896 4849 1031 4892 suarum
1052 4826 1137 4890 fidu·
1190 4825 1297 4904 Multi,
1315 4846 1391 4889 cum
1404 4825 1527 4889 vellent
1542 4825 1726 4906 significare
1737 4823 1824 4888 hanc
1839 4823 1952 4905 alegis
1968 4821 2167 4887 maledictio-

160 4912 211 4976 cia
231 4912 336 4975 inflati
358 4919 447 4976 sunt:
471 4912 590 4976 omissa
608 4911 671 4977 hac
692 4911 809 4976 stolida
825 4934 903 4976 suae
920 4914 1051 4978 virtutis
1068 4914 1137 4994 opi·
1189 4932 1231 4975 ne
1250 4909 1291 4996 [p.
1310 4907 1369 5059 ald
1385 4910 1623 4987 liberationem,
1648 4908 1802 4972 dixerunt
1823 4909 2013 4991 abrogatam
2032 4930 2102 4973 esse
2119 4909 2166 4972 le-

159 4998 270 5075 nione,
295 4998 363 5062 sola
383 4999 448 5062 Dei
469 5018 570 5061 manu
597 5004 683 5062 stare
704 5020 740 5063 se
762 5007 796 5062 et
816 4999 990 5063 consistere
1015 4998 1136 5063 intelli·
1189 5018 1264 5080 gem
1279 4995 1344 5060 fide
1369 4996 1443 5074 bus;
1460 5018 1525 5060 non
1536 4993 1622 5077 quod
1637 5015 1704 5057 non
1721 4994 1860 5075 amplius
1871 4994 1935 5058 illis
1951 4994 2068 5071 iubeat,
2080 4993 2167 5076 quod

160 5090 248 5165 gant
301 5084 463 5160 Rursum,
496 5084 649 5165 quoniam
682 5105 816 5166 operum
848 5106 982 5149 suorum
1012 5085 1137 5149 iustitia
1188 5087 1314 5147 rectum
1336 5091 1393 5158 est,
1417 5082 1474 5146 sed
1492 5081 1652 5145 duntaxat
1668 5099 1709 5142 ne
1727 5079 1770 5141 sit
1786 5079 1851 5144 illis
1868 5079 1953 5161 quod
1972 5088 2068 5144 antea
2084 5088 2182 5159 erat.

159 5175 273 5233 contra
289 5169 353 5233 Dei
375 5171 516 5252 gratiam
537 5170 715 5251 auguriantur,
738 5168 824 5234 hanc
841 5171 1062 5253 arrogantiam
1080 5169 1135 5234 de-
1188 5168 1250 5233 hoc
1279 5175 1345 5246 est,
1374 5188 1416 5231 ne
1438 5187 1550 5232 eorum
1577 5163 1789 5230 conscientias
1812 5166 1926 5229 mortis
1948 5167 2067 5230 nuncio
2089 5187 2166 5230 con-

158 5254 214 5319 iici
235 5260 268 5317 et
288 5254 441 5320 confundi
463 5255 570 5332 decet,
598 5263 635 5318 ut
663 5254 742 5319 nudi
770 5261 804 5319 et
823 5256 918 5321 vacui
940 5255 982 5320 ad
1003 5257 1136 5330 miseri·
1187 5253 1304 5318 fundat
1324 5261 1359 5317 et
1378 5257 1573 5335 perterreat,
1601 5270 1643 5313 ne
1664 5247 1798 5314 damnet
1819 5263 1853 5314 et
1873 5250 1996 5332 perdat
2037 5250 2167 5332 ⁸Quem·

216 5342 443 5429 ‘araneam
483 5356 582 5411 aori
1935 5353 1955 5408 4
