4770 6030
188 344 249 404 sor
450 318 453 327 “
735 334 836 403 aas.
858 335 955 403 vm.
976 335 1068 420 (Ν.)
1112 332 1326 402 seimon
1346 331 1642 401 mosomo.
2121 341 2183 402 sos

185 454 296 519 Β190;
315 448 416 504 0191.

180 519 306 610 peoe'ata
319 433 466 589 'remiisa
493 528 594 602 erunt,
624 527 652 589 et
680 542 810 604 quorum
835 523 1024 587 retinueritis
1044 526 1160 588 retenta
1210 521 1265 587 ubi
1284 523 1331 587 ait
1354 519 1514 587 Obristus:
1543 522 1574 587 si
1598 523 1697 603 trater
1723 523 1839 604 aliquis
1865 523 2020 589 ecelesiam
2047 544 2107 590 non
2128 545 2185 589 au-

185 618 273 678 onia
298 611 334 674 in
359 609 445 675 coelo.
496 610 651 690 Adferam
676 609 953 689 interpretationum
978 628 1039 672 non
1066 628 1160 691 orpu-
1210 608 1317 686 dierit,
1341 608 1383 671 sit
1403 607 1460 671 tibi
1480 607 1560 673 sieut
1579 607 1715 673 dbnmas
1736 608 1979 690 etpublieonus,·
2006 630 2095 674 amen
2115 610 2185 676 dieo

186 704 257 777 tam,
279 716 340 761 uon
361 701 502 775 maalain,
524 716 586 761 non
603 694 765 772 detortam·
787 695 841 759 sed
854 714 1044 777 quamnam,
1063 694 1160 772 tluen·
1209 692 1302 771 oobis,
1324 713 1518 774 summoque
1537 693 1708 777 lipooeritis
1725 714 1819 775 super
1839 699 1961 773 amani,
1980 701 2069 759 erurit
2085 695 2182 778 lipata

185 790 252 863 tem
274 782 404 847 obuiam
437 780 504 846 Hos
525 781 562 844 de
583 779 772 845 remittendis
792 785 820 844 et
840 779 1007 844 retinendis
1023 779 1159 860 peeoatis
1210 783 1238 841 et
1258 779 1293 842 in
1314 777 1406 858 ooelo;
1432 798 1628 860 quaeeunque
1653 779 1819 857 solveritis,
1852 780 1953 845 solnta
1979 785 2075 848 ernrd
2119 780 2184 847 Hie

85 919 87 928 .
186 870 381 947 nmndatmn,
410 866 515 932 atillo
536 868 574 930 de
602 866 725 948 lipando
751 865 938 929 etsoloendo
962 864 1054 929 Petro
1073 864 1159 945 sada
1210 863 1292 928 loeus
1312 884 1373 927 uon
1393 865 1517 929 omnino
1543 869 1587 928 est
1606 866 1713 945 priori
1732 865 1857 945 similis,
1885 866 1939 930 sed
1960 865 2059 948 paulo
2080 866 2116 930 in
2135 866 2183 931 di

180 955 359 1038 Ρνονηεεεεῖο,
381 973 442 1017 non
463 953 527 1016 alio
549 950 652 1015 debent
672 951 798 1032 reterri,
820 971 914 1030 quarn
936 950 978 1014 ad
997 949 1081 1013 ambi
1101 951 1159 1014 mi
1209 968 1331 1014 versam
1345 948 1370 1033 ¹)
1396 955 1520 1031 partem
1552 950 1768 1033 intellipendus
1794 957 1846 1016 est.
1898 952 1971 1016 Non
2003 957 2105 1016 antem
2137 951 2183 1016 sio

185 1041 364 1106 misterium:
391 1037 472 1119 qnod
499 1039 574 1101 dum
603 1036 749 1118 apostolis
774 1035 972 1102 mammam
992 1033 1158 1114 Dominus,
1209 1034 1346 1099 diousos
1364 1035 1460 1115 foaio,
1486 1041 1521 1099 ut
1540 1056 1601 1099 non
1622 1036 1752 1100 multam
1773 1035 1903 1101 babeant
1923 1038 2003 1101 inter
2024 1058 2056 1101 se
2078 1037 2184 1119 affini·

80 1141 86 1157 ·
186 1125 283 1191 sinent
304 1129 332 1189 et
352 1124 406 1188 boa
426 1123 563 1187 solooidi
585 1121 760 1204 lipondique
781 1142 905 1186 munero
926 1122 1011 1203 ipsos
1027 1120 1159 1185 instrue
1208 1125 1306 1184 tatem.
1351 1118 1419 1185 Hoc
1440 1122 1583 1203 primm
1608 1121 1720 1202 ubique
1739 1122 1842 1186 simite
1864 1127 1922 1201 est,
1950 1123 2032 1203 quod
2052 1128 2207 1205 utraque.

187 1213 244 1276 bat.
291 1211 377 1291 Quae
397 1211 478 1272 enim
495 1214 539 1272 est
558 1227 682 1275 summ
699 1206 856 1290 eoaupelii,
877 1207 942 1271 nisi
959 1207 1040 1286 quod
1056 1226 1158 1272 annm
1208 1210 1253 1270 est
1276 1205 1430 1289 peroratis
1453 1207 1617 1286 sedentia·
1649 1208 1754 1272 uidem
1780 1227 1899 1289 semper
1926 1208 2047 1290 lipandi
2068 1209 2182 1273 soloen-

186 1298 268 1362 soroi
283 1295 402 1376 pemati
429 1299 456 1357 et
482 1294 589 1358 mortis
610 1292 758 1357 solvimur
785 1312 821 1356 ao
842 1292 1011 1363 liberamur
1031 1312 1091 1375 per
1111 1312 1158 1356 re
1208 1291 1301 1373 dique
1319 1296 1466 1374 potestas,
1494 1313 1600 1373 nempe
1615 1293 1822 1375 perverbum
1842 1292 1921 1358 Dei:
1949 1293 2031 1359 idem
2052 1295 2182 1359 manda-

186 1383 399 1464 dernptionern,
421 1399 500 1459 quoe
519 1383 564 1443 est
583 1378 619 1442 in
643 1376 764 1442 omen
785 1376 878 1458 Iesu,
904 1379 959 1459 qui
976 1398 1045 1442 oero
1070 1375 1157 1442 Obri-
1208 1383 1282 1457 tum,
1304 1377 1409 1442 eadem
1424 1379 1603 1459 prunissn'o.
1634 1377 1684 1443 Eo
1701 1383 1803 1443 autem
1819 1379 1972 1460 differrent,
1991 1381 2073 1460 quod
2088 1381 2182 1461 prior

185 1474 268 1533 stum
299 1466 488 1530 liberatorem
520 1483 556 1528 aa
586 1463 803 1544 redemptorem
822 1484 883 1528 non
910 1463 1085 1544 suscipiunt
1104 1482 1157 1528 nea
1208 1462 1291 1528 loom
1310 1463 1512 1544 peculiariter
1538 1465 1576 1529 de
1596 1464 1828 1546 praedieatione
1848 1470 1907 1543 est,
1935 1485 1998 1546 pua
2018 1464 2102 1541 uerbi
2123 1465 2181 1530 mi

186 1549 605 1718 apertisime
624 1548 1157 1716 emittm&
1207 1548 1516 1715 intentu
1533 1549 2178 1719 setimdianum

186 1725 323 1789 nationes
340 1721 557 1804 perimentum
578 1719 710 1784 traderet
730 1719 896 1798 Dominus,
919 1724 954 1783 ut
973 1739 1066 1783 suam
1082 1738 1155 1797 esse,
1207 1718 1331 1783 ecelesia
1358 1739 1447 1800 quen
1473 1721 1728 1798 excommunitat5
1753 1741 1814 1785 non
1834 1721 1914 1801 quod
1938 1721 1974 1784 in
1995 1727 2177 1803 perpetuam

187 1815 254 1875 ota
274 1830 307 1873 se
321 1807 492 1890 profectam
513 1804 710 1888 approbaret,
734 1804 788 1870 boe
803 1805 967 1886 praeclaro
987 1805 1156 1870 testimonio
1207 1805 1334 1869 urinam
1362 1825 1399 1869 ao
1424 1806 1662 1886 desperatmrn
1689 1806 1845 1884 ooniioiat,
1872 1805 1926 1870 sed
1951 1808 2025 1886 quia
2046 1808 2114 1872 eius
2134 1807 2178 1871 oi-

187 1916 253 1960 earn
282 1893 456 1970 tonuerit,
483 1891 575 1971 darie
601 1891 635 1953 in
660 1892 807 1954 animiam
834 1890 1065 1956 oonsolationem
1090 1895 1156 1954 tum
1207 1895 1271 1954 tarn
1301 1900 1460 1955 ao‘mores
1486 1890 1629 1971 damnat;
1656 1911 1707 1970 aa,
1732 1892 1797 1955 nisi
1817 1892 1996 1973 resipuerit,
2022 1892 2086 1956 rom
2107 1913 2177 1957 eum

187 1979 390 2061 apostolorum
411 1977 563 2057 ipsorum,
590 1981 657 2039 tum
678 1996 782 2039 eorum
802 1996 918 2056 quoque
938 1976 1091 2054 ornnium,
1114 1975 1157 2039 ad
1207 1995 1282 2040 suae
1308 1975 1517 2041 damnationis
1541 1977 1689 2041 admonet.
1734 1975 1847 2055 Solvit,
1874 1998 1964 2058 quen
1990 1979 2026 2041 in
2047 1998 2192 2056 mmmm

186 2086 261 2148 quos
275 2067 464 2146 perventura
486 2066 559 2126 erat.
605 2060 780 2142 Referebat,
808 2067 843 2126 ut
869 2061 999 2142 apostoli
1019 2066 1156 2125 roriston·
1206 2061 1329 2126 aionem
1343 2062 1461 2143 resipit,
1483 2062 1560 2141 quia
1580 2062 1661 2126 velut
1683 2063 1869 2142 participem
1889 2063 2055 2144 eumfacit
2076 2064 2178 2128 unita-

185 2157 243 2216 tem
263 2171 301 2214 aa
316 2148 448 2214 solidam
469 2168 545 2212 suae
567 2147 812 2227 praedicationis
839 2148 1048 2212 certdrdinem
1067 2145 1157 2211 liobe
1207 2148 1263 2225 tis,
1295 2166 1389 2227 quam
1414 2146 1502 2211 babet
1526 2147 1561 2210 in
1584 2145 1706 2212 Gluisto
1728 2146 1812 2211 Iesu.
1857 2146 1907 2213 Ne
1927 2150 1999 2228 quis
2019 2169 2088 2231 erpo
2110 2169 2177 2214 oon-

184 2242 266 2314 rent;
293 2255 388 2315 airaon
408 2254 469 2297 ruore
495 2232 581 2296 niodo
603 2231 735 2312 intents
754 2232 921 2310 laboribus,
944 2233 1044 2311 auris,
1067 2232 1156 2296 mole-
1207 2232 1369 2297 tumea-iter
1397 2231 1536 2297 ecelesiae
1556 2232 1710 2296 iudicium
1735 2237 1915 2311 oontenmt,
1943 2239 1999 2297 aut
2013 2234 2110 2315 parvi
2128 2236 2178 2315 fa-

184 2323 269 2398 etis,
287 2319 439 2401 periodis
460 2317 573 2382 obituri
592 2323 692 2397 erant,
712 2317 766 2382 sed
786 2338 842 2382 suo
864 2318 986 2382 denium
1006 2317 1156 2401 sanquine
1207 2318 1282 2397 aiat,
1304 2337 1337 2382 se
1354 2317 1493 2399 fidetium
1513 2318 1677 2400 suffrapiis
1696 2317 1891 2396 damnmum,
1919 2323 2047 2383 testatur
2067 2319 2177 2384 Domi-

185 2406 383 2488 obsipnaturi.
433 2404 559 2485 Ipsam,
580 2404 724 2484 inquom,
757 2409 792 2468 ut
819 2403 930 2468 seirent
955 2424 1016 2468 non
1041 2422 1156 2468 vanam
1207 2423 1269 2468 nus
1289 2403 1349 2468 tale
1367 2403 1763 2484 taurominitanum
1783 2402 1872 2468 aliud
1893 2422 1971 2482 esse,
1994 2424 2089 2483 quom
2110 2426 2177 2471 sen·

185 2513 262 2569 esse,
293 2511 346 2556 nea
371 2492 510 2567 inanem,
541 2490 595 2553 sed
616 2489 770 2570 potentiae
796 2488 924 2571 domm
955 2509 992 2553 aa
1022 2489 1155 2553 obtutis.
1207 2489 1316 2554 lentim
1335 2509 1412 2554 suae
1431 2488 1722 2572 prornulpationern;
1749 2494 1910 2570 ratumque
1935 2488 2041 2553 lraberi
2062 2490 2097 2553 in
2116 2511 2177 2556 ooo-

186 2576 359 2657 Referebat,
387 2575 477 2640 utin
498 2579 585 2639 tanto
606 2576 807 2640 arraietateet
834 2595 939 2638 rerum
965 2575 1154 2656 diffieultate,
1207 2574 1257 2653 lis,
1282 2575 1364 2654 quod
1388 2574 1438 2639 illi
1466 2576 1501 2639 in
1527 2580 1611 2640 terra
1637 2575 1758 2657 eperint.
1802 2571 1924 2638 Habent
1949 2575 2032 2637 eninr
2053 2575 2177 2640 nubum

184 2663 335 2743 tantisque
361 2659 609 2739 discriminibus,
642 2659 704 2724 Dei
731 2681 763 2724 se
794 2661 949 2743 napinam
972 2681 1062 2743 apere
1083 2680 1157 2741 per-
1207 2658 1285 2738 Dei,
1307 2679 1366 2740 quo
1387 2680 1551 2742 perorsos
1572 2660 1731 2738 duanam
1759 2659 2108 2740 lambertumque
2130 2683 2176 2726 re·

185 2749 273 2813 suasi
294 2753 408 2826 essent,
429 2751 477 2823 ut,
499 2750 556 2810 toto
577 2747 692 2810 mundo
713 2746 893 2810 adversante
913 2751 941 2810 et
960 2750 1155 2828 repupuante,
1207 2745 1385 2826 sipisoentes
1411 2747 1447 2810 in
1472 2747 1611 2829 qratiam
1635 2746 1793 2826 resipiant.
1837 2744 1958 2810 Errare
1986 2749 2088 2809 autem
2116 2767 2177 2810 non

184 2834 289 2899 Deum
308 2854 370 2915 pro
397 2854 430 2897 se
456 2836 539 2895 stare
564 2837 784 2914 represserant,
810 2836 845 2894 nt
868 2828 1026 2896 medum
1047 2831 1156 2896 doetri-
1201 2836 1343 2912 possunt,
1364 2851 1418 2897 neo
1439 2854 1461 2896 a
1480 2830 1544 2897 Dei
1564 2832 1680 2897 iudicio
1701 2831 1877 2910 dissentire,
1898 2831 1975 2912 pura
1994 2823 2119 2895 ninnui
2140 2852 2177 2896 en

184 2940 242 2983 noe
267 2939 343 2983 suae
369 2923 519 2995 alemeon,
551 2921 672 2998 aspeda
698 2918 733 2980 iu
764 2921 848 2982 terra
871 2922 1064 2997 praesentem
1094 2936 1156 2980 non
1207 2916 1269 3000 leae
1295 2916 1359 2982 Dei
1389 2917 1542 2996 iudicant,
1574 2938 1653 2998 quae
1679 2937 1741 2982 non
1767 2919 1883 2982 ineerta
1908 2921 1952 2981 est
1977 2921 2032 2981 aut
2057 2921 2177 2982 terrena

184 3005 337 3080 babeam,
364 3004 469 3085 ipsum
490 3023 554 3067 esse
575 3004 610 3066 iu
630 3002 706 3067 coelo
726 3002 937 3085 iiddliperent,
966 3003 1009 3067 ad
1027 3003 1156 3083 firmari-
1207 3003 1319 3083 opinio,
1341 3003 1395 3069 sed
1416 3007 1523 3068 saneto
1544 3001 1608 3067 Dei
1635 3003 1788 3081 uoluntas,
1814 3008 1842 3067 et
1867 3003 1987 3068 eoeleste
2007 3002 2176 3068 oraculum.

185 3091 258 3154 dani
284 3089 364 3167 eius,
394 3109 488 3169 auom
509 3089 570 3153 sibi
596 3089 783 3166 tradiderat,
811 3089 966 3153 mutinae
992 3089 1156 3152 veritatem
1207 3086 1262 3152 Ea
1282 3088 1354 3153 istis
1374 3088 1491 3153 duobus
1510 3088 1599 3167 laam,
1621 3109 1697 3170 quos
1717 3093 1751 3153 ut
1771 3087 1906 3169 braritm
1928 3089 1975 3153 ita
1991 3093 2019 3154 et
2037 3089 2178 3170 familia·

191 3173 351 3256 Oportebat
376 3194 519 3251 rursum,
553 3179 580 3238 et
606 3173 801 3239 auditoribus
823 3174 990 3238 mtissime
1017 3173 1156 3254 testifica-
1205 3173 1283 3238 riter
1302 3179 1330 3238 et
1350 3195 1419 3239 vere
1438 3194 1602 3239 enarrasse
1620 3174 1699 3239 inibi
1726 3174 1844 3254 videor,
1870 3174 1988 3256 furiosi
2008 3174 2071 3254 illi,
2093 3174 2177 3240 undo

187 3266 253 3323 turn
272 3279 350 3337 esse,
377 3259 466 3323 illam
487 3260 636 3342 eoarpelii
656 3260 839 3338 dootrioram,
862 3279 924 3324 non
950 3259 1157 3342 apostolorum
1206 3259 1399 3338 disorimine,
1416 3264 1513 3343 prout
1531 3279 1592 3324 sua
1613 3261 1760 3344 nertipine
1777 3260 1935 3342 suuntur,
1962 3281 2044 3325 nuno
2064 3262 2177 3343 amites·

187 3366 251 3411 esse
279 3365 460 3422 serumnem,
491 3345 545 3408 sed
565 3344 630 3410 Dei
655 3347 775 3428 ipsius,
806 3365 867 3410 non
892 3365 992 3410 oooern
1018 3346 1054 3409 in
1073 3349 1156 3409 terra
1206 3345 1331 3424 sionem
1352 3366 1433 3411 nune
1453 3347 1800 3426 maurmuniaationem,
1821 3348 1903 3412 nune
1923 3347 2175 3426 iurisdietionem,

188 3436 308 3509 natam
335 3432 427 3495 sede
454 3429 531 3495 coelo
557 3431 724 3512 delapsam.
769 3431 841 3495 Non
860 3431 942 3496 enon
962 3433 997 3495 in
1021 3431 1156 3496 luminis
1206 3451 1288 3496 nuno
1318 3432 1372 3497 ius
1398 3431 1544 3497 condendi
1570 3433 1663 3517 lepos,
1695 3452 1777 3498 nnnc
1807 3432 2014 3515 indulperdias
2045 3437 2177 3498 statuere

182 3521 327 3598 potestate
347 3516 420 3581 liaeo
440 3535 505 3580 esse
524 3521 670 3596 possunt,
691 3521 886 3599 peecatorum
906 3517 1061 3595 remissio,
1083 3538 1157 3599 pro·
1207 3520 1361 3582 ursanum.
1407 3515 1550 3583 Priorem
1575 3538 1645 3583 oero
1669 3519 1713 3584 ad
1739 3519 1940 3583 astruendum
1965 3538 2111 3583 romonae
2131 3539 2177 3584 se

187 3603 296 3667 missio
315 3603 396 3666 oilae
417 3606 563 3680 mmmm,
581 3602 694 3667 salutis
714 3604 866 3668 nundum.
898 3603 1092 3684 Testifieatus
1112 3608 1157 3668 est
1206 3603 1258 3667 dis
1281 3605 1454 3685 priniatum
1481 3604 1620 3688 adepont
1663 3604 1719 3669 Ita
1743 3609 1855 3669 norunt
1882 3605 1980 3668 elavos
2010 3623 2088 3669 suas
2107 3606 2176 3686 qui·

187 3685 431 3771 erposGbristus,
460 3686 540 3749 nibil
559 3687 594 3750 in
620 3688 770 3772 eooupelii
791 3689 1021 3771 praedieatione
1040 3693 1157 3771 aposto
1207 3687 1265 3753 bus
1285 3690 1388 3756 risum
1408 3694 1453 3756 est
1472 3695 1580 3771 aptare
1599 3690 1681 3756 seris
1700 3695 1728 3755 et
1749 3691 1846 3769 ostiis,
1868 3695 1903 3754 ut
1922 3690 2011 3755 duas
2030 3694 2091 3756 tota
2111 3692 2176 3756 rita

187 3774 288 3839 mrum
313 3793 392 3851 esse,
415 3775 542 3855 praeter
566 3774 788 3839 ministeriun:
821 3795 853 3839 se
874 3775 1013 3855 assequi
1035 3794 1095 3854 per
1111 3795 1157 3840 eo-
1207 3795 1257 3840 eos
1277 3779 1375 3840 artem
1393 3775 1538 3858 fabrilem
1552 3777 1737 3847 ‚enuauisse

187 3880 258 3925 neni
278 3880 348 3938 ora,
376 3859 456 3923 oelut
476 3879 536 3938 per
562 3879 694 3940 mpura,
723 3860 894 3940 maumam
915 3861 1020 3925 annia
1041 3865 1156 3942 etpro-
1295 3865 1344 3925 91.
1402 3861 1515 3927 Verum
1547 3861 1585 3926 de
1611 3861 1687 3926 aliis
1711 3881 1768 3926 suo
1799 3860 1867 3924 looo.
1919 3860 2012 3925 Nune
2043 3861 2109 3926 illis
2140 3861 2177 3926 de

187 3947 322 4011 mmmm.
371 3943 482 4024 Itaque
509 3949 700 4025 peecatorum
728 3947 953 4024 remissionem,
980 3966 1075 4026 anam
1102 3967 1157 4010 aa·
1201 3947 1346 4028 primatu
1372 3948 1618 4029 respondeamus.
1669 3944 1825 4023 Christus,
1860 3946 2018 4026 inperium,
2049 3946 2177 4012 Petrum

186 4033 378 4107 nurtiarent,
407 4050 512 4094 ueram
535 4050 598 4094 esse
621 4029 685 4094 Dei
707 4032 960 4112 promissionem,
986 4032 1156 4097 damnatio
1208 4031 1348 4097 eodesiae
1369 4034 1533 4097 uniousae
1543 4032 1719 4113 prinoipem
1735 4031 1895 4109 constitnit,
1917 4052 2013 4113 quum
2030 4032 2177 4097 daturum

187 4309 297 4370 maone
317 4293 432 4365 manet,
453 4308 532 4367 onae
552 4289 694 4352 certiores
715 4307 817 4352 omnies
837 4309 1017 4370 securosque
1038 4251 1155 4367 reddat,
1206 4309 1282 4353 num
1308 4225 1413 4354 5555.
1458 4287 1496 4354 st
1523 4288 1605 4354 idem
1634 4289 1719 4354 iuris
1749 4225 1996 4354 muoimnqeir
2027 4288 2174 4367 munibus,

186 4373 335 4457 eoonpdii
355 4373 493 4452 vebum,
518 4396 539 4438 a
555 4393 731 4454 emmaque
751 4374 872 4438 landen
893 4375 1013 4439 bomine
1028 4372 1156 4454 praedi·
1206 4375 1288 4456 qnod
1307 4374 1365 4438 uni
1379 4375 1584 4456 prornissum,
1607 4395 1670 4457 qua
1690 4376 1725 4438 in
1744 4395 1778 4439 re
1798 4375 1857 4438 erit
1875 4374 1927 4439 ille
1948 4374 2066 4457 eodepis
2087 4394 2176 4456 supe-

184 4464 274 4539 celur,
291 4459 492 4541 ipsissimam
513 4478 577 4523 esse
598 4459 663 4524 Dei
683 4459 870 4538 senteutiam,
893 4460 979 4541 opud
999 4478 1156 4523 summurn
1206 4460 1296 4526 rior?
1339 4460 1382 4525 In
1401 4481 1443 4540 eo,
1464 4461 1615 4542 omniunt,
1638 4460 1761 4539 meelli't,
1782 4461 1862 4541 quod
1883 4464 1911 4523 et
1930 4460 2127 4526 communiter
2148 4464 2176 4525 et

183 4544 320 4608 tribunat
335 4544 632 4627 promulpatam„in
653 4545 730 4609 libro
751 4545 831 4609 uitae
847 4548 1005 4628 seriptum,
1027 4545 1062 4609 in
1079 4544 1156 4609 eaelo
1206 4566 1345 4613 seorsum
1377 4547 1503 4628 erupit,
1528 4547 1608 4628 quad
1635 4547 1711 4612 aliis
1730 4567 1791 4611 non
1816 4546 1925 4624 duur,
1958 4546 2022 4609 nisi
2044 4546 2079 4609 in
2100 4565 2177 4609 aorn-

182 4635 301 4709 ratam,
327 4632 466 4710 sinnam,
489 4651 526 4694 ao
549 4632 656 4711 tinam
700 4630 871 4709 Habemus,
895 4635 1074 4712 potestaten
1095 4630 1155 4696 ola
1206 4653 1304 4699 mune.
1352 4633 1435 4714 Quid
1461 4633 1492 4697 si
1517 4652 1587 4697 oum
1616 4631 1771 4715 Oppriano
1798 4637 1825 4695 et
1851 4631 2028 4714 Aupustino
2053 4651 2177 4711 respon-

183 4717 268 4780 oium
289 4735 353 4780 esse
373 4715 555 4797 simplieiter
576 4717 611 4779 in
635 4716 701 4781 iltis
728 4717 802 4782 loeis
822 4717 971 4800 evaupelii
992 4717 1156 4798 praalioa·
1206 4718 1303 4797 deam,
1324 4739 1386 4783 non
1406 4719 1473 4784 ideo
1493 4719 1528 4783 id
1545 4719 1654 4800 fnisse
1672 4717 1837 4793 Obristurn,
1859 4722 1893 4780 ut
1909 4717 2059 4780 bortrinem
2078 4736 2176 4781 unum

182 4801 309 4880 tionem
330 4821 383 4865 neo
404 4807 468 4865 tarn
484 4806 662 4883 potestatem
684 4823 749 4867 esse
770 4822 864 4882 quam
884 4803 1103 4881 ministerium,
1124 4802 1155 4866 si
1207 4803 1282 4868 aliis
1297 4804 1481 4886 praeferret,
1504 4805 1558 4870 sed
1582 4810 1617 4868 ut
1638 4803 1777 4868 salomae
1797 4803 1944 4865 ueritatem
1965 4803 2010 4865 sio
2031 4822 2176 4867 mmoun

184 4887 226 4950 ad
257 4887 393 4952 homines
419 4888 612 4970 respicimus.
663 4888 736 4953 Noa
763 4890 844 4953 enim
873 4887 1048 4952 luminibus
1075 4888 1155 4953 bana
1206 4889 1316 4953 daret?
1366 4888 1419 4954 Sia
1446 4891 1527 4954 eriim
1552 4889 1687 4971 loquitur
1716 4888 1908 4970 Cyprianus:
1922 4886 1951 4971 2)
1982 4889 2016 4951 in
2040 4908 2176 4969 persona

178 4977 355 5053 potestatem
371 4975 500 5054 proprie
524 4972 668 5039 Christus
689 4974 779 5051 dedd,
802 4975 855 5039 sed
876 4973 963 5038 verbo
979 4994 1044 5053 suo,
1065 4975 1155 5039 ouius
1205 4975 1302 5038 uilius
1328 4974 1462 5040 luminis
1487 4974 1659 5040 Dominum
1685 4974 1805 5037 dedisse
1831 4972 1970 5036 omnibus
1997 4973 2109 5053 danes,
2142 4977 2178 5038 ut

183 5056 320 5123 bominis
341 5059 499 5123 ministros
519 5059 598 5139 feeit.

233 5144 236 5148 ’
270 5149 320 5208 90.
365 5143 468 5222 Alter,
491 5166 579 5225 quem
600 5145 637 5210 de
663 5144 783 5228 libandi
805 5149 832 5209 ot
851 5144 985 5209 solvendi
1008 5148 1156 5227 potestate
1209 5149 1293 5154 ”’“”’
1312 5149 1324 5153 ”
1343 5150 1409 5154 ””

184 5233 302 5294 exstare
328 5230 480 5308 (ttulimus,
510 5231 592 5296 &taus
614 5230 767 5296 Matthaei
787 5235 839 5295 18.
868 5229 913 5315 (v.
936 5230 989 5313 18)
1018 5230 1154 5310 liabetur,
1276 5246 1304 5313 l)
1321 5247 1434 5299 alteram
1453 5228 1526 5300 isit.
1546 5244 1621 5299 1545.
1691 5245 1721 5313 2)
1739 5246 1777 5298 De
1796 5244 1909 5312 simplic.
1928 5247 2041 5314 praelat.

1182 5579 1196 5627 1,
