4770 6030
193 354 234 414 00
838 347 1103 415 111οΤ110110
1125 349 1228 413 Rau.
1253 344 1432 413 01111101.
1460 333 1549 410 1536.
2154 349 2197 409 oo

192 538 269 622 (les.
296 536 361 622 43).
413 537 459 600 Et
485 543 595 600 tamen
623 557 698 601 cum
732 535 850 601 dicitnr
881 537 1040 618 principio
1066 538 1166 602 fuisse
1218 559 1303 601 unus
1322 537 1414 601 Deus
1436 543 1528 615 sunt,
1550 536 1654 618 qualis
1676 544 1726 615 est
1747 537 1846 601 istaec
1867 536 2051 611 morositas,
2074 536 2196 618 impro-

191 624 279 708 apud
306 624 443 699 Deum,
463 627 653 704 patremque
674 621 787 686 fecisse
810 615 874 703 ¹per
900 622 993 689 illum
1023 624 1166 703 saecula;
1218 623 1296 686 bare
1324 623 1438 700 verba,
1466 643 1549 703 quas
1575 643 1641 685 non
1669 621 1757 685 aliud
1784 621 1962 703 explicant,
1990 643 2088 703 quam
2109 621 2196 704 quod

191 717 360 792 praeterea
382 708 548 788 cumipse
570 714 718 784 testatur,
741 707 924 772 claritatem
945 729 1086 772 suamse
1107 708 1167 774 ha
1219 708 1388 790 seripturis
1409 714 1565 771 testatum
1586 708 1672 773 oons'
1699 715 1874 789 natumque
1896 707 1967 771 est?
2013 704 2125 772 Satius
2147 710 2194 773 fo-

190 795 299 861 buisse
331 792 417 876 apud
443 801 585 876 patrem,
619 799 793 875 antequam
818 793 960 857 mundus
986 795 1093 871 fieret,
1118 795 1167 859 di·
1219 801 1284 872 ret,
1318 794 1484 875 inquiunt,
1519 814 1584 857 non
1615 810 1711 857 mco
1743 815 1839 857 sensa
1860 803 1985 869 nostra,
2015 790 2072 856 sed
2095 796 2196 860 verba

191 881 320 945 stinctio
346 878 542 958 ostenditur;
575 880 681 962 magis
713 880 812 942 etiam
842 881 1011 960 perspicue
1045 903 1087 944 011
1119 902 1166 959 eo,
1219 880 1318 943 etiam
1339 881 1427 943 intra
1447 880 1625 960 scripturae
1646 880 1729 942 fines
1750 879 1923 954 continere,
1949 899 2047 961 quam
2069 881 2196 945 exotica

190 966 276 1048 quod
296 987 362 1029 non
383 971 477 1047 pater
497 965 625 1029 venisse
648 971 681 1029 et
702 985 834 1028 carnem
852 973 997 1029 nostram
1014 965 1167 1045 induisse,
1219 966 1320 1029 verba
1341 985 1502 1048 spargere,
1524 987 1608 1047 quae
1630 963 1866 1028 dissensionum
1888 986 1925 1028 ao
1942 965 2122 1052 iurgiorum
2144 988 2195 1031 se-

101 1129 103 1133 ,
190 1052 248 1120 sed
269 1051 356 1116 filius
385 1072 405 1114 a
431 1057 523 1132 patro
545 1051 666 1127 exisse,
696 1057 734 1113 ut
762 1049 805 1114 ad
826 1070 885 1114 nos
906 1051 1115 1116 descenderet
1136 1059 1169 1115 et
1219 1051 1358 1114 minaria
1375 1050 1486 1114 futura
1502 1051 1574 1114 sint.
1614 1048 1671 1115 Sic
1684 1051 1772 1114 enim
1787 1049 1961 1132 languetur
1976 1051 2062 1114 circa
2079 1053 2195 1116 verbo-

190 1138 288 1202 homo
319 1138 413 1201 fieret
442 1136 560 1201 dicitur
596 1136 700 1220 (Ioan.
729 1140 755 1200 1.
799 1137 901 1202 Hebr.
931 1140 956 1199 l.
1001 1138 1091 1201 Ioan.
1119 1142 1165 1200 17.
1220 1158 1294 1199 rum
1308 1158 1445 1220 pugnas,
1463 1137 1509 1201 sio
1524 1138 1646 1200 veritas
1663 1135 1848 1200 altercando
1865 1137 2033 1213 amittitur,
2052 1137 2098 1201 sio
2111 1139 2195 1202 cari·

189 1224 281 1288 Ioan.
304 1221 495 1287 1601011111.
529 1221 627 1286 Zach.
650 1220 713 1306 13).
754 1223 937 1304 Utrumque
959 1223 1056 1287 simul
1081 1223 1167 1306 apud
1219 1228 1269 1285 tas
1303 1249 1329 1300 p.
1345 1219 1418 1308 111]
1432 1221 1627 1288 dissolvitur.
1651 1218 1688 1286 si
1699 1222 1836 1286 verbum
1846 1222 2008 1286 exotioum
2020 1222 2193 1304 appellant,
2301 1263 2304 1267 >

190 1307 1167 1392 011011101111011110101110111100011111001,0111110101οο0οω
1218 1328 1262 1389 qu
1324 1307 1459 1372 totidem
1477 1307 1611 1392 syllabis
1628 1309 1840 1389 compositum
1857 1309 1892 1371 in
1909 1307 2070 1389 scriptura
2086 1317 2195 1375 osten·

191 1394 244 1459 vel
266 1401 440 1478 cognatum
467 1394 575 1474 ipsum
600 1393 749 1475 appellat.
794 1394 869 1458 Non
893 1400 1073 1459 0010010111
1094 1395 1167 1459 Deo
1219 1392 1252 1457 di
1274 1415 1340 1457 non
1360 1395 1475 1476 possit,
1503 1394 1650 1476 iniquam
1669 1414 1747 1457 sane
1767 1392 1876 1477 legem
1898 1393 1991 1457 nobis
2012 1393 2193 1475 imponunt,

190 1487 347 1563 cognatus
363 1479 416 1545 vol
433 1479 546 1555 socius,
570 1479 634 1542 nisi
650 1486 810 1561 quatenus
825 1481 925 1545 Deus.
951 1481 1119 1558 Rursum,
1138 1483 1166 1545 si
1218 1500 1282 1561 qua
1314 1478 1512 1544 damnantur
1544 1501 1655 1545 omnes
1683 1480 1866 1556 conciones,
1900 1500 1983 1562 quae
2015 1480 2195 1562 scripturae

191 1566 295 1630 socius
307 1573 365 1644 est,
382 1565 571 1628 distinctum
582 1586 652 1629 esse
672 1560 712 1650 [p.
727 1563 802 1651 109]
815 1572 948 1648 oportet,
963 1565 1090 1648 quando
1100 1589 1167 1631 non
1218 1571 1372 1629 0011101110
1404 1587 1471 1629 non
1508 1567 1783 1631 consarcinantur.
1835 1563 1895 1629 Sin
1933 1564 2097 1630 0101100111
2128 1567 2195 1633 illis

191 1659 241 1717 est
256 1652 392 1717 societas
406 1650 572 1714 nisiinter
588 1650 676 1714 duos.
704 1648 866 1734 Spiritum
883 1659 1032 1717 sanetum
1048 1651 1167 1717 diserte
1218 1657 1285 1729 est,
1315 1651 1401 1733 quod
1428 1652 1553 1716 curiose
1585 1652 1804 1735 excogitatum
1835 1650 2055 1732 superstitiose
2082 1650 2194 1717 defen·
2266 1659 2268 1662 ’

189 1737 300 1803 Deum
332 1758 402 1802 esse
433 1737 622 1817 pronuntiat
651 1736 771 1801 Petrus
805 1739 840 1802 in
873 1738 966 1802 Actis
1009 1737 1096 1822 (Act.
1122 1737 1164 1823 5).
1219 1734 1320 1816 ditur,
1343 1737 1429 1819 quod
1457 1737 1499 1802 ad
1525 1738 1763 1802 contentionem
1791 1738 1896 1820 magis
1916 1757 2015 1819 quem
2042 1735 2084 1801 ad
2105 1738 2195 1803 aedi·

189 1824 304 1888 Alium
330 1831 441 1892 tamen
469 1843 538 1886 esse
567 1843 588 1886 0
615 1821 766 1905 Christo,
791 1823 865 1905 plus
892 1823 1004 1888 docem
1025 1823 1104 1888 locis
1125 1845 1167 1888 ex
1217 1822 1402 1887 ficationem
1438 1823 1539 1900 valet,
1578 1823 1663 1904 quod
1700 1822 1754 1886 vel
1791 1823 1975 1904 importune
2013 1822 2067 1887 vel
2102 1824 2193 1889 nullo

189 1908 323 1973 Ioannis
340 1907 521 1990 Evangelio
538 1915 665 1973 constat
682 1907 786 1992 (10011.
808 1914 856 1973 14.
879 1910 941 1992 15).
977 1906 1044 1973 Sed
1063 1911 1168 1973 omni-
1218 1908 1326 1972 fructu
1358 1919 1547 1990 usmpatur,
1582 1908 1668 1991 quod
1700 1929 1760 1971 sua
1794 1909 1968 1990 asperitate
1994 1909 2065 1989 pias
2097 1929 2194 1976 aures

189 1992 656 2059 01001011001111011001010111
677 1996 870 2079 mysterium
887 1995 1062 2077 explicavit
1079 1996 1167 2060 Pau·
1219 1993 1368 2070 offendit,
1401 1994 1486 2077 quod
1518 2016 1537 2058 a
1570 1995 1662 2059 verbi
1693 1993 1758 2058 Dei
1790 1993 1995 2075 simplicitate
2023 1994 2193 2075 abstrahit

190 2079 242 2145 lus
265 2079 374 2165 (Rom
394 2077 439 2163 8),
462 2100 538 2143 cum
556 2080 706 2162 spiritum
726 2080 859 2160 Christi,
882 2091 915 2145 et
932 2081 1082 2163 spiritum
1098 2082 1182 2159 eius
1218 2100 1330 2142 eorum
1351 2080 1557 2144 sobrietatem
1578 2086 1646 2144 toto
1667 2081 1775 2144 animo
1796 2079 1980 2161 amplector.
2014 2079 2090 2145 Non
2106 2082 2195 2147 enim

211 2167 247 2231 ui
274 2165 443 2230 suscitavit
467 2164 620 2229 Iesuma
647 2168 798 2245 mortuis,
821 2168 1002 2249 promiscue
1028 2168 1164 2232 vocavit.
1218 2166 1336 2229 minori
1367 2167 1523 2248 religione
1555 2164 1596 2229 de
1621 2167 1693 2230 Deo
1725 2164 1818 2229 nobis
1850 2164 2062 2248 loquendum,
2095 2187 2195 2248 quam

190 2187 229 2317 gi
258 2252 345 2316 enim
376 2271 461 2314 unus
489 2257 539 2314 est
563 2253 665 2333 patris
693 2260 726 2316 et
751 2253 811 2317 filii
833 2253 978 2335 spiritus,
1012 2261 1106 2335 pater
1134 2261 1167 2316 et
1217 2251 1426 2333 cogitandum
1448 2253 1564 2328 sentio,
1592 2251 1720 2334 quando
1742 2259 1775 2314 et
1795 2250 1950 2333 quidquid
1972 2250 2012 2314 de
2034 2272 2072 2314 oo
2094 2272 2115 2315 a
2134 2274 2194 2317 no-
2231 2255 2233 2258 ’

189 2338 277 2402 filius
301 2359 404 2401 unum
430 2337 497 2400 sint
524 2344 657 2419 oportet.
698 2339 859 2416 Rursum,
884 2339 1033 2421 spiritum
1060 2339 1167 2421 ipsum
1218 2335 1268 2400 bis
1289 2338 1469 2420 cogitamus
1490 2337 1626 2402 stultum
1649 2344 1707 2416 est,
1730 2343 1764 2400 et
1783 2335 1939 2419 quidquid
1959 2337 2123 2418 loquimur
2142 2339 2194 2403 in·

188 2444 293 2488 unum
315 2444 385 2488 esse
411 2444 486 2486 oum
506 2430 599 2506 patre
621 2431 654 2509 et
679 2424 747 2488 filio
773 2426 937 2501 convenit,
960 2446 1035 2489 oum
1057 2425 1166 2490 nullus
1220 2422 1353 2487 sulsum.
1397 2424 1460 2487 Est
1486 2431 1596 2487 tamen·
1624 2422 1739 2488 modus
1761 2422 1876 2504 aliquis
1897 2421 2085 2488 servandus.
2129 2424 2195 2490 Pe-

190 2531 211 2574 a
238 2510 354 2592 spiritu
384 2528 441 2572 suo
469 2507 617 2573 diversus
643 2511 693 2575 sit.
745 2508 950 2574 Cavillantur
976 2509 1109 2593 quidam
1131 2532 1165 2575 se
1218 2507 1318 2572 tenda
1337 2515 1424 2574 00110
1447 2514 1497 2573 001
1517 2530 1558 2572 ex
1576 2509 1744 2591 scripturis
1761 2514 1794 2571 01
1810 2507 1973 2591 cogitandi
1990 2515 2024 2572 et
2042 2507 2194 2590 loquendi

189 2594 303 2660 audire
323 2594 433 2658 Deum
454 2595 605 2675 spiritum
626 2617 705 2673 esse,
728 2595 801 2660 ideo
821 2595 906 2659 nihil
927 2617 961 2659 se
984 2596 1166 2679 intelligere
1218 2594 1348 2677 regula3
1383 2594 1425 2657 ad
1457 2594 1542 2659 hanc
1575 2596 1731 2659 amussim
1769 2599 1802 2658 et
1832 2595 1951 2657 mentis
1983 2594 2192 2676 cogitationes

187 2702 247 2763 per
274 2681 426 2762 spiritum
458 2701 557 2761 quam
583 2681 693 2745 Deum
717 2688 852 2763 patrem.
904 2679 971 2744 Sed
998 2689 1036 2743 01
1056 2681 1166 2745 Ι)00111
1218 2700 1344 2758 omnes,
1367 2687 1401 2744 01
1422 2682 1487 2744 0110
1509 2681 1609 2745 verba
1631 2680 1792 2763 exigenda
1817 2686 1901 2744 sunt
1947 2678 2015 2745 Sed
2036 2679 2114 2761 quid
2135 2703 2192 2746 ve-

187 2787 259 2832 esse
285 2766 435 2848 spiritum
468 2765 620 2844 audiunt;
648 2769 695 2832 ita
722 2767 821 2831 etiam
852 2766 989 2831 audiunt
1016 2768 1166 2849 spiritum
1218 2772 1274 2842 tat,
1297 2767 1478 2849 quominus,
1501 2787 1584 2849 quac
1604 2768 1714 2849 captui
1734 2772 1845 2830 nostro
1862 2765 2019 2847 perplexa
2038 2765 2074 2828 in
2091 2768 2192 2850 scrip-

188 2859 338 2918 sanotum
366 2872 447 2934 esse
465 2852 616 2933 spiritum
642 2853 715 2917 Dei.
765 2852 858 2916 Nihil
891 2873 968 2934 ergo
995 2860 1164 2935 repugnat,
1217 2852 1299 2916 turis
1319 2852 1536 2935 impeditoque
1558 2858 1643 2932 sunt,
1665 2873 1705 2916 ea
1725 2852 1833 2917 verbis
1854 2850 2056 2933 planioribus
2073 2851 2193 2918 edisse-

187 2959 251 3021 quo
272 2938 381 3002 minus
401 2943 469 3001 tota
490 2937 555 3001 Dei
574 2940 715 3002 essentia
736 2938 913 3020 spiritualis
934 2939 985 3015 sit,
1008 2944 1042 3002 et
1056 2939 1092 3002 in
1109 2939 1167 3003 illa
1217 2937 1353 3020 ramusl
1406 2937 1500 3018 Quae
1531 2944 1643 3003 tamen
1676 2938 1825 3021 religiose
1857 2943 1890 3001 et
1922 2936 2062 3001 fideliter
2091 2938 2194 3020 ipsius

91 3101 95 3112 .
188 3024 330 3089 essentia
368 3023 434 3087 sint
466 3028 578 3104 pater,
612 3024 699 3088 filius
733 3031 766 3086 et
799 3025 940 3107 spiritus.
1001 3023 1070 3089 Neo
1110 3024 1165 3089 de-
1218 3024 1395 3105 scripturae
1417 3025 1548 3088 veritati
1565 3026 1710 3090 serviant
1730 3029 1764 3088 01
1779 3043 1877 3105 parce
1893 3022 2109 3104 modesteque,
2132 3046 2195 3090 neo

187 3111 321 3173 fuerumt
341 3109 397 3191 qui
418 3108 577 3180 dicerent.
604 3116 669 3173 non
692 3110 757 3173 alia
777 3111 902 3174 ratione
925 3109 1049 3188 Deum,
1078 3132 1165 3176 nuno
1218 3110 1299 3174 citra
1320 3111 1521 3174 occasionem
1547 3116 1754 3192 usurpentur.
1799 3107 1987 3173 Occurrunt
2005 3109 2194 3190 quotidiana

72 3234 77 3242 ·
188 3201 332 3277 patrem,
366 3216 454 3259 nuno
479 3194 599 3274 filium,
633 3217 720 3260 nuno
748 3197 899 3277 spiritum
930 3202 1080 3260 sanctum
1106 3218 1165 3260 no-
1217 3195 1374 3277 exempla.
1429 3193 1534 3277 Saepe
1563 3194 1603 3260 de
1629 3195 1706 3260 fidei
1724 3195 1849 3259 iustitia
1871 3194 2068 3276 disputatur,
2096 3197 2194 3277 pauci

188 3280 321 3358 minari,
343 3301 442 3362 quam
461 3301 526 3362 qua
547 3288 581 3344 et
600 3282 693 3345 fortis
714 3288 748 3345 et
767 3282 871 3346 bonus
893 3290 926 3346 et
954 3280 1112 3364 gloriosus
1133 3288 1166 3346 et
1216 3287 1441 3362 assequuntur,
1453 3281 1611 3363 quomodo
1622 3282 1740 3345 fiamus
1749 3281 1827 3344 iusti
1837 3279 1910 3344 fide.
1929 3279 2099 3345 Addamus
2106 3281 2194 3347 hano

187 3367 370 3430 misericors
397 3365 587 3448 appellatur.
639 3364 705 3431 Sed
732 3368 755 3430 ii
780 3388 905 3450 quoque
933 3366 1027 3431 facile
1055 3369 1164 3431 revin-
1216 3387 1287 3430 esse
1304 3366 1429 3431 Christi
1449 3367 1615 3444 iustitiam,
1641 3364 1682 3452 [p.
1699 3362 1773 3452 112]
1795 3387 1861 3430 non
1878 3372 2032 3444 nostram,
2055 3366 2192 3448 inipso,

187 3459 316 3525 cuntur,
338 3451 424 3535 quod
445 3451 526 3517 haec
544 3452 688 3534 epitheta
705 3474 775 3517 esso
793 3460 936 3535 apparet,
957 3474 1039 3534 quae
1057 3461 1164 3517 osten·
1216 3473 1282 3515 non
1308 3454 1343 3516 in
1369 3452 1462 3516 nobis
1484 3453 1595 3529 sitam,
1624 3451 1681 3517 sod
1708 3452 1921 3533 imputatione
1941 3458 2089 3516 nostram
2108 3454 2191 3532 fieri,

188 3537 271 3602 dunt
297 3537 401 3620 qualis
428 3539 471 3601 sit
498 3538 605 3615 Deus,
632 3538 690 3602 illa
716 3539 849 3602 nomina
876 3558 959 3622 quae
988 3537 1162 3616 declarant,
1216 3539 1368 3620 quoniam
1400 3544 1532 3619 accepta
1563 3539 1656 3603 nobis
1683 3539 1794 3603 1011111.
1845 3538 1898 3601 Ι10
1928 3559 1995 3601 non
2023 3557 2101 3601 vere
2131 3558 2197 3604 nos·

188 3624 260 3706 quis
288 3645 365 3688 vore
394 3624 443 3687 sit.
496 3622 620 3687 Vident
646 3646 712 3688 non
740 3625 944 3700 contentiosi,
974 3645 1033 3688 neo
1055 3625 1163 3705 pervi-
1216 3622 1882 3706 000010010000111111110101110,10111011
1904 3623 2110 3701 0000100100,
2133 3623 2193 3689 sed

187 3731 289 3784 eaces,
307 3716 442 3792 patrem,
459 3709 573 3786 filium,
591 3719 624 3773 et
640 3711 956 3792 011111101110011010111
973 3731 1075 3773 unum
1093 3731 1163 3774 esse
1215 3731 1274 3790 pro
1299 3711 1393 3774 iustis
1421 3710 1632 3790 imputatione
1655 3710 1783 3788 haberi,
1813 3716 1972 3791 quatenus
1995 3707 2120 3772 Christi
2140 3710 2192 3774 iu·

187 3796 297 3859 Deum
317 3797 394 3876 quia
415 3803 448 3858 et
469 3804 563 3876 pater
590 3792 630 3881 [p.
647 3795 720 3882 110]
741 3796 832 3861 Deus
854 3804 888 3860 et
907 3796 995 3860 filius
1016 3797 1108 3859 Deus
1130 3805 1165 3861 et
1215 3795 1337 3859 stitiam
1358 3816 1417 3877 1101
1437 3794 1535 3858 fidem
1557 3796 1773 3877 possidemus,
1795 3817 1848 3860 ros
1875 3794 1974 3876 plana
1995 3795 2058 3857 erit
2079 3801 2112 3858 et
2132 3817 2193 3860 ex·

184 3881 320 3962 spiritus
337 3880 442 3957 Deus,
465 3883 917 3963 000110100111101110000000
935 3883 1034 3947 Deus.
1074 3882 1163 3945 Rur-
1214 3879 1331 3963 pedite.
1474 3903 1475 3906 ¹
1832 3958 1837 3964 ι

187 3987 275 4041 011111,
310 3974 376 4028 1100
398 3967 622 4046 nominantur,
651 3977 716 4031 tres
744 3966 986 4046 describuntur,
1019 3974 1086 4031 tres
1114 3967 1162 4031 di·
1299 3967 1430 4031 Dicitur
1449 3966 1541 4030 Deus
1560 3968 1595 4030 in
1616 3969 1761 4049 reprobis
1783 3968 1919 4050 operari,
1937 3987 2076 4049 quorum
2093 3987 2193 4048 opera

188 4052 406 4132 stinguuntur.
451 4052 546 4116 Unus
567 4053 691 4134 itaque,
715 4062 748 4116 et
769 4062 844 4131 tres,
867 4075 952 4117 unus
973 4055 1074 4130 Deus,
1098 4075 1164 4118 una
1215 4052 1369 4116 damnata
1397 4057 1481 4117 sunt.
1531 4053 1683 4117 Difficilis
1712 4061 1749 4118 01
1779 4053 1926 4120 involuta
1953 4052 2112 4134 quaestio:
2148 4072 2192 4115 an
2284 4069 2288 4078 ·

185 4136 335 4201 00000110.
381 4134 446 4216 Qui
472 4138 561 4201 tres?
605 4137 680 4201 Non
700 4145 767 4202 tres
789 4138 848 4216 dii,
878 4160 944 4202 non
964 4146 1031 4203 tres
1053 4161 1163 4203 essen·
1214 4139 1305 4203 Deus
1327 4144 1421 4202 autor
1442 4139 1485 4202 sit
1505 4139 1636 4219 11000011,
1660 4160 1702 4202 an
1724 4139 1848 4203 malum
1869 4139 1940 4202 Deo
1963 4139 2005 4202 sit
2025 4139 2192 4219 imputan-

187 4223 259 4286 tiae.
304 4221 489 4303 Utrumque
515 4231 553 4286 ut
579 4224 800 4305 significarent
827 4224 999 4288 orthodoxi
1026 4231 1161 4302 veteres,
1215 4223 1892 4305 110111,’01111110011010011000100000100
1921 4222 2057 4310 debeat?
2103 4221 2192 4289 Sub·

186 4307 343 4372 dixerunt
371 4327 470 4370 unam
498 4330 568 4372 0000
590 4308 710 4387 edetur,
737 4315 804 4374 tres
824 4307 1019 4387 ὖποσιάσεις,
1048 4309 1082 4373 id
1104 4316 1162 4389 est,
1214 4310 1377 4374 iioiamus:
1407 4311 1443 4372 in
1464 4309 1577 4373 eodem
1599 4310 1682 4374 facto
1703 4310 1942 4392 respiciendum
1964 4311 2108 4392 perversi
2130 4309 2191 4373 ho-

186 4393 405 4459 substantiam
426 4414 535 4472 unam,
559 4400 625 4459 tros
646 4396 682 4458 in
702 4416 770 4458 una
787 4395 968 4460 substantia
986 4396 1163 4459 subsisten-
1214 4397 1320 4472 minis,
1344 4416 1380 4460 ao
1402 4395 1479 4459 iusti
1499 4396 1563 4459 Dei
1583 4416 1672 4477 01100.
1716 4396 1894 4459 Hominem
1915 4396 2089 4478 reprobum
2110 4395 2193 4459 mali

186 4481 257 4542 tias.
304 4477 427 4556 Latini,
449 4500 524 4543 curn
544 4500 604 4561 per
625 4481 734 4545 omnia
755 4502 853 4545 sensu
873 4482 1092 4558 convenirent,
1116 4481 1162 4544 al·
1214 4480 1357 4545 radicem
1382 4482 1418 4545 in
1445 4501 1480 4545 00
1501 4481 1622 4545 habere
1643 4485 1759 4560 lixam,
1789 4503 1808 4546 a
1830 4503 1864 4545 se
1886 4481 2011 4546 malum
2038 4482 2191 4565 cogitare,

187 4572 295 4628 torum
322 4571 449 4627 tantum
477 4585 597 4629 nomen
622 4564 850 4645 reddiderunt,
877 4567 912 4631 in
940 4566 1041 4631 altero
1069 4566 1162 4649 quid·
1215 4588 1234 4630 a
1262 4567 1416 4645 sorello,
1446 4589 1466 4631 0
1488 4587 1522 4631 se
1544 4569 1669 4643 conari,
1700 4588 1719 4630 a
1741 4588 1775 4632 se
1801 4576 1997 4648 perpetrare.
2042 4566 2121 4631 Ideo
2142 4566 2193 4630 illi

187 4648 264 4713 dam
292 4648 380 4713 aliud
407 4658 645 4732 expresserrmt.
689 4652 856 4716 Dixerunt
883 4653 970 4716 enim
991 4673 1091 4735 unam
1112 4673 1162 4716 es·
1214 4652 1457 4733 imputandum,
1485 4652 1641 4736 quidquid
1660 4654 1696 4715 in
1717 4674 1814 4735 opere
1836 4653 1914 4716 mali
1936 4675 1973 4717 ao
1996 4653 2109 4734 culpae
2132 4661 2193 4730 est,

186 4735 340 4808 0011110111,
374 4735 459 4816 quod
491 4758 610 4800 nomen
649 4758 764 4822 graeco
798 4737 845 4801 illi
874 4736 1062 4820 respondet,
1095 4746 1163 4802 tres
1215 4738 1917 4819 1101οο000110,101001010,10010,0011110
1933 4740 2043 4802 Deum
2065 4738 2193 4803 nititur.

188 4842 264 4885 voro
297 4841 467 4902 porsonas;
500 4844 563 4905 quo
596 4822 786 4887 relationem
823 4823 987 4904 quandam
1019 4823 1163 4889 indicare
1215 4823 1324 4887 Deum
1344 4846 1422 4888 vero
1450 4824 1571 4888 malam
1591 4824 1793 4888 1010111010111
1820 4845 1857 4888 ao
1883 4824 2007 4887 malum
2029 4834 2191 4903 conatum,

187 4905 368 4970 voluerunt.
1214 4931 1277 4991 quo
1299 4911 1371 4973 vult
1387 4911 1560 4987 inflectere,
1583 4931 1671 4973 nuno
1688 4931 1835 4974 coercere
1854 4931 1891 4974 ao
1909 4909 2080 4986 moderari,
2104 4931 2194 4974 nunc

273 4989 448 5056 Oblatrant
475 4995 642 5070 haeretici,
665 4994 751 5076 quod
777 4991 878 5072 odota,
901 4991 1089 5072 ὑποστάσεις,
1112 5017 1163 5060 es·
1215 5017 1399 5060 successum
1420 4996 1503 5075 ¹dare
1529 5005 1563 5058 et
1590 4995 1676 5058 vires
1705 4994 1831 5059 addere.
1878 4993 1945 5058 Sed
1967 4996 2076 5058 omnia
2096 4995 2192 5059 iuste.

186 5078 300 5153 sentia,
324 5097 488 5158 personae,
511 5082 648 5146 conficta
670 5090 746 5144 sunt
763 5080 933 5144 hominum
950 5081 1083 5146 arbitrio
1105 5104 1163 5145 no·
1216 5078 1272 5146 sio
1300 5082 1445 5158 Pharao,
1478 5079 1771 5158 Nebuohadneaar,
1805 5079 2042 5157 Sennacherib,
2078 5087 2195 5146 eontra

67 5218 73 5231 .
187 5163 291 5239 mina,
325 5183 485 5245 nusquam
514 5169 547 5230 in
574 5167 741 5248 scripturis
768 5165 853 5229 lecta
881 5175 937 5230 001
967 5168 1044 5232 visa.
1096 5165 1164 5232 Sed
1215 5166 1324 5230 Deum
1345 5169 1510 5232 viventem
1538 5165 1827 5247 belligerabantur,
1855 5167 2033 5248 potentiam
2055 5167 2126 5230 eius
2147 5167 2194 5230 ri·

186 5269 263 5312 cum
285 5245 347 5311 hoc
368 5249 460 5314 nobis
487 5258 637 5315 excutere
658 5252 885 5332 nonpossint,
919 5259 986 5317 tres
1008 5253 1085 5331 dioi,
1109 5255 1164 5335 qui
1215 5251 1348 5329 debant,
1372 5251 1542 5333 populum,
1564 5259 1723 5332 quantum
1744 5254 1780 5316 in
1801 5273 1836 5317 se
1858 5259 1943 5329 erat,
1966 5253 2196 5316 numerantem
