4770 6030
172 358 253 420 ross
642 350 757 435 (oar.
777 348 889 433 arv.)
932 350 996 415 aa
1018 346 1289 415 romsrnrn
1311 344 1687 415 neoussrasrrca
2093 353 2173 414 rosa
2261 300 2265 308 ’

169 466 196 521 Δ
209 469 277 521 369.
1600 496 1603 504 ·

256 453 371 624 lCoque
393 550 503 605 tamen
525 549 638 604 nostra
659 540 722 603 ista
745 539 847 604 verba
867 539 903 602 in
924 560 997 602 eam
1018 546 1148 620 partem
1200 535 1368 618 Siquidem
1400 543 1467 599 tam
1500 546 1636 618 possunt
1673 538 1763 619 impii
1798 537 1999 619 improbique
2032 538 2175 620 episcopi

172 628 245 712 quis
271 626 423 709 accipiat,
457 626 550 708 quasi
577 634 744 706 pastorum
772 624 997 700 autoritatem,
1028 625 1148 706 passim
1200 621 1357 686 adversus
1380 621 1549 686 Christum
1572 623 1775 704 conspirare,
1805 644 1902 704 quam
1929 624 2005 688 boni
2027 632 2060 687 et
2082 624 2174 707 probi

171 722 208 780 ao
230 721 353 777 temere
371 711 523 792 nulloque
541 710 683 785 delectu,
712 708 969 774 labefactandam
988 729 1146 774 censeam.
1200 709 1236 771 in
1268 709 1339 771 eius
1372 709 1502 771 nomine
1535 708 1629 772 coire.
1675 710 1784 773 Huius
1813 710 1860 772 rei
1889 709 2053 774 luculento
2081 711 2174 776 nobis

170 801 312 864 Tantum
337 798 423 862 inter
445 818 500 861 eos
522 798 609 878 ipsos
632 796 792 860 delectum
817 796 929 859 haberi
952 795 1066 870 velim,
1096 816 1147 872 ne,
1200 795 1422 875 experimento
1452 800 1530 857 sunt
1562 793 1703 875 plurima
1736 794 1866 859 decreta
1897 817 1979 875 quae
2008 817 2027 859 a
2054 796 2174 862 talibus

170 886 226 968 qui
248 884 418 959 dicuntur,
446 889 591 964 pastores
620 902 746 963 quoque
772 902 843 945 esse
864 882 1012 962 protinus
1035 880 1148 943 existi·
1200 879 1344 944 conciliis
1374 878 1536 961 prodiere,
1571 900 1710 961 quorum
1748 881 1937 945 sceleratam
1975 882 2175 963 impietatem

171 993 306 1035 memus.
358 969 445 1033 Nam
483 969 529 1032 sio
562 968 695 1031 omnino
728 966 913 1030 habendum
948 976 1010 1043 est,
1047 972 1147 1030 totam
1200 964 1403 1029 evidentibus
1431 965 1632 1047 argumentis
1661 966 1769 1047 palam
1792 965 1962 1030 ostendere
1991 989 2057 1031 non
2080 966 2175 1032 valde

171 1078 284 1122 eorum
312 1054 513 1120 functionem
542 1052 634 1117 verbi
656 1053 719 1116 Dei
740 1052 937 1128 ministerio,
966 1059 1066 1115 totam
1096 1074 1147 1115 sa·
1200 1050 1282 1119 mihi
1304 1050 1435 1114 difficile
1456 1052 1569 1127 fuerit,
1594 1052 1659 1114 nisi
1682 1050 1782 1134 (quod
1805 1053 1840 1114 iu
1861 1051 1920 1117 hoc
1941 1053 2095 1134 opusculo
2117 1075 2174 1118 ne-

170 1142 330 1223 pientiam
363 1141 433 1204 eius
469 1138 560 1204 vorbi
594 1138 791 1221 cognitione,
827 1146 929 1201 totam
962 1137 1148 1201 facundiam
1200 1156 1287 1199 cesse
1321 1136 1385 1216 est)
1419 1137 1609 1218 compendio
1646 1137 1820 1201 studerem.
1876 1139 1928 1203 ab
1967 1161 2031 1202 uno
2064 1146 2175 1203 tamen

172 1229 242 1292 eius
265 1225 503 1308 praedicatione
525 1225 743 1299 terminatam,
767 1243 871 1305 aquo
894 1224 921 1287 si
945 1222 1146 1298 declinarint,
1200 1222 1304 1303 eapite
1327 1223 1354 1285 si
1377 1223 1549 1286 aestimare
1576 1222 1653 1287 licet
1671 1223 1777 1305 qualia
1801 1225 1926 1305 possint
1948 1246 2018 1288 osso
2040 1225 2173 1306 reliqua,

172 1335 271 1378 sensu
293 1313 399 1376 fatuos
420 1333 490 1376 osse
512 1318 546 1375 et
567 1310 708 1387 hebetes,
729 1310 842 1392 lingua
858 1309 978 1387 balbos,
1000 1309 1148 1390 partibus
1200 1306 1396 1371 caelibatum
1428 1309 1588 1388 imperare
1622 1320 1655 1372 et
1686 1309 1831 1373 ciborum
1864 1331 1956 1373 esum
1982 1310 2175 1375 interdicere

172 1399 324 1463 omnibus
341 1396 488 1461 infideles
506 1404 539 1461 et
557 1396 653 1460 officii
671 1395 860 1471 desertores,
884 1395 953 1458 sive
970 1394 1147 1476 prophetae
1200 1392 1324 1457 Paulus
1355 1391 1599 1456 daemoniorum
1626 1394 1813 1478 hypocrisin
1842 1405 1875 1458 et
1903 1395 2072 1462 mendacia
2104 1419 2175 1461 esse

172 1485 248 1561 sint,
272 1484 340 1548 sive
363 1482 513 1564 episcopi,
536 1482 605 1546 sive
627 1480 788 1553 doctores,
819 1503 874 1544 seu
897 1476 1025 1561 quidvis
1047 1480 1148 1544 etiam
1201 1478 1344 1542 affirmat
1376 1478 1408 1562 (l
1431 1479 1513 1542 Tim.
1539 1488 1568 1555 1,
1589 1478 1631 1562 3).
1648 1481 1671 1563 ¹)
1715 1481 1784 1544 Nec
1817 1490 1867 1545 est
1899 1481 1985 1563 quod
2013 1482 2175 1565 purgandi

173 1570 260 1634 aliud
286 1569 401 1633 maius.
447 1568 523 1632 Non
549 1567 589 1633 de
611 1589 690 1641 uno,
720 1575 776 1631 aut
797 1566 899 1631 altero
921 1565 1048 1647 loquor:
1073 1566 1148 1628 uni·
1200 1565 1251 1628 sui
1279 1585 1316 1629 ac
1339 1563 1508 1629 derivandi
1531 1566 1676 1630 criminis
1697 1587 1794 1630 causa
1816 1566 1857 1630 ad
1879 1567 2091 1632 Manichaeos
2112 1569 2176 1634 ista

173 1675 269 1721 versa
300 1654 398 1718 simul
431 1662 597 1736 pastorum
630 1653 733 1728 natio,
769 1653 796 1717 si
823 1652 936 1716 relicto
957 1651 1020 1715 Dei
1049 1651 1148 1715 verbo
1200 1659 1233 1713 et
1255 1650 1410 1714 Tatianos
1437 1651 1595 1727 referant,
1624 1651 1709 1733 quod
1736 1652 1776 1716 ab
1806 1653 1873 1717 illis
1899 1654 1934 1715 in
1956 1659 2061 1716 totum
2083 1653 2175 1717 dam-

173 1762 272 1805 sensu
294 1762 352 1804 suo
374 1741 507 1816 foratur,
530 1739 613 1803 nihil
625 1737 714 1802 aliud
732 1758 828 1819 quam
848 1737 1000 1801 infatuari
1019 1737 1146 1818 poterit.
1200 1743 1297 1800 natae
1319 1745 1396 1800 sunt
1417 1736 1552 1817 nuptiae
1574 1746 1607 1800 et
1629 1759 1757 1814 carnes,
1787 1760 1806 1801 a
1834 1760 1868 1802 se
1891 1746 2000 1802 autem
2023 1761 2087 1802 non
2110 1740 2174 1803 nisi

173 1827 275 1908 Atqui
297 1827 350 1890 isti
373 1847 439 1889 non
461 1825 526 1890 alia
547 1826 687 1900 ratione,
710 1824 773 1888 nisi
796 1824 872 1904 quia
892 1832 1038 1905 pastores
1060 1832 1148 1901 sunt,
1200 1822 1297 1886 certis
1317 1823 1465 1903 personis
1486 1822 1701 1902 prohibentur
1722 1825 1863 1905 nuptiae,
1887 1845 2001 1889 earnes
2022 1846 2088 1888 non
2111 1826 2175 1888 nisi

174 1932 312 1977 excussa
340 1912 528 1993 abiectaque
556 1910 647 1975 verbi
674 1911 738 1974 Dei
772 1908 955 1973 obedientia
980 1909 1016 1972 in
1046 1907 1148 1973 disso-
1199 1900 1234 1970 i‘n
1257 1921 1361 1972 certos
1384 1907 1461 1972 dies.
1495 1907 1582 1971 Nam
1604 1931 1760 1974 excusare
1783 1931 1842 1973 sua
1863 1909 2175 1992 decretaquequeunt

173 1997 279 2061 lutam
309 1995 474 2062 licentiam
508 2017 579 2061 sese
611 1995 756 2059 tradunt.
812 1992 917 2074 Quasi
955 2016 1020 2058 non
1050 1995 1149 2058 fuerit
1200 1994 1279 2074 quin
1302 1993 1494 2058 contrahere
1512 1995 1755 2059 matrimonium
1776 1996 1970 2077 prohibeant
1990 2006 2023 2060 et
2041 1997 2174 2060 iubeant

173 2091 285 2166 pastor
306 2082 402 2146 Iosue
430 2083 481 2146 cui
508 2081 629 2145 dietum
659 2082 783 2144 fuitne
806 2079 983 2145 declinaret
1005 2080 1045 2144 ad
1068 2080 1147 2144 dex·
1200 2078 1362 2143 abstinere
1392 2102 1411 2143 a
1440 2079 1520 2144 cibis
1548 2101 1627 2161 quos
1657 2082 1779 2146 crearit
1806 2082 1899 2146 Deus
1927 2081 1967 2146 ad
1997 2082 2174 2165 percipien-

174 2179 260 2232 tram
282 2178 338 2232 aut
360 2168 526 2232 sinistram
548 2166 605 2231 sed
627 2165 804 2231 custodiret
820 2174 854 2229 ct
865 2167 1053 2231 observaret
1073 2167 1147 2229 nni·
1200 2163 1275 2227 dum
1295 2187 1369 2229 cum
1388 2167 1568 2248 gratiarum
1587 2168 1719 2230 actione.
1749 2166 1889 2246 Quando
1902 2169 2007 2232 omnis
2026 2176 2174 2233 creatura

174 2277 269 2319 versa
299 2264 471 2336 praecepta
496 2255 578 2336 legis
606 2252 681 2333 (los.
705 2257 736 2327 l,
757 2256 799 2335 7).
845 2253 874 2316 E
917 2253 1050 2316 interim
1074 2274 1147 2334 per·
1199 2251 1262 2314 Dei
1290 2251 1374 2314 bona
1408 2260 1441 2315 et
1472 2264 1585 2316 sancta
1616 2263 1666 2316 est
1695 2252 1844 2316 fidelibus
1879 2262 1912 2317 ot
1943 2254 1984 2317 iis
2016 2255 2071 2335 qui
2098 2275 2174 2337 eog-

174 2340 310 2404 suadere
334 2339 547 2415 contendunt,
576 2360 646 2404 sese
668 2338 739 2403 luce
760 2339 907 2402 veritatis
930 2337 1060 2402 destitui
1083 2359 1147 2401 non
1198 2349 1321 2400 norunt
1341 2338 1520 2401 veritatem.
1577 2336 1688 2417 Quum
1723 2360 1799 2402 vero
1828 2338 1908 2403 haec
1941 2349 2075 2403 satanae
2102 2361 2175 2404 ora-

173 2447 282 2508 posse,
308 2427 461 2506 spiritum
483 2427 546 2489 Dei
568 2433 722 2506 perpetuo
745 2424 779 2487 in
801 2446 835 2488 se
859 2423 1016 2501 residere,
1045 2423 1147 2489 eccle·
1200 2422 1272 2485 cula
1310 2423 1520 2487 conciliorum
1559 2425 1739 2488 ministerio
1777 2422 1905 2505 prodita
1939 2426 2075 2501 tilerint,
2115 2446 2174 2506 pro

174 2513 255 2577 siam
278 2512 320 2574 -in
343 2534 378 2576 se
400 2512 574 2576 subsistere
602 2521 635 2574 et
656 2532 766 2574 secum
788 2512 897 2574 emori.
944 2509 1048 2589 Quasi
1071 2531 1147 2573 voro
1199 2530 1233 2572 se
1267 2509 1332 2571 iam
1350 2510 1492 2590 ,quisque
1526 2522 1653 2591 reputet
1691 2509 1768 2591 quid
1806 2510 1840 2572 in
1877 2512 2012 2573 caeteris
2042 2532 2174 2592 exspec-

173 2599 238 2662 iam
262 2597 352 2660 nulla
374 2598 440 2660 sint
460 2597 592 2661 Domini
615 2595 747 2673 indicia,
775 2615 897 2658 utnon
922 2595 1034 2658 eadem
1059 2617 1147 2659 nunc
1172 2638 1174 2643 -
1200 2593 1334 2657 tandmu
1369 2595 1412 2658 sit
1439 2618 1459 2657 a
1482 2606 1615 2658 satanae
1645 2596 1783 2678 organis.
1831 2596 1975 2674 ²)Porro
1997 2596 2075 2676 quid
2097 2618 2174 2660 con·
2238 2651 2245 2665 .

173 2685 304 2748 everrire
326 2684 450 2764 possint
470 2704 553 2764 quae
575 2682 751 2763 prophetae
766 2683 814 2746 sui
829 2681 947 2745 sarculi
962 2681 1147 2745 hominibus
1200 2680 1274 2744 cilia
1300 2702 1374 2766 eum
1402 2681 1545 2745 conciliis
1571 2682 1753 2764 pugnantia
1782 2680 1988 2746 recenseam?
2024 2691 2057 2744 et
2087 2681 2174 2762 quod

173 2768 420 2833 denunciabant.
437 2769 460 2849 ¹)
505 2766 623 2847 Qualia
656 2779 746 2831 sunt:
779 2767 1007 2848 obstupescent
1040 2789 1146 2830 sacor-
1171 2846 1174 2851 .
1198 2787 1264 2828 uno
1297 2767 1432 2830 concilio
1466 2768 1677 2831 coustitutum
1710 2768 1818 2831 fuerat
1850 2767 1951 2833 altero
1984 2768 2083 2830 fuisso
2116 2767 2173 2830 ab·

174 2855 264 2919 dotes
297 2864 330 2917 et
360 2854 537 2936 prophetae
570 2853 779 2916 terrebuntur
807 2853 884 2929 (Ier.
909 2857 938 2930 4,
958 2853 1001 2934 9).
1047 2852 1144 2915 Item:
1171 2884 1174 2933 ;
1199 2851 1373 2934 rogatum?
1413 2853 1453 2916 In
1477 2853 1629 2926 moribus,
1653 2854 1813 2935 inquiunt,
1836 2852 2070 2916 constituendis
2092 2852 2173 2918 haec

173 2940 226 3003 lex
257 2941 376 3022 peribit
408 2963 428 3003 a
455 2939 620 3003 sacerdote
653 2951 685 3001 et
714 2939 883 3002 consilinm
917 2960 936 3002 a
966 2938 1146 3002 senioribus
1170 2946 1174 3076 Ι
1199 2958 1260 3001 usu
1279 2939 1391 3002 venire
1409 2939 1490 3002 solet
1508 2938 1688 3016 diversitas,
1712 2939 1890 3020 dequibus,
1913 2960 1971 3020 pro
1990 2948 2173 3019 temporum

174 3025 245 3108 (Ea.
267 3029 295 3102 7,
315 3025 379 3106 26).
410 3024 513 3105 Quasi
534 3024 616 3088 falsa
637 3025 703 3087 sint
725 3023 852 3088 Christi
873 3031 907 3088 et
929 3023 1145 3105 apostolorum
1198 3024 1370 3099 varietate,
1406 3024 1493 3106 loges
1525 3025 1601 3087 ferri
1636 3026 1744 3088 varias
1773 3024 1855 3088 nihil
1889 3032 1987 3089 vet-at.
2038 3023 2109 3087 Iino
2137 3025 2173 3087 in

173 3111 336 3187 vaticinia,
355 3110 533 3175 cuiusmodi
551 3112 614 3174 ista
632 3121 723 3173 sunt:
749 3111 880 3174 venient
897 3109 991 3172 multi
1008 3108 1145 3192 pseudo·
1171 3104 1173 3177 1
1199 3108 1345 3173 doctrina
1377 3111 1570 3192 pugnaciter
1603 3111 1731 3174 variare
1764 3109 1929 3175 interdum
1968 3111 2040 3173 visa
2079 3120 2171 3174 sunt:

173 3196 352 3279 prophetae
391 3198 425 3259 in
464 3198 593 3260 nomine
634 3217 705 3260 mco
745 3195 879 3279 (Matth.
912 3199 967 3271 24,
1001 3200 1048 3258 11.
1079 3194 1143 3277 24).
1171 3194 1173 3219 “
1198 3203 1235 3257 ut
1262 3195 1650 3277 constantinopolitanum
1677 3196 1764 3278 quod
1791 3198 1860 3260 Leo
1893 3197 2069 3278 imperator
2101 3218 2173 3260 eoe-

173 3282 274 3346 Item:
289 3280 317 3359 ²)
341 3303 400 3365 ego
423 3283 489 3346 scio
511 3282 597 3364 quod
617 3291 691 3363 post
713 3281 890 3346 discessum
913 3302 1021 3345 meum
1043 3282 1145 3344 intru-
1197 3291 1291 3362 perat
1323 3290 1356 3343 ot
1387 3281 1558 3345 nicaenum
1596 3281 1681 3364 quod
1715 3283 1750 3346 in
1783 3283 1853 3346 eius
1885 3281 2042 3346 invidiam
2076 3282 2172 3345 Irene

172 3369 255 3432 bunt
275 3368 310 3431 in
332 3389 390 3431 vos
413 3367 602 3453 (ephesinae
619 3368 772 3432 eeclesiae
790 3369 955 3450 episcopos
972 3366 1146 3449 alloquitur
1198 3376 1310 3448 postea
1333 3365 1476 3448 collegit,
1507 3388 1646 3448 quorum
1674 3369 1812 3432 alterum
1836 3367 2074 3432 subvertendas
2097 3388 2173 3432 con-

173 3453 312 3535 Paulus)
345 3453 414 3534 lupi
447 3474 579 3536 graves,
614 3474 680 3517 non
707 3461 877 3535 parcentes
905 3453 1012 3537 gregi,
1045 3460 1080 3516 et
1103 3473 1145 3516 ex
1197 3451 1450 3533 fringendasque
1478 3454 1650 3536 imagines,
1684 3454 1825 3517 alterum
1853 3451 2070 3517 restituendas
2097 3474 2173 3518 een-

173 3539 265 3603 vobis
295 3539 374 3619 ipsis
408 3547 505 3603 erunt
537 3541 601 3604 viri
627 3539 795 3621 loquentes
822 3560 990 3620 perversa,
1024 3547 1061 3601 ut
1089 3538 1145 3602 ab·
1198 3539 1271 3602 suit.
1316 3538 1380 3602 Est
1397 3540 1529 3602 omnino
1551 3541 1637 3603 inter
1655 3539 1845 3603 orientalem
1867 3537 2171 3620 occidentalemque,

174 3624 294 3690 ducant
327 3624 500 3705 discipulos
539 3633 614 3706 post
653 3647 687 3689 so
725 3624 811 3707 (Act.
843 3629 898 3702 20,
928 3625 992 3708 29).
1048 3624 1144 3687 Item:
1198 3636 1235 3686 ut
1257 3632 1384 3702 vocant,
1408 3624 1576 3689 ecclesiam
1598 3647 1674 3689 rara
1695 3624 1875 3690 concordia.
1921 3625 2010 3688 Eant
2031 3646 2118 3689 nunc
2140 3631 2174 3688 et

172 3710 305 3774 fuorunt
331 3709 629 3792 pseudoprophetae
654 3712 689 3774 in
719 3710 851 3792 populo,
885 3711 969 3775 sicut
996 3719 1029 3773 et
1060 3710 1146 3774 inter
1170 3728 1174 3759 ¹
1197 3712 1333 3773 alhaum
1351 3710 1583 3792 alligatumque
1604 3713 1670 3775 suis
1689 3710 1831 3776 conciliis
1853 3712 2005 3793 spiritum
2023 3722 2173 3775 sanctum

173 3819 230 3861 vos
253 3805 349 3859 crunt
370 3795 444 3861 falsi
462 3795 616 3873 doctores,
640 3797 694 3877 qui
717 3795 925 3861 introducent
946 3805 1051 3861 sectas
1071 3818 1145 3877 per·
1170 3765 1173 3859 l
1198 3817 1256 3859 suo
1278 3817 1367 3859 moro
1389 3797 1517 3861 iactent.

173 3882 302 3946 ditionis
335 3889 393 3946 oto.
428 3883 462 3963 (2
492 3881 581 3946 Petr.
613 3885 647 3958 2,
675 3883 721 3965 l),
756 3882 881 3964 aliaque
915 3881 984 3946 eius
1018 3882 1145 3965 generis
1171 3864 1173 3947 l
1284 3885 1314 3963 ³)
1325 3882 1438 3963 Neque
1461 3904 1538 3946 vero
1557 3883 1609 3946 hio
1628 3883 1739 3947 omnia
1756 3882 1892 3946 concilia
1911 3881 2098 3946 damnanda
2116 3891 2173 3946 aut

172 3967 382 4050 permulta.³)
432 3968 500 4032 Nec
532 3967 722 4050 intelligunt
755 3967 954 4032 stolidissimi
988 3968 1144 4044 homines,
1170 3952 1173 4087 )
1198 3968 1341 4031 omnium
1360 3977 1432 4032 acta
1449 3967 1664 4032 rescindenda
1681 3977 1722 4045 et,
1741 3967 1827 4050 quod
1845 3967 1973 4045 dicitur,
1993 3990 2058 4031 una
2074 3968 2173 4032 litura

172 4053 308 4117 eandem
337 4075 371 4117 so
398 4075 514 4118 canere
539 4053 737 4118 cantilenam
764 4075 861 4134 quam
888 4054 1048 4118 canebant
1068 4053 1145 4117 olim
1170 4098 1173 4167 ζ
1197 4051 1379 4117 inducenda
1406 4053 1544 4135 disputo.
1590 4054 1695 4118 Video
1721 4055 1808 4118 enim
1831 4053 1958 4117 elucere
1980 4055 2015 4117 in
2039 4054 2170 4135 quibus-

171 4138 219 4201 illi
240 4140 388 4220 quicum
407 4140 505 4203 verbo
522 4140 586 4203 Dei
606 4139 889 4221 belligerabautur,
912 4159 1013 4221 quum
1031 4138 1144 4203 eadem
1170 4180 1173 4263 p
1198 4138 1287 4216 darn,
1318 4141 1510 4220 praesertim
1543 4142 1576 4203 iu
1609 4141 1747 4205 vetustis
1780 4139 1860 4215 illis,
1895 4161 2009 4202 verum
2041 4139 2171 4219 pietatis

171 4245 235 4305 qua
264 4246 351 4288 nune
379 4226 530 4289 nituntur
551 4223 668 4289 fiducia
691 4224 847 4289 dicerent:
872 4226 981 4289 venite
1003 4239 1036 4288 et
1057 4226 1145 4308 eogi-
1170 4282 1172 4293 .
1197 4225 1355 4313 sardium,
1382 4238 1477 4288 notas
1499 4226 1540 4289 ad
1561 4226 1642 4290 haec
1663 4226 1802 4308 ingenii,
1826 4224 2006 4295 doctrinae,
2029 4223 2170 4304 pruden-

171 4310 312 4374 tabimus
334 4319 447 4374 eontra
469 4311 643 4374 Ieremiam
664 4311 888 4393 cogitationem
923 4310 1051 4392 quando
1079 4332 1144 4374 non
1169 4296 1172 4380 1
1196 4311 1275 4387 tiae,
1303 4332 1368 4374 non
1396 4312 1558 4377 obscuras.
1603 4312 1671 4376 Neo
1701 4311 1812 4374 dubito
1840 4312 1919 4392 quin
1945 4311 2016 4372 aliis
2043 4330 2169 4390 qnoque

170 4396 291 4476 peribit
323 4396 376 4459 lex
405 4418 424 4459 a
451 4396 631 4474 sacerdote,
666 4397 838 4461 eonsilium
866 4419 885 4460 a
912 4397 1056 4478 sapiente
1083 4418 1144 4462 nee
1160 4398 1171 4422 “
1196 4398 1355 4462 aehitibus
1395 4397 1570 4462 habuerint
1604 4398 1737 4462 camilia
1777 4418 1851 4462 suos
1891 4395 2034 4459 melioris
2074 4403 2169 4459 notae

171 4481 307 4545 verbum
330 4502 349 4543 a
369 4481 536 4563 propheta
1169 4534 1171 4595 7
1196 4484 1367 4565 episcopos.
1413 4481 1479 4546 Sed
1507 4485 1542 4547 in
1564 4484 1616 4548 his
1638 4483 1867 4565 posterioribus
1890 4479 2006 4545 accidit
2026 4479 2113 4560 quod
2135 4481 2169 4544 in

257 4565 287 4649 ⁴)
300 4565 411 4646 Quare
440 4576 477 4630 ut
500 4567 618 4632 millies
639 4569 862 4650 episcoporum
883 4567 1018 4633 eoncilia
1039 4568 1143 4632 nomi·
1196 4571 1339 4633 romanis
1367 4570 1657 4634 senatusconsultis
1687 4591 1751 4633 non
1780 4579 1866 4633 recte
1894 4567 1964 4629 fiori
1992 4565 2068 4628 olim
2091 4585 2169 4628 con-

171 4663 265 4730 nent,
299 4675 415 4734 parurn
443 4656 687 4734 promovebunt.
733 4655 802 4718 Nec
831 4662 907 4718 ante
935 4654 1075 4719 efficient
1107 4663 1144 4717 ut
1195 4654 1414 4736 querebantur
1434 4656 1496 4738 ipsi
1518 4669 1694 4723 senatores.
1723 4656 1811 4717 llum
1834 4653 1919 4715 onim
1944 4659 2167 4725 numerantur,

170 4738 340 4802 credamus
367 4739 453 4820 quod
482 4739 700 4818 contendunt,
732 4741 802 4822 rogi
830 4760 850 4802 a
877 4741 994 4821 spiritu
1022 4749 1142 4816 saneto,
1195 4762 1260 4803 non
1293 4741 1525 4823 appenduntur
1557 4742 1752 4815 sententiae,
1790 4737 1956 4801 meliorem
1989 4745 2115 4818 partem
2149 4759 2169 4801 a

169 4845 266 4906 quam
293 4823 391 4888 fidem
419 4825 555 4889 fecerint
581 4827 772 4909 congregari
798 4826 832 4889 in
854 4824 978 4891 Christi
1003 4826 1142 4889 nomine.
1167 4816 1170 4933 )
1194 4827 1316 4890 maiore
1338 4826 1426 4892 vinei
1447 4829 1576 4911 saepius
1598 4847 1728 4891 necesse
1751 4825 1819 4887 fuit.

1167 4936 1169 4984 ι
1282 4910 1519 4996 ⁴)Quanquam
1542 4915 1576 4974 in
1601 4911 1664 4974 illis
1687 4930 1811 4991 quoque
1834 4908 1975 4989 antiquis
1999 4919 2031 4969 et
2059 4910 2167 4989 purio-

239 5064 267 5132 1)
286 5064 422 5132 Excepta
440 5065 505 5118 baec
520 5071 615 5131 posteo
633 5066 662 5116 ia
675 5063 758 5117 VIII.
779 5063 865 5130 §.159
882 5065 969 5117 relata
986 5070 1057 5117 aaut.
1109 5064 1139 5128 2)
1195 5056 1200 5059 ⁸

171 5132 245 5184 Hinc
268 5133 413 5186 nonnullos
431 5149 525 5187 vacas
543 5133 696 5201 detemptos
720 5149 817 5186 rursus
835 5132 873 5186 ad
891 5134 914 5198 ξ.
934 5132 982 5184 151
1001 5133 1141 5186 transtulit
1263 5136 1291 5200 l)
1311 5134 1416 5188 Eadem
1433 5134 1657 5187 assererentur
1674 5131 1736 5187 111.
1754 5129 1795 5185 67.
1864 5131 1895 5198 2)
1915 5131 1956 5196 Os.
1974 5130 2169 5198 adaequantia

170 5208 266 5253 noster.
335 5201 365 5266 3)
385 5202 420 5256 Se
438 5204 529 5256 mnae
547 5203 603 5256 iam
621 5203 644 5267 §.
664 5200 714 5254 158
730 5205 810 5266 {taem
825 5202 954 5267 feceruut.
1013 5200 1042 5266 4)
1063 5200 1139 5255 Noa·
1199 5201 1360 5257 V111.162.
1446 5203 1477 5266 3)
1495 5203 1572 5256 Haeo
1608 5201 1865 5256 leniustractoatur
1889 5199 2049 5254 V111.161.
2135 5198 2167 5267 4)

170 5269 245 5322 nulla
264 5269 327 5322 biae
344 5271 383 5324 ad
430 5271 491 5322 111.
512 5268 563 5324 155
581 5273 757 5325 transierunt.
1077 5296 1080 5302 ·
1194 5272 1301 5325 &dent
1319 5273 1494 5327 verbotenus
1519 5271 1580 5325 VII
1598 5313 1604 5324 .
1623 5268 1675 5323 16³
1691 5276 1842 5324 recurrant.
