4770 6030
177 376 260 438 1125
599 369 699 436 CAP.
723 370 820 436 XXI.
844 368 990 453 (XVII.)
1033 370 1097 434 DE
1119 369 1233 434 vira
1254 366 1457 468 HOMINIS
1480 366 1783 434 OHRISTIAM
2107 379 2190 440 1126

174 485 543 554 A4153848930489.

174 584 248 627 cum
270 561 442 642 iniquitate
465 569 499 625 et
520 473 736 624 inlmunditia
766 558 877 639 Quare
891 569 924 622 ot
946 558 1034 623 hunc
1057 579 1152 622 voca·
1205 557 1464 622 immarcessibili
1491 579 1628 623 coronae
1651 556 1813 624 destinata
1835 567 1926 637 sunt,
1956 570 2088 628 strenue
2116 565 2186 628 eni·

173 649 270 712 tionis
300 657 431 711 nostrae
460 648 559 710 finem
582 668 652 711 esse
675 644 780 719 docet,
810 646 846 708 in
874 667 971 727 quem
992 645 1152 726 respicere
1205 642 1342 706 tendum
1362 664 1441 722 esso,
1464 650 1502 707 ut
1523 665 1607 725 pura
1628 652 1662 708 et
1683 644 1873 727 incorrupta
1894 646 1928 709 in
1946 645 2033 711 diem
2050 649 2185 714 Domini
2221 659 2231 680 '

173 755 302 815 semper
331 734 517 809 conveniat,
546 733 575 797 si
600 732 730 796 vocanti
758 732 830 795 Deo
857 731 996 794 velimus
1018 751 1152 811 respon·
1205 737 1438 795 conserventur
1458 728 1489 813 (1
1512 730 1625 794 Thess.
1648 734 1675 807 5,
1696 730 1761 811 23).
1791 731 1892 808 Haec,
1911 732 2056 814 inquam,
2076 736 2185 817 auspi·

102 874 105 880 .
173 819 258 883 dere.
305 817 471 898 Quorsum
488 820 575 882 enim
594 817 738 882 emundi
756 818 903 898 nequitia
921 826 954 880 et
964 816 1150 898 pollutione,
1205 815 1371 879 catissima
1389 824 1466 879 sunt
1490 816 1571 879 bene
1589 815 1835 881 constituendae
1853 818 1940 882 vitae
1960 819 2185 901 fundamenta,

172 908 208 969 in
229 905 346 988 quibus
367 903 507 969 demersi
530 925 668 980 eramus,
688 925 747 967 nos
770 904 840 966 erui
859 903 1026 978 attinebat,
1049 903 1076 966 si
1094 924 1152 965 no·
1204 901 1322 982 quihus
1344 922 1549 983 nequaquam
1572 901 1692 966 similia
1721 900 1948 984 deprehendas
1970 905 2057 987 apud
2078 906 2184 988 philo·

172 993 222 1057 bis
240 990 460 1072 permittimus
482 999 551 1053 tota
573 991 641 1052 vita
664 989 784 1051 inillis
807 986 970 1052 volutari?
995 987 1048 1051 Ad
1072 987 1152 1052 haec
1205 987 1338 1067 sophos,
1374 988 1428 1069 qui
1452 989 1499 1051 in
1532 987 1811 1052 commendatione
1848 991 1979 1054 virtutis
2016 1014 2184 1074 nunquam
2278 1059 2280 1063 ,

174 1077 271 1143 simul
294 1077 392 1139 etiam
416 1075 570 1139 admonet
585 1096 654 1152 nos,
678 1076 767 1138 utin
786 1075 921 1138 Domini
939 1074 1058 1154 populo
1076 1094 1151 1138 cen·
1205 1093 1305 1153 supra
1328 1073 1468 1138 hominis
1490 1074 1677 1137 naturalem
1700 1073 1893 1157 dignitatem
1916 1078 2145 1143 conscendunt.
2211 1127 2217 1137 .

173 1182 317 1239 senmur,
353 1168 500 1226 sanctam
529 1161 694 1225 civitatem
722 1159 903 1224 Ierusalem
931 1168 1079 1240 oportere
1101 1160 1151 1222 in·
1291 1163 1319 1221 4.
1365 1159 1473 1240 Atque
1507 1159 1560 1225 hic
1595 1158 1684 1224 locus
1716 1167 1766 1224 est
1798 1161 2015 1243 compellandi
2049 1185 2103 1228 eos
2131 1159 2187 1246 qui

173 1249 337 1325 hahitare3
361 1268 459 1329 quam
482 1254 518 1309 ut
539 1247 608 1328 ipse
629 1245 690 1310 sibi
719 1246 934 1322 consecravit,
960 1247 1011 1308 ita
1030 1246 1151 1309 incola-
1205 1244 1288 1308 nihil
1311 1243 1469 1309 habentes
1492 1243 1617 1310 Christi
1638 1252 1770 1326 praeter
1790 1247 1920 1310 titulum
1941 1269 1979 1313 ac
2002 1249 2187 1332 symbolum

173 1333 248 1398 rum
275 1334 466 1416 impuritate
492 1332 584 1395 nefas
613 1341 663 1395 est
691 1332 856 1413 profanari
886 1330 973 1394 unde
995 1339 1072 1395 sunt
1094 1352 1151 1395 eae
1206 1329 1388 1394 Christiani
1415 1338 1526 1395 tamen
1565 1332 1726 1396 nominari
1759 1332 1883 1397 volunt
1946 1333 2022 1414 Qua
2055 1335 2190 1400 tandem

173 1441 281 1485 voces:
312 1419 419 1482 locum
444 1419 485 1481 iis
513 1418 661 1480 futurum
684 1419 717 1480 in
745 1417 810 1481 Dei
837 1417 1062 1495 tabernaculo,
1096 1417 1152 1498 qui
1205 1416 1310 1480 fronte
1330 1437 1421 1480 sacro
1449 1418 1520 1483 eius
1546 1417 1677 1481 nomine
1706 1417 1910 1501 gloriantur?
1945 1416 2114 1502 Siquidem
2136 1422 2188 1485 ni·

173 1505 330 1570 incedunt
351 1505 421 1568 sine
442 1503 581 1581 macula,
605 1511 638 1566 et
654 1504 797 1567 iustitiae
816 1502 949 1567 student
966 1508 1026 1567 etc.
1046 1503 1149 1586 (Deci.
1205 1501 1253 1565 hil
1274 1509 1326 1566 est
1348 1503 1535 1568 commercii
1557 1524 1632 1568 cum
1653 1502 1795 1581 Christo,
1823 1505 1886 1568 nisi
1909 1505 1962 1570 his
1984 1506 2041 1588 qui
2064 1515 2187 1571 rectam

175 1597 225 1670 35,
245 1595 264 1654 8
283 1599 316 1655 et
337 1590 423 1654 alibi.
447 1590 534 1653 Psal.
557 1595 604 1666 14,
625 1593 652 1652 2.
675 1589 771 1652 Rom.
792 1593 820 1666 6,
844 1588 907 1671 18).
1204 1589 1274 1651 eius
1306 1589 1523 1671 cognitionem
1556 1611 1597 1652 ex
1632 1590 1731 1654 verbo
1764 1589 1926 1673 evangelii
1959 1601 2185 1673 perceperunt.
2213 1667 2217 1672 ,

261 1681 288 1740 3.
334 1676 384 1740 Ac
402 1696 465 1757 quo
495 1675 611 1738 mehus
639 1697 699 1738 nos
726 1675 979 1757 expergefaciat,
1009 1673 1152 1738 ostendit
1205 1674 1307 1755 Atqui
1340 1696 1394 1739 eos
1427 1695 1539 1739 omnes
1583 1673 1754 1740 Christum
1785 1683 1873 1740 recte
1909 1675 2059 1742 didicisse
2091 1684 2193 1762 negat

173 1765 283 1828 Deum
303 1771 444 1843 patrem,
477 1760 750 1841 quemadmodum
778 1782 837 1824 nos
866 1761 927 1824 sihi
954 1760 990 1823 in
1019 1759 1152 1824 Christo
1205 1760 1369 1840 apostolus
1391 1762 1447 1843 qui
1469 1782 1537 1824 non
1556 1760 1662 1825 edocti
1681 1769 1767 1839 sunt,
1791 1761 1915 1827 abiecto
1933 1764 2037 1827 veteri
2055 1763 2187 1829 homine

174 1871 232 1914 suo
254 1849 452 1924 conciliavit,
481 1848 527 1909 ita
549 1848 582 1909 in
612 1868 649 1910 eo
671 1846 763 1910 nobis
789 1847 967 1928 imaginem
996 1844 1151 1929 signasse,
1206 1846 1260 1927 qui
1283 1846 1503 1928 corrumpitur
1524 1845 1704 1923 secundum
1731 1846 1893 1912 desideria
1915 1850 2048 1927 erroris,
2078 1850 2186 1931 ipsum

175 1935 337 2016 adquam
359 1954 417 1997 nos
440 1933 634 1997 conformari
652 1933 740 1995 velit.
775 1932 857 2014 Age,
881 1933 1152 2013 praestantiorem
1206 1952 1276 1996 esse
1308 1930 1509 1995 induendum
1545 1931 1645 2015 (Eph.
1667 1937 1696 2009 4,
1717 1934 1782 2015 22).
1827 1933 1926 1999 Falso
1956 1935 2056 2017 igitur
2089 1943 2186 2018 atque

174 2021 393 2086 oeconomiam
422 2017 505 2081 mihi
532 2018 618 2099 apud
645 2018 855 2101 philosophos
883 2018 1063 2100 reperiant,
1096 2018 1153 2099 qui
1205 2018 1304 2080 etiam
1326 2017 1446 2082 iniuria
1464 2016 1589 2083 Christi
1608 2019 1827 2100 cognitionem
1845 2019 2021 2084 obtendere
2041 2042 2187 2103 arguun-

174 2106 260 2190 apud
282 2126 336 2169 eos
359 2103 442 2169 solos
464 2105 527 2167 rite
555 2111 651 2186 atque
679 2103 791 2193 ordine
819 2103 1009 2185 dispositam
1036 2110 1153 2185 putant
1203 2109 1274 2180 tur,
1315 2104 1493 2185 quamlibet
1532 2102 1653 2168 diserte
1684 2104 1817 2168 interim
1849 2126 1887 2171 ac
1926 2105 2118 2171 volubiliter¹
2146 2107 2186 2172 de

173 2191 414 2275 philosophiam
434 2190 600 2253 moralem.
635 2188 699 2267 Illi,
718 2190 797 2252 dum
819 2189 861 2252 ad
881 2190 1039 2254 virtutem
1059 2210 1152 2272 egro·
1204 2188 1373 2270 cvangelio
1396 2191 1576 2273 garriant,
1597 2189 1673 2253 Non
1696 2190 1784 2254 enim
1811 2190 1943 2274 linguae
1966 2199 2016 2256 est
2038 2192 2186 2258 doctrina

174 2280 226 2363 gio
249 2278 366 2343 volunt
387 2275 565 2352 adhortari,
588 2276 673 2338 nihil
695 2275 783 2339 aliud
807 2276 963 2352 afferunt,
994 2297 1094 2357 quam
1115 2280 1153 2339 ut
1205 2273 1262 2338 sed
1284 2276 1388 2354 vitae;
1417 2297 1478 2341 nec
1499 2274 1669 2340 intellectu
1695 2276 1915 2358 memoriaque
1943 2277 2104 2342 duntaxat
2126 2300 2184 2360 ap·

172 2374 309 2429 naturae
336 2362 566 2427 convenienter
593 2363 753 2426 vivamus.
799 2359 971 2442 Scriptura
999 2367 1153 2425 autema
1204 2360 1427 2442 prehenditur,
1447 2368 1484 2424 ut
1504 2361 1649 2444 reliquae
1672 2359 1872 2444 disciplinae,
1895 2362 1953 2427 scd
1975 2373 2045 2427 tum
2067 2365 2184 2447 recipi·

49 2468 52 2475 '
173 2472 251 2514 vero
272 2450 361 2513 fonte
384 2446 515 2511 deducit
536 2447 811 2524 exhortationem,
824 2468 937 2528 ,quum
965 2468 1031 2511 non
1056 2446 1152 2511 modo
1205 2454 1261 2510 tur
1282 2445 1424 2524 demum,
1454 2448 1510 2512 ubi
1533 2449 1677 2512 animam
1699 2453 1801 2511 totam
1822 2448 1981 2529 possidet,
2011 2448 2185 2532 sedemque

85 2590 89 2610 ,
172 2537 277 2601 vitam
297 2542 443 2614 nostram
466 2531 508 2596 ad
529 2533 639 2596 Deum
662 2540 817 2610 autorem,
841 2533 892 2597 cui
916 2533 1071 2598 obstricta
1092 2540 1151 2611 est,
1204 2538 1238 2596 ct
1267 2533 1510 2615 receptaculum
1543 2533 1671 2597 invenit
1701 2533 1736 2597 in
1768 2534 1884 2598 intimo
1917 2533 2023 2599 cordis
2056 2536 2184 2600 affectu

173 2622 295 2686 referre
317 2619 482 2702 praecipit,
507 2618 565 2683 sed
586 2626 758 2700 postquam
781 2618 997 2702 degenerasse
1019 2640 1078 2682 nos
1094 2617 1152 2683 do·
1204 2618 1275 2682 Aut
1298 2638 1375 2702 ergo
1402 2618 1554 2684 desinant
1584 2640 1658 2684 oum
1686 2619 1752 2697 Dei
1779 2619 1977 2685 contumelia
2003 2622 2125 2685 iactare
2148 2620 2183 2686 id

172 2709 239 2773 cuit
261 2729 281 2772 a
302 2727 382 2771 vera
403 2705 577 2769 creationis
599 2712 728 2768 nostrae
756 2705 881 2787 origine
903 2726 941 2768 ac
961 2704 1047 2787 lege,
1076 2705 1152 2769 sub·
1205 2704 1291 2785 quod
1312 2725 1379 2768 nou
1401 2711 1487 2782 sunt,
1510 2714 1568 2769 aut
1589 2727 1624 2770 se
1646 2727 1712 2769 non
1734 2704 1889 2788 indignos
1918 2704 2051 2770 Christo
2078 2708 2184 2789 magi·

172 2795 293 2877 iungit,
325 2790 511 2868 Christum,
544 2812 603 2872 per
629 2812 725 2872 quem
752 2791 787 2853 in
815 2790 956 2873 gratiam
983 2812 1058 2855 cum
1080 2790 1152 2855 Deo
1205 2797 1273 2853 stro
1308 2788 1481 2874 discipulos
1517 2797 1693 2874 praestent.
1745 2791 1939 2869 Doctrinae,
1973 2812 2038 2873 qua
2069 2791 2129 2855 reli
2155 2793 2184 2857 ‘o

173 2878 338 2956 rediimus,
362 2877 455 2941 nobis
477 2878 679 2958 propositum
701 2896 772 2940 esse
790 2875 959 2958 exemplar
976 2878 1069 2941 cuius
1086 2876 1152 2948 for·
1203 2883 1316 2940 nostra
1338 2877 1541 2956 continetur,
1572 2877 1697 2960 priores
1721 2875 1869 2941 dedimus
1890 2884 2014 2959 partes,
2039 2898 2126 2959 quan
2150 2899 2185 2942 o·
2293 2871 2296 2883 '

173 2985 263 3028 mam
288 2964 324 3028 in
347 2964 417 3028 vita
450 2968 564 3026 nostra
597 2962 829 3045 exprimamus.
881 2960 970 3041 Quid
997 2962 1058 3027 hoc
1086 2983 1152 3027 uno
1204 2961 1335 3042 quidem
1357 2962 1397 3025 ab
1427 2984 1466 3026 ea
1485 2963 1573 3028 salus
1601 2969 1714 3027 nostra
1740 2962 1925 3042 inchoatur;
1953 2984 2069 3028 verum
2092 2984 2130 3027 ea
2149 2963 2186 3028 in

174 3051 336 3115 efficacius
357 3047 524 3131 requiras?
547 3048 613 3112 imo
635 3047 712 3130 quid
734 3048 822 3113 ultra
844 3047 905 3113 hoc
923 3069 1026 3112 unum
1044 3048 1152 3130 requi·
1204 3054 1319 3128 pectus
1340 3047 1598 3128 transfundatur,
1624 3055 1720 3131 atque
1737 3049 1773 3111 in
1798 3070 1905 3114 mores
1929 3056 2184 3131 transcatopor·

173 3135 249 3200 ras?
279 3136 353 3200 Hac
375 3135 463 3198 euim
492 3133 675 3199 conditione
704 3136 732 3199 si
753 3133 947 3216 adoptamur
968 3135 1004 3197 in
1028 3135 1110 3199 filios
1132 3156 1152 3198 a
1205 3139 1260 3210 tet,
1284 3131 1428 3216 adeoque
1450 3155 1510 3198 nos
1533 3135 1567 3198 in
1590 3155 1625 3200 se
1646 3134 1865 3213 transformet,
1886 3140 1924 3198 ut
1941 3135 1984 3199 sit
2005 3136 2098 3201 nobis
2117 3156 2184 3200 non

173 3223 325 3299 Domino,
348 3227 386 3284 ut
406 3218 591 3297 Christum,
614 3227 746 3285 nostrae
768 3219 951 3302 adoptionis
972 3220 1150 3299 vinculum,
1203 3219 1413 3283 infructuosa.
1459 3217 1497 3284 Si
1518 3220 1590 3286 iure
1611 3221 1646 3283 in
1668 3241 1722 3284 eos
1739 3219 1925 3305 philosophi
1943 3221 2186 3287 excandescunt

172 3309 242 3373 rita
259 3315 372 3372 nostra
389 3312 621 3389 repraesentet,
640 3306 703 3370 nisi
726 3327 785 3370 nos
806 3307 949 3371 iustitiae
972 3305 1152 3372 addicimus
1204 3326 1321 3388 eosque
1343 3305 1479 3386 probose
1501 3325 1521 3370 a
1543 3327 1642 3391 grege
1671 3327 1729 3371 suo
1748 3305 1900 3390 abigunt,
1930 3307 1986 3390 qui
2007 3308 2109 3390 quum
2131 3328 2184 3371 ar·

173 3415 210 3460 ac
238 3393 449 3468 devovemus,
478 3413 544 3454 non
571 3389 667 3455 modo
695 3398 882 3456 screatore
910 3400 1021 3456 nostro
1042 3391 1152 3458 defici·
1204 3398 1272 3455 tem
1293 3392 1522 3473 profiteantur,
1553 3413 1635 3474 quae
1662 3391 1822 3475 magistra
1848 3393 1936 3458 vitae
1965 3414 2036 3458 esse
2058 3392 2183 3473 debeat,

173 3502 247 3545 mus
268 3479 410 3562 pessima
430 3476 576 3562 perfidia,
599 3476 656 3543 sed
678 3478 785 3559 ipsum
807 3498 933 3560 quoque
951 3486 1152 3543 servatorem
1204 3497 1277 3540 eam
1298 3478 1334 3542 in
1356 3476 1568 3559 sophisticam
1589 3478 1818 3560 loquacitatem
1836 3485 2040 3556 convertunt,
2063 3484 2185 3560 quanto

172 3567 345 3631 eieramus.
389 3562 519 3629 Deinde
542 3564 583 3628 ab
603 3564 755 3627 omnibus
776 3563 841 3628 Dei
862 3564 1037 3641 beneficiis,
1069 3586 1152 3648 quae
1204 3562 1330 3627 meliori
1351 3564 1478 3627 ratione
1495 3585 1639 3648 nugaces
1656 3564 1735 3629 istos
1754 3563 1916 3646 sophistas
1940 3564 2184 3643 detestabimur,

173 3653 265 3717 nobis
287 3656 533 3727 commemorat,
564 3671 602 3714 ac
624 3649 763 3731 singulis
786 3649 900 3714 salutis
922 3657 1053 3714 nostrae
1075 3671 1151 3734 par-
1204 3649 1264 3730 qui.
1281 3648 1489 3732 evangelium
1518 3650 1553 3714 in
1582 3650 1718 3714 summis
1739 3648 1840 3714 labris
1867 3650 2014 3714 volutare
2042 3649 2185 3715 contenti

172 3739 259 3803 tibus
280 3737 381 3802 sumit
401 3734 598 3801 exhortandi
619 3736 800 3799 materiam.
838 3736 977 3816 Exque
1000 3737 1151 3801 senobis
1205 3741 1290 3809 sunt,
1315 3735 1407 3799 cuius
1430 3736 1582 3814 efficacia,
1608 3735 1759 3816 centuplo
1786 3736 1892 3818 magis
1921 3757 2017 3818 quam
2046 3735 2185 3820 higidae

172 3833 300 3905 patrem
321 3823 414 3887 Deus
437 3821 601 3898 exhihuit,
631 3827 797 3885 extremae
819 3821 1067 3904 ingratitudinis
1090 3843 1150 3886 nos
1204 3819 1473 3903 philosophorum
1501 3842 1713 3905 paraeneses,
1741 3822 1777 3885 in
1807 3821 1943 3886 affectus
1972 3821 2077 3887 cordis
2106 3822 2185 3886 inti-
2247 3846 2253 3861 ·

173 3931 243 3973 esse
266 3907 464 3992 arguendos,
494 3907 557 3970 nisi
579 3908 723 3973 vicissim
752 3907 800 3970 illi
829 3905 913 3971 filios
937 3908 1150 3972 exhibeamus
1203 3928 1274 3971 mos
1294 3912 1474 3988 penetrare,
1497 3907 1626 3971 animae
1648 3906 1798 3985 insidere,
1821 3929 1859 3972 ac
1886 3914 1993 3971 toturn
2015 3909 2185 3972 hominem

173 3994 267 4143 &Mal
292 4002 317 4071 l,
338 3998 366 4057 6.
395 3993 480 4075 Eph.
501 3998 529 4070 5,
556 3998 581 4057 l.
614 3993 738 4056 lIoan.
759 3997 788 4071 3,
817 3992 858 4076 1).
908 3993 962 4057 Ex
996 4015 1058 4075 quo
1090 4014 1151 4058 nos
1204 3993 1333 4057 afficere
1355 3991 1520 4058 debuerat.

204 4081 326 4143 hristus
358 4080 528 4162 sanguinis
568 4080 619 4143 sui
656 4079 786 4143 lavacro
819 4079 1019 4160 purificavit,
1054 4085 1151 4161 atque
1291 4081 1318 4141 5.
1364 4078 1478 4162 Neque
1511 4079 1639 4162 requiro
1671 4086 1709 4142 ut
1746 4078 1828 4143 nihil
1860 4099 1959 4161 quam
1997 4078 2183 4143 absolutum

173 4165 258 4229 hanc
295 4165 524 4246 purgationem
564 4187 623 4247 per
655 4164 855 4247 baptismum
887 4165 1149 4244 communicavit,
1204 4163 1411 4246 evangehum
1434 4164 1603 4229 christiani
1632 4164 1773 4229 hominis
1795 4186 1902 4229 mores
1925 4165 2066 4246 spirent;
2095 4163 2181 4245 quod

172 4273 239 4314 non
260 4250 374 4315 decere
395 4258 433 4312 ut
454 4251 547 4314 novis
576 4250 725 4315 sordibus
753 4251 964 4332 inquinemur
999 4251 1099 4334 (Eph.
1121 4255 1149 4328 5,
1205 4255 1315 4313 tamen
1335 4250 1444 4332 ipsum
1466 4258 1499 4315 et
1520 4249 1699 4335 optandum
1718 4257 1768 4316 est
1785 4257 1818 4315 et
1835 4251 1946 4316 conari
1968 4270 2099 4314 necesse
2120 4255 2180 4314 est.

174 4336 420 4413 26.Hebr.10,
448 4340 495 4399 10.
536 4335 643 4400 lCor.
664 4342 692 4414 6,
720 4340 838 4400 ll.15.
877 4337 999 4401 lPetr.
1023 4342 1055 4415 l,
1086 4337 1149 4420 19).
1205 4333 1272 4400 Sed
1299 4356 1366 4399 non
1392 4337 1440 4400 ita
1467 4358 1579 4402 severe
1607 4337 1736 4419 requiro
1766 4336 1989 4420 evangelicam
2010 4334 2181 4418 perfectio·

173 4423 226 4486 Ex
250 4443 313 4505 quo
331 4442 391 4485 nos
409 4441 467 4485 suo
485 4422 611 4504 corpori
628 4422 775 4499 inseruit,
799 4422 935 4487 sollicite
957 4422 1149 4502 cavendum,
1204 4442 1294 4499 nem,
1334 4429 1372 4484 ut
1404 4434 1477 4486 non'
1503 4423 1566 4486 sim
1597 4442 1656 4505 pro
1688 4421 1865 4487 christiano
1898 4421 2085 4504 agniturus,
2126 4421 2182 4503 qui

173 4531 214 4573 nc
237 4508 338 4584 nobis,
361 4508 416 4589 qui
438 4527 550 4570 sumus
573 4508 642 4571 eius
663 4508 820 4585 membra,
843 4509 1007 4573 maculam
1029 4516 1086 4572 aut
1103 4509 1151 4572 la·
1204 4506 1349 4571 nondum
1379 4506 1421 4572 ad
1449 4529 1522 4572 eam
1549 4508 1730 4592 pertigerit.
1775 4505 1831 4572 Sic
1859 4508 1947 4571 enim
1975 4507 2015 4571 ab
2046 4506 2182 4571 ecclesia

172 4595 247 4659 bern
280 4593 383 4657 ullam
418 4613 629 4675 aspergamus
668 4592 773 4675 (Ioan.
797 4598 845 4671 15,
866 4598 893 4657 3.
928 4594 1014 4678 aph.
1036 4601 1064 4673 5,
1084 4594 1149 4679 23).
1205 4592 1456 4658 excluderentur
1484 4615 1611 4674 omnes;
1639 4593 1769 4676 quando
1797 4613 1893 4657 nemo
1922 4592 2096 4674 reperitur,
2126 4592 2182 4674 qui

173 4681 312 4762 Exque
339 4680 408 4760 ipse
430 4677 532 4755 idem,
561 4679 616 4761 qui
640 4687 738 4761 caput
759 4689 809 4743 est
829 4687 993 4759 nostrum,
1024 4682 1058 4745 in
1080 4701 1151 4745 coe·
1204 4680 1333 4744 nonsit
1355 4679 1451 4764 longo
1474 4679 1581 4744 adhuc
1608 4679 1781 4744 intervallo
1809 4677 1941 4744 dissitus
1948 4702 1956 4757 ;
1985 4677 2081 4741 multi
2103 4698 2182 4741 vero

173 4765 242 4830 lum
265 4765 425 4842 ascendit,
454 4766 628 4830 convenire
655 4774 693 4828 ut
720 4765 865 4848 deposito
894 4773 1000 4830 terrae
1023 4767 1151 4844 affectu,
1204 4785 1321 4847 parum
1350 4765 1456 4831 adhuc
1505 4766 1644 4849 regressi
1672 4772 1764 4843 sunt,
1794 4765 1850 4847 qui
1879 4771 1990 4828 tamen
2018 4763 2181 4828 immerito

173 4853 250 4918 illuc
268 4859 335 4916 toto
356 4858 486 4934 pectore
505 4852 685 4932 aspiremus
705 4850 789 4936 (Col.
812 4855 839 4929 3,
863 4853 904 4936 1).
938 4854 994 4915 Ex
1011 4873 1073 4934 quo
1092 4873 1151 4916 nos
1205 4850 1429 4916 abiicerentur.
1476 4786 1564 4932 Cuid
1592 4850 1691 4936 ergo?
1727 4872 1843 4933 scopus
1875 4849 1931 4914 ille
1964 4857 2040 4914 ante
2073 4849 2182 4914 oculos

175 4940 308 5018 spiritus
329 4946 461 5003 sanctus
482 4938 606 5020 templa
627 4939 699 5002 Deo
721 4936 891 5015 dedicavit,
915 4937 1057 5002 dandam
1075 4960 1151 5020 ope·
1204 4937 1419 5019 praefigatur,
1454 4937 1495 5002 ad
1522 4959 1619 5021 quem
1648 4936 1809 5020 dirigatur
1843 4935 1988 5001 studium
2022 4941 2180 4999 nostrum.

174 5043 260 5101 ram,
294 5032 331 5087 ut
358 5025 422 5088 Dei
450 5024 554 5106 gloria
580 5045 639 5106 per
666 5045 725 5088 nos
758 5023 957 5103 illustretur;
987 5046 1047 5089 nec
1073 5045 1151 5089 vero
1204 5022 1447 5088 Praestituatur
1479 5033 1567 5088 meta
1594 5023 1664 5103 illa,
1699 5021 1742 5086 ad
1769 5044 1868 5106 quam
1896 5029 1929 5087 et
1954 5022 2118 5086 enitamur
2149 5027 2183 5084 et

122 5154 128 5189 ,
175 5128 245 5171 esse
266 5108 543 5187 committendum,
566 5117 604 5172 ut
622 5110 746 5191 peccati
768 5110 925 5190 spurcitia
942 5111 1152 5191 prohnemur
1204 5108 1448 5174 contendamus.
1493 5110 1569 5174 Non
1597 5111 1684 5173 enim
1713 5110 1760 5173 ita
1786 5109 1903 5191 partiri
1931 5129 2005 5173 cum
2032 5106 2104 5171 Deo
2132 5106 2182 5170 fas

175 5193 207 5274 (l
229 5191 304 5257 Cor.
326 5198 354 5270 3,
382 5199 420 5257 16
450 5202 482 5258 et
511 5198 613 5273 6,19.
643 5193 755 5258 tCor.
777 5200 805 5270 6,
829 5193 892 5276 16).
937 5196 991 5259 Ex
1024 5216 1087 5277 quo
1119 5204 1152 5258 et
1205 5200 1268 5272 est,
1299 5201 1336 5257 ut
1358 5216 1400 5260 ex
1426 5196 1467 5260 iis
1489 5216 1572 5279 quae
1599 5195 1659 5259 tibi
1688 5196 1758 5260 eius
1783 5195 1882 5259 verbo
1905 5192 2181 5276 praescribuntiu,

175 5280 287 5344 anima
317 5286 429 5343 nostra
462 5288 495 5344 et
527 5300 659 5362 corpus,
693 5278 824 5344 coelesti
855 5280 1092 5363 incorruptioni
1119 5288 1152 5345 et
1205 5287 1332 5362 partem
1352 5281 1537 5364 suscipias,
1570 5289 1700 5366 partem
1733 5280 1867 5346 arbitrio
1899 5287 1955 5346 tuo
1987 5284 2182 5362 praeterear-

846 5396 848 5400 ⁸
1925 5379 1981 5435 ⁷1·

956 5505 968 5540 1
