<?xml version="1.0" encoding="UTF-8"?>
<!DOCTYPE html PUBLIC "-//W3C//DTD XHTML 1.0 Transitional//EN"
    "http://www.w3.org/TR/xhtml1/DTD/xhtml1-transitional.dtd">
<html xmlns="http://www.w3.org/1999/xhtml" xml:lang="en" lang="en">
 <head>
  <title>
</title>
<meta http-equiv="Content-Type" content="text/html;charset=utf-8" />
  <meta name='ocr-system' content='tesseract 3.04.00' />
  <meta name='ocr-capabilities' content='ocr_page ocr_carea ocr_par ocr_line ocrx_word'/>
</head>
<body>
  <div class='ocr_page' id='page_1' title='image "./ioanniscalvinio05calvgoog_0179.png"; bbox 0 0 4770 6030; ppageno 0'>
   <div class='ocr_carea' id='block_1_1' title="bbox 204 333 2296 408">
    <p class='ocr_par' dir='ltr' id='par_1_1' title="bbox 204 333 2296 408">
     <span class='ocr_line' id='line_1_1' title="bbox 204 333 2296 408; baseline -0.001 0"><span class='ocrx_word' id='word_1_1' title='bbox 204 347 267 408; x_wconf 77' lang='lat'><strong>223</strong></span> <span class='ocrx_word' id='word_1_2' title='bbox 852 335 1118 405; x_wconf 72' lang='lat' dir='ltr'>INS&#39;HWPIO</span> <span class='ocrx_word' id='word_1_3' title='bbox 1139 336 1244 402; x_wconf 66' lang='lat' dir='ltr'><strong>RnIr.</strong></span> <span class='ocrx_word' id='word_1_4' title='bbox 1268 333 1448 402; x_wconf 69' lang='lat' dir='ltr'>OHRIST.</span> <span class='ocrx_word' id='word_1_5' title='bbox 1475 339 1566 402; x_wconf 78' lang='lat'><strong>1536.</strong></span> <span class='ocrx_word' id='word_1_6' title='bbox 2147 344 2213 408; x_wconf 78' lang='lat'><strong>224</strong></span> <span class='ocrx_word' id='word_1_7' title='bbox 2293 341 2296 349; x_wconf 73' lang='grc'>’</span> 
     </span>
    </p>
   </div>
   <div class='ocr_carea' id='block_1_2' title="bbox 201 522 2215 1476">
    <p class='ocr_par' dir='ltr' id='par_1_2' title="bbox 201 522 2215 1476">
     <span class='ocr_line' id='line_1_2' title="bbox 203 522 2211 612; baseline -0.001 -15"><span class='ocrx_word' id='word_1_8' title='bbox 203 533 295 598; x_wconf 90' lang='lat' dir='ltr'><strong>nulla</strong></span> <span class='ocrx_word' id='word_1_9' title='bbox 307 532 520 597; x_wconf 88' lang='lat' dir='ltr'><strong>haesitatione</strong></span> <span class='ocrx_word' id='word_1_10' title='bbox 537 523 725 611; x_wconf 87' lang='lat' dir='ltr'><strong>oooipienda</strong></span> <span class='ocrx_word' id='word_1_11' title='bbox 741 533 791 592; x_wconf 89' lang='lat' dir='ltr'><strong>est</strong></span> <span class='ocrx_word' id='word_1_12' title='bbox 807 527 996 609; x_wconf 89' lang='lat' dir='ltr'><strong>quorumvis</strong></span> <span class='ocrx_word' id='word_1_13' title='bbox 1013 533 1180 607; x_wconf 88' lang='lat' dir='ltr'><strong>pastorum</strong></span> <span class='ocrx_word' id='word_1_14' title='bbox 1233 522 1311 606; x_wconf 92' lang='lat' dir='ltr'><strong>qaid</strong></span> <span class='ocrx_word' id='word_1_15' title='bbox 1341 524 1385 588; x_wconf 92' lang='lat' dir='ltr'><strong>sit</strong></span> <span class='ocrx_word' id='word_1_16' title='bbox 1411 525 1446 587; x_wconf 91' lang='lat' dir='ltr'><strong>in</strong></span> <span class='ocrx_word' id='word_1_17' title='bbox 1481 525 1661 609; x_wconf 81' lang='lat' dir='ltr'><strong>religionis,</strong></span> <span class='ocrx_word' id='word_1_18' title='bbox 1693 529 1754 596; x_wconf 93' lang='lat' dir='ltr'><strong>hoo</strong></span> <span class='ocrx_word' id='word_1_19' title='bbox 1782 537 1832 595; x_wconf 87' lang='lat' dir='ltr'><strong>est</strong></span> <span class='ocrx_word' id='word_1_20' title='bbox 1858 529 2006 595; x_wconf 89' lang='lat' dir='ltr'><strong>eoelestis</strong></span> <span class='ocrx_word' id='word_1_21' title='bbox 2033 530 2211 612; x_wconf 88' lang='lat' dir='ltr'><strong>sapientiae</strong></span> 
     </span>
     <span class='ocr_line' id='line_1_3' title="bbox 204 609 2211 699; baseline -0.001 -16"><span class='ocrx_word' id='word_1_22' title='bbox 204 617 365 696; x_wconf 86' lang='lat' dir='ltr'><strong>doetrina,</strong></span> <span class='ocrx_word' id='word_1_23' title='bbox 393 636 547 699; x_wconf 85' lang='lat' dir='ltr'>quorsum</span> <span class='ocrx_word' id='word_1_24' title='bbox 568 614 741 693; x_wconf 76' lang='lat' dir='ltr'><strong>attinebat,</strong></span> <span class='ocrx_word' id='word_1_25' title='bbox 770 613 865 677; x_wconf 88' lang='lat' dir='ltr'><strong>toties</strong></span> <span class='ocrx_word' id='word_1_26' title='bbox 887 619 1018 694; x_wconf 89' lang='lat' dir='ltr'><strong>tamque</strong></span> <span class='ocrx_word' id='word_1_27' title='bbox 1046 611 1181 676; x_wconf 87' lang='lat' dir='ltr'><strong>sollieite</strong></span> <span class='ocrx_word' id='word_1_28' title='bbox 1233 630 1340 688; x_wconf 86' lang='lat' dir='ltr'><strong>eausa,</strong></span> <span class='ocrx_word' id='word_1_29' title='bbox 1364 609 1469 675; x_wconf 90' lang='lat' dir='ltr'><strong>asolo</strong></span> <span class='ocrx_word' id='word_1_30' title='bbox 1488 611 1555 677; x_wconf 91' lang='lat' dir='ltr'><strong>Dei</strong></span> <span class='ocrx_word' id='word_1_31' title='bbox 1576 634 1631 677; x_wconf 91' lang='lat' dir='ltr'><strong>oro</strong></span> <span class='ocrx_word' id='word_1_32' title='bbox 1652 614 1808 697; x_wconf 90' lang='lat' dir='ltr'><strong>pendere,</strong></span> <span class='ocrx_word' id='word_1_33' title='bbox 1838 615 1934 680; x_wconf 91' lang='lat' dir='ltr'><strong>simul</strong></span> <span class='ocrx_word' id='word_1_34' title='bbox 1956 614 2122 694; x_wconf 82' lang='lat' dir='ltr'><strong>riderent,</strong></span> <span class='ocrx_word' id='word_1_35' title='bbox 2145 639 2211 682; x_wconf 94' lang='lat' dir='ltr'><strong>non</strong></span> 
     </span>
     <span class='ocr_line' id='line_1_4' title="bbox 203 693 2211 783; baseline 0 -14"><span class='ocrx_word' id='word_1_36' title='bbox 203 705 338 769; x_wconf 82' lang='lat' dir='ltr'><strong>Domini</strong></span> <span class='ocrx_word' id='word_1_37' title='bbox 359 702 459 767; x_wconf 89' lang='lat' dir='ltr'><strong>verbo</strong></span> <span class='ocrx_word' id='word_1_38' title='bbox 481 722 540 766; x_wconf 92' lang='lat' dir='ltr'><strong>nos</strong></span> <span class='ocrx_word' id='word_1_39' title='bbox 562 700 738 777; x_wconf 82' lang='lat' dir='ltr'>admoneri,</span> <span class='ocrx_word' id='word_1_40' title='bbox 762 720 804 763; x_wconf 91' lang='lat' dir='ltr'><strong>ne</strong></span> <span class='ocrx_word' id='word_1_41' title='bbox 824 696 1181 782; x_wconf 83' lang='lat' dir='ltr'><strong>pseudoprophetanrm</strong></span> <span class='ocrx_word' id='word_1_42' title='bbox 1232 693 1340 759; x_wconf 87' lang='lat' dir='ltr'><strong>levem</strong></span> <span class='ocrx_word' id='word_1_43' title='bbox 1361 716 1432 761; x_wconf 90' lang='lat' dir='ltr'><strong>esse</strong></span> <span class='ocrx_word' id='word_1_44' title='bbox 1453 698 1629 776; x_wconf 78' lang='grc'><strong>1111111111,</strong></span> <span class='ocrx_word' id='word_1_45' title='bbox 1657 721 1716 766; x_wconf 87' lang='lat' dir='ltr'><strong>our</strong></span> <span class='ocrx_word' id='word_1_46' title='bbox 1736 722 1892 783; x_wconf 88' lang='lat' dir='ltr'><strong>perversa</strong></span> <span class='ocrx_word' id='word_1_47' title='bbox 1913 701 2098 767; x_wconf 88' lang='lat' dir='ltr'><strong>huiusmodi</strong></span> <span class='ocrx_word' id='word_1_48' title='bbox 2119 702 2211 768; x_wconf 90' lang='lat' dir='ltr'><strong>obso-</strong></span> 
     </span>
     <span class='ocr_line' id='line_1_5' title="bbox 203 780 2212 871; baseline -0.001 -17"><span class='ocrx_word' id='word_1_49' title='bbox 203 797 262 854; x_wconf 89' lang='lat' dir='ltr'><strong>aut</strong></span> <span class='ocrx_word' id='word_1_50' title='bbox 278 788 568 871; x_wconf 79' lang='lat' dir='ltr'><strong>pseudopastorum</strong></span> <span class='ocrx_word' id='word_1_51' title='bbox 588 785 731 851; x_wconf 91' lang='lat' dir='ltr'><strong>sermoni</strong></span> <span class='ocrx_word' id='word_1_52' title='bbox 752 783 1030 849; x_wconf 86' lang='lat' dir='ltr'><strong>ansoultaremns?</strong></span> <span class='ocrx_word' id='word_1_53' title='bbox 1062 782 1180 862; x_wconf 87' lang='lat' dir='ltr'><strong>Nolite,</strong></span> <span class='ocrx_word' id='word_1_54' title='bbox 1233 781 1309 863; x_wconf 90' lang='lat' dir='ltr'><strong>qaia</strong></span> <span class='ocrx_word' id='word_1_55' title='bbox 1330 780 1375 845; x_wconf 91' lang='lat' dir='ltr'><strong>sio</strong></span> <span class='ocrx_word' id='word_1_56' title='bbox 1398 781 1603 848; x_wconf 80' lang='lat' dir='ltr'><strong>abominetur</strong></span> <span class='ocrx_word' id='word_1_57' title='bbox 1624 786 1795 864; x_wconf 78' lang='lat' dir='ltr'><strong>Dominus,</strong></span> <span class='ocrx_word' id='word_1_58' title='bbox 1817 807 1901 870; x_wconf 92' lang='lat' dir='ltr'><strong>quae</strong></span> <span class='ocrx_word' id='word_1_59' title='bbox 1920 807 1980 869; x_wconf 91' lang='lat' dir='ltr'><strong>pro</strong></span> <span class='ocrx_word' id='word_1_60' title='bbox 2002 786 2141 852; x_wconf 89' lang='lat' dir='ltr'><strong>humani</strong></span> <span class='ocrx_word' id='word_1_61' title='bbox 2160 789 2212 852; x_wconf 90' lang='lat' dir='ltr'><strong>in-</strong></span> 
     </span>
     <span class='ocr_line' id='line_1_6' title="bbox 203 865 2213 957; baseline 0 -18"><span class='ocrx_word' id='word_1_62' title='bbox 203 875 309 957; x_wconf 89' lang='lat' dir='ltr'><strong>inquit</strong></span> <span class='ocrx_word' id='word_1_63' title='bbox 325 874 497 951; x_wconf 91' lang='lat' dir='ltr'><strong>Dominus,</strong></span> <span class='ocrx_word' id='word_1_64' title='bbox 520 872 632 938; x_wconf 89' lang='lat' dir='ltr'><strong>andire</strong></span> <span class='ocrx_word' id='word_1_65' title='bbox 649 872 752 937; x_wconf 90' lang='lat' dir='ltr'><strong>verba</strong></span> <span class='ocrx_word' id='word_1_66' title='bbox 767 869 1011 953; x_wconf 88' lang='lat' dir='ltr'><strong>prophetaram,</strong></span> <span class='ocrx_word' id='word_1_67' title='bbox 1034 869 1089 952; x_wconf 91' lang='lat' dir='ltr'><strong>qui</strong></span> <span class='ocrx_word' id='word_1_68' title='bbox 1106 889 1181 952; x_wconf 89' lang='lat' dir='ltr'><strong>pro-</strong></span> <span class='ocrx_word' id='word_1_69' title='bbox 1233 866 1321 949; x_wconf 82' lang='lat' dir='ltr'><strong>genii</strong></span> <span class='ocrx_word' id='word_1_70' title='bbox 1346 865 1480 932; x_wconf 83' lang='lat' dir='ltr'><strong>libidine</strong></span> <span class='ocrx_word' id='word_1_71' title='bbox 1508 869 1570 934; x_wconf 84' lang='lat' dir='ltr'><strong>sibi</strong></span> <span class='ocrx_word' id='word_1_72' title='bbox 1598 879 1815 953; x_wconf 71' lang='lat' dir='ltr'><strong>praestantur.</strong></span> <span class='ocrx_word' id='word_1_73' title='bbox 1866 871 1953 937; x_wconf 90' lang='lat' dir='ltr'><strong>Nam</strong></span> <span class='ocrx_word' id='word_1_74' title='bbox 1981 874 2113 939; x_wconf 83' lang='lat' dir='ltr'><strong>tametsi</strong></span> <span class='ocrx_word' id='word_1_75' title='bbox 2139 896 2213 957; x_wconf 87' lang='lat' dir='ltr'><strong>spe-</strong></span> 
     </span>
     <span class='ocr_line' id='line_1_7' title="bbox 201 950 2213 1044; baseline 0 -20"><span class='ocrx_word' id='word_1_76' title='bbox 201 960 343 1044; x_wconf 86' lang='lat' dir='ltr'><strong>phetant</strong></span> <span class='ocrx_word' id='word_1_77' title='bbox 362 959 463 1025; x_wconf 91' lang='lat' dir='ltr'><strong>vobis.</strong></span> <span class='ocrx_word' id='word_1_78' title='bbox 493 957 792 1023; x_wconf 85' lang='lat' dir='ltr'><strong>Vanitatemenim</strong></span> <span class='ocrx_word' id='word_1_79' title='bbox 812 954 1008 1022; x_wconf 88' lang='lat' dir='ltr'><strong>dooentvos</strong></span> <span class='ocrx_word' id='word_1_80' title='bbox 1030 954 1182 1020; x_wconf 77' lang='grc'><strong>1111111-</strong></span> <span class='ocrx_word' id='word_1_81' title='bbox 1233 950 1316 1016; x_wconf 88' lang='lat' dir='ltr'><strong>aiem</strong></span> <span class='ocrx_word' id='word_1_82' title='bbox 1336 951 1460 1017; x_wconf 90' lang='lat' dir='ltr'><strong>habent</strong></span> <span class='ocrx_word' id='word_1_83' title='bbox 1486 955 1651 1036; x_wconf 90' lang='lat' dir='ltr'><strong>quandam</strong></span> <span class='ocrx_word' id='word_1_84' title='bbox 1678 957 1872 1024; x_wconf 88' lang='lat' dir='ltr'><strong>hamilitatis</strong></span> <span class='ocrx_word' id='word_1_85' title='bbox 1902 959 1938 1023; x_wconf 92' lang='lat' dir='ltr'><strong>in</strong></span> <span class='ocrx_word' id='word_1_86' title='bbox 1966 980 2025 1025; x_wconf 90' lang='lat' dir='ltr'><strong>sua</strong></span> <span class='ocrx_word' id='word_1_87' title='bbox 2052 958 2213 1025; x_wconf 76' lang='grc'><strong>11111111-</strong></span> 
     </span>
     <span class='ocr_line' id='line_1_8' title="bbox 203 1035 2213 1129; baseline 0 -19"><span class='ocrx_word' id='word_1_88' title='bbox 203 1067 281 1111; x_wconf 88' lang='lat' dir='ltr'><strong>nem</strong></span> <span class='ocrx_word' id='word_1_89' title='bbox 303 1045 409 1112; x_wconf 85' lang='lat' dir='ltr'><strong>sordis</strong></span> <span class='ocrx_word' id='word_1_90' title='bbox 431 1045 482 1110; x_wconf 90' lang='lat' dir='ltr'><strong>sui</strong></span> <span class='ocrx_word' id='word_1_91' title='bbox 503 1045 693 1125; x_wconf 87' lang='lat' dir='ltr'><strong>loquuntur,</strong></span> <span class='ocrx_word' id='word_1_92' title='bbox 717 1063 782 1106; x_wconf 93' lang='lat' dir='ltr'><strong>non</strong></span> <span class='ocrx_word' id='word_1_93' title='bbox 805 1063 847 1106; x_wconf 85' lang='lat' dir='ltr'><strong>ex</strong></span> <span class='ocrx_word' id='word_1_94' title='bbox 868 1062 923 1105; x_wconf 89' lang='lat' dir='ltr'><strong>ore</strong></span> <span class='ocrx_word' id='word_1_95' title='bbox 944 1041 1080 1106; x_wconf 89' lang='lat' dir='ltr'><strong>Domini</strong></span> <span class='ocrx_word' id='word_1_96' title='bbox 1102 1040 1180 1126; x_wconf 88' lang='lat' dir='ltr'><strong>(Ier.</strong></span> <span class='ocrx_word' id='word_1_97' title='bbox 1233 1035 1372 1115; x_wconf 78' lang='grc'><strong>(1111111,</strong></span> <span class='ocrx_word' id='word_1_98' title='bbox 1398 1039 1455 1129; x_wconf 85' lang='lat' dir='ltr'><strong>qai</strong></span> <span class='ocrx_word' id='word_1_99' title='bbox 1478 1039 1605 1123; x_wconf 82' lang='lat' dir='ltr'><strong>legibus</strong></span> <span class='ocrx_word' id='word_1_100' title='bbox 1627 1043 1663 1106; x_wconf 91' lang='lat' dir='ltr'><strong>in</strong></span> <span class='ocrx_word' id='word_1_101' title='bbox 1683 1043 1748 1109; x_wconf 89' lang='lat' dir='ltr'><strong>Dei</strong></span> <span class='ocrx_word' id='word_1_102' title='bbox 1771 1042 1896 1109; x_wconf 87' lang='lat' dir='ltr'><strong>oultum</strong></span> <span class='ocrx_word' id='word_1_103' title='bbox 1915 1052 2050 1127; x_wconf 90' lang='lat' dir='ltr'><strong>parent,</strong></span> <span class='ocrx_word' id='word_1_104' title='bbox 2078 1044 2213 1111; x_wconf 90' lang='lat' dir='ltr'><strong>minimo</strong></span> 
     </span>
     <span class='ocr_line' id='line_1_9' title="bbox 205 1126 2212 1218; baseline 0 -21"><span class='ocrx_word' id='word_1_105' title='bbox 205 1132 271 1218; x_wconf 80' lang='lat'><strong>23).</strong></span> <span class='ocrx_word' id='word_1_106' title='bbox 321 1133 408 1197; x_wconf 86' lang='lat' dir='ltr'><strong>Item</strong></span> <span class='ocrx_word' id='word_1_107' title='bbox 432 1129 566 1216; x_wconf 87' lang='lat' dir='ltr'><strong>(Matth.</strong></span> <span class='ocrx_word' id='word_1_108' title='bbox 592 1130 639 1213; x_wconf 82' lang='lat'><strong>7):</strong></span> <span class='ocrx_word' id='word_1_109' title='bbox 669 1129 793 1196; x_wconf 81' lang='lat' dir='ltr'><strong>Cavete</strong></span> <span class='ocrx_word' id='word_1_110' title='bbox 818 1126 911 1194; x_wconf 90' lang='lat' dir='ltr'><strong>vobis</strong></span> <span class='ocrx_word' id='word_1_111' title='bbox 940 1149 961 1191; x_wconf 93' lang='lat' dir='ltr'><strong>a</strong></span> <span class='ocrx_word' id='word_1_112' title='bbox 989 1126 1080 1192; x_wconf 86' lang='lat' dir='ltr'><strong>falsis</strong></span> <span class='ocrx_word' id='word_1_113' title='bbox 1106 1148 1182 1210; x_wconf 91' lang='lat' dir='ltr'><strong>pro-</strong></span> <span class='ocrx_word' id='word_1_114' title='bbox 1232 1127 1345 1187; x_wconf 74' lang='grc'><strong>111111</strong></span> <span class='ocrx_word' id='word_1_115' title='bbox 1365 1130 1444 1187; x_wconf 91' lang='lat' dir='ltr'><strong>sant</strong></span> <span class='ocrx_word' id='word_1_116' title='bbox 1465 1146 1575 1190; x_wconf 89' lang='lat' dir='ltr'><strong>eoram</strong></span> <span class='ocrx_word' id='word_1_117' title='bbox 1595 1128 1668 1193; x_wconf 93' lang='lat' dir='ltr'><strong>Deo</strong></span> <span class='ocrx_word' id='word_1_118' title='bbox 1696 1129 1852 1209; x_wconf 82' lang='lat' dir='ltr'><strong>humiles,</strong></span> <span class='ocrx_word' id='word_1_119' title='bbox 1879 1131 1931 1196; x_wconf 92' lang='lat' dir='ltr'><strong>oui</strong></span> <span class='ocrx_word' id='word_1_120' title='bbox 1958 1130 2089 1197; x_wconf 90' lang='lat' dir='ltr'><strong>easdem</strong></span> <span class='ocrx_word' id='word_1_121' title='bbox 2117 1152 2212 1215; x_wconf 86' lang='lat' dir='ltr'><strong>prae·</strong></span> 
     </span>
     <span class='ocr_line' id='line_1_10' title="bbox 202 1207 2212 1303; baseline 0 -20"><span class='ocrx_word' id='word_1_122' title='bbox 202 1218 327 1302; x_wconf 86' lang='lat' dir='ltr'><strong>photis,</strong></span> <span class='ocrx_word' id='word_1_123' title='bbox 350 1218 405 1300; x_wconf 92' lang='lat' dir='ltr'><strong>qai</strong></span> <span class='ocrx_word' id='word_1_124' title='bbox 426 1217 564 1281; x_wconf 89' lang='lat' dir='ltr'><strong>veniunt</strong></span> <span class='ocrx_word' id='word_1_125' title='bbox 585 1215 627 1280; x_wconf 90' lang='lat' dir='ltr'><strong>ad</strong></span> <span class='ocrx_word' id='word_1_126' title='bbox 648 1237 707 1281; x_wconf 88' lang='lat' dir='ltr'><strong>vos</strong></span> <span class='ocrx_word' id='word_1_127' title='bbox 724 1215 760 1279; x_wconf 90' lang='lat' dir='ltr'><strong>in</strong></span> <span class='ocrx_word' id='word_1_128' title='bbox 781 1213 902 1279; x_wconf 88' lang='lat' dir='ltr'><strong>vestitu</strong></span> <span class='ocrx_word' id='word_1_129' title='bbox 922 1213 1042 1291; x_wconf 71' lang='lat' dir='ltr'><strong>orium,</strong></span> <span class='ocrx_word' id='word_1_130' title='bbox 1064 1213 1182 1277; x_wconf 86' lang='lat' dir='ltr'><strong>intrin-</strong></span> <span class='ocrx_word' id='word_1_131' title='bbox 1234 1208 1381 1273; x_wconf 88' lang='lat' dir='ltr'><strong>soribunt</strong></span> <span class='ocrx_word' id='word_1_132' title='bbox 1412 1207 1500 1292; x_wconf 80' lang='lat' dir='ltr'><strong>leges</strong></span> <span class='ocrx_word' id='word_1_133' title='bbox 1534 1233 1615 1294; x_wconf 90' lang='lat' dir='ltr'><strong>qaas</strong></span> <span class='ocrx_word' id='word_1_134' title='bbox 1646 1215 1708 1297; x_wconf 91' lang='lat' dir='ltr'><strong>ipsi</strong></span> <span class='ocrx_word' id='word_1_135' title='bbox 1741 1214 1893 1281; x_wconf 80' lang='lat' dir='ltr'><strong>servant</strong></span> <span class='ocrx_word' id='word_1_136' title='bbox 1941 1214 1983 1303; x_wconf 87' lang='lat' dir='ltr'><strong>[p.</strong></span> <span class='ocrx_word' id='word_1_137' title='bbox 2008 1214 2086 1303; x_wconf 77' lang='lat' dir='ltr'><strong>tol]</strong></span> <span class='ocrx_word' id='word_1_138' title='bbox 2119 1217 2212 1284; x_wconf 81' lang='lat' dir='ltr'><strong>Haeo</strong></span> 
     </span>
     <span class='ocr_line' id='line_1_11' title="bbox 204 1294 2215 1386; baseline -0.001 -16"><span class='ocrx_word' id='word_1_139' title='bbox 204 1325 297 1371; x_wconf 86' lang='lat' dir='ltr'><strong>soous</strong></span> <span class='ocrx_word' id='word_1_140' title='bbox 319 1309 428 1370; x_wconf 89' lang='lat' dir='ltr'><strong>autern</strong></span> <span class='ocrx_word' id='word_1_141' title='bbox 450 1309 529 1368; x_wconf 89' lang='lat' dir='ltr'><strong>sunt</strong></span> <span class='ocrx_word' id='word_1_142' title='bbox 549 1302 617 1384; x_wconf 93' lang='lat' dir='ltr'><strong>lupi</strong></span> <span class='ocrx_word' id='word_1_143' title='bbox 640 1321 782 1384; x_wconf 89' lang='lat' dir='ltr'><strong>rapaoes.</strong></span> <span class='ocrx_word' id='word_1_144' title='bbox 825 1299 967 1364; x_wconf 86' lang='lat' dir='ltr'><strong>Frustra</strong></span> <span class='ocrx_word' id='word_1_145' title='bbox 988 1305 1022 1363; x_wconf 91' lang='lat' dir='ltr'><strong>et</strong></span> <span class='ocrx_word' id='word_1_146' title='bbox 1042 1298 1182 1363; x_wconf 91' lang='lat' dir='ltr'><strong>Ioannes</strong></span> <span class='ocrx_word' id='word_1_147' title='bbox 1233 1314 1312 1359; x_wconf 88' lang='lat' dir='ltr'><strong>vero</strong></span> <span class='ocrx_word' id='word_1_148' title='bbox 1333 1294 1416 1358; x_wconf 90' lang='lat' dir='ltr'><strong>ratio</strong></span> <span class='ocrx_word' id='word_1_149' title='bbox 1443 1303 1506 1375; x_wconf 89' lang='lat' dir='ltr'><strong>est,</strong></span> <span class='ocrx_word' id='word_1_150' title='bbox 1534 1319 1594 1364; x_wconf 88' lang='lat' dir='ltr'><strong>aar</strong></span> <span class='ocrx_word' id='word_1_151' title='bbox 1619 1306 1690 1366; x_wconf 90' lang='lat' dir='ltr'><strong>tam</strong></span> <span class='ocrx_word' id='word_1_152' title='bbox 1715 1301 1890 1386; x_wconf 83' lang='lat' dir='ltr'><strong>diligenter</strong></span> <span class='ocrx_word' id='word_1_153' title='bbox 1917 1303 1990 1368; x_wconf 92' lang='lat' dir='ltr'><strong>vult</strong></span> <span class='ocrx_word' id='word_1_154' title='bbox 2016 1323 2077 1368; x_wconf 92' lang='lat' dir='ltr'><strong>nos</strong></span> <span class='ocrx_word' id='word_1_155' title='bbox 2098 1324 2215 1368; x_wconf 80' lang='lat' dir='ltr'><strong>savem</strong></span> 
     </span>
     <span class='ocr_line' id='line_1_12' title="bbox 206 1379 2215 1476; baseline -0 -22"><span class='ocrx_word' id='word_1_156' title='bbox 206 1387 404 1476; x_wconf 79' lang='grc'><strong>(1111114)</strong></span> <span class='ocrx_word' id='word_1_157' title='bbox 431 1410 491 1453; x_wconf 89' lang='lat' dir='ltr'><strong>nos</strong></span> <span class='ocrx_word' id='word_1_158' title='bbox 523 1387 725 1463; x_wconf 91' lang='lat' dir='ltr'><strong>hortaretur,</strong></span> <span class='ocrx_word' id='word_1_159' title='bbox 760 1392 799 1450; x_wconf 93' lang='lat' dir='ltr'><strong>ut</strong></span> <span class='ocrx_word' id='word_1_160' title='bbox 829 1385 1004 1468; x_wconf 88' lang='lat' dir='ltr'><strong>probeinus</strong></span> <span class='ocrx_word' id='word_1_161' title='bbox 1039 1385 1181 1467; x_wconf 90' lang='lat' dir='ltr'><strong>spiritus,</strong></span> <span class='ocrx_word' id='word_1_162' title='bbox 1233 1379 1358 1445; x_wconf 87' lang='lat' dir='ltr'><strong>Paulus</strong></span> <span class='ocrx_word' id='word_1_163' title='bbox 1380 1379 1464 1464; x_wconf 80' lang='lat' dir='ltr'><strong>(Col.</strong></span> <span class='ocrx_word' id='word_1_164' title='bbox 1485 1382 1529 1467; x_wconf 79' lang='lat'><strong>2),</strong></span> <span class='ocrx_word' id='word_1_165' title='bbox 1557 1406 1599 1448; x_wconf 89' lang='lat' dir='ltr'><strong>ne</strong></span> <span class='ocrx_word' id='word_1_166' title='bbox 1625 1385 1825 1470; x_wconf 89' lang='lat' dir='ltr'><strong>deoipiamur</strong></span> <span class='ocrx_word' id='word_1_167' title='bbox 1851 1409 1912 1472; x_wconf 89' lang='lat' dir='ltr'><strong>per</strong></span> <span class='ocrx_word' id='word_1_168' title='bbox 1936 1387 2129 1455; x_wconf 76' lang='lat' dir='ltr'><strong>traditiones</strong></span> <span class='ocrx_word' id='word_1_169' title='bbox 2155 1389 2215 1453; x_wconf 91' lang='lat' dir='ltr'><strong>ho-</strong></span> 
     </span>
    </p>
   </div>
   <div class='ocr_carea' id='block_1_3' title="bbox 205 1465 2330 1559">
    <p class='ocr_par' dir='ltr' id='par_1_3' title="bbox 205 1465 2330 1559">
     <span class='ocr_line' id='line_1_13' title="bbox 205 1465 2330 1559; baseline -0 -18"><span class='ocrx_word' id='word_1_170' title='bbox 205 1474 364 1559; x_wconf 90' lang='lat' dir='ltr'><strong>numquid</strong></span> <span class='ocrx_word' id='word_1_171' title='bbox 391 1496 433 1539; x_wconf 87' lang='lat' dir='ltr'><strong>ex</strong></span> <span class='ocrx_word' id='word_1_172' title='bbox 454 1475 527 1539; x_wconf 94' lang='lat' dir='ltr'><strong>Deo</strong></span> <span class='ocrx_word' id='word_1_173' title='bbox 555 1474 629 1538; x_wconf 87' lang='lat' dir='ltr'><strong>sint.</strong></span> <span class='ocrx_word' id='word_1_174' title='bbox 674 1470 737 1537; x_wconf 83' lang='lat' dir='ltr'><strong>Oui</strong></span> <span class='ocrx_word' id='word_1_175' title='bbox 764 1469 882 1536; x_wconf 89' lang='lat' dir='ltr'><strong>iudioio</strong></span> <span class='ocrx_word' id='word_1_176' title='bbox 909 1492 952 1535; x_wconf 93' lang='lat' dir='ltr'><strong>ne</strong></span> <span class='ocrx_word' id='word_1_177' title='bbox 980 1470 1089 1553; x_wconf 83' lang='lat' dir='ltr'><strong>angeli</strong></span> <span class='ocrx_word' id='word_1_178' title='bbox 1111 1470 1182 1552; x_wconf 89' lang='lat' dir='ltr'><strong>qui·</strong></span> <span class='ocrx_word' id='word_1_179' title='bbox 1233 1465 1376 1543; x_wconf 91' lang='lat' dir='ltr'><strong>minum,</strong></span> <span class='ocrx_word' id='word_1_180' title='bbox 1400 1475 1433 1529; x_wconf 89' lang='lat' dir='ltr'><strong>et</strong></span> <span class='ocrx_word' id='word_1_181' title='bbox 1453 1467 1553 1547; x_wconf 87' lang='lat' dir='ltr'><strong>illam,</strong></span> <span class='ocrx_word' id='word_1_182' title='bbox 1576 1492 1676 1554; x_wconf 90' lang='lat' dir='ltr'><strong>quam</strong></span> <span class='ocrx_word' id='word_1_183' title='bbox 1695 1474 2213 1559; x_wconf 60' lang='grc' dir='ltr'><strong>11111ἐθελοθρησκοίοιν,111111Ἰ</strong></span> <span class='ocrx_word' id='word_1_184' title='bbox 2327 1530 2330 1535; x_wconf 93' lang='lat'>.</span> 
     </span>
    </p>
   </div>
   <div class='ocr_carea' id='block_1_4' title="bbox 205 1552 2220 2504">
    <p class='ocr_par' dir='ltr' id='par_1_4' title="bbox 205 1552 2220 2504">
     <span class='ocr_line' id='line_1_14' title="bbox 205 1552 2215 1641; baseline -0.001 -13"><span class='ocrx_word' id='word_1_185' title='bbox 205 1561 281 1628; x_wconf 92' lang='lat' dir='ltr'><strong>dem</strong></span> <span class='ocrx_word' id='word_1_186' title='bbox 303 1563 506 1638; x_wconf 83' lang='lat' dir='ltr'><strong>eximuntur,</strong></span> <span class='ocrx_word' id='word_1_187' title='bbox 536 1558 657 1624; x_wconf 91' lang='lat' dir='ltr'><strong>nedum</strong></span> <span class='ocrx_word' id='word_1_188' title='bbox 685 1557 804 1622; x_wconf 91' lang='lat' dir='ltr'><strong>diaboli</strong></span> <span class='ocrx_word' id='word_1_189' title='bbox 830 1555 1000 1622; x_wconf 90' lang='lat' dir='ltr'><strong>mendaoia</strong></span> <span class='ocrx_word' id='word_1_190' title='bbox 1022 1555 1113 1641; x_wconf 82' lang='lat' dir='ltr'><strong>(Gal.</strong></span> <span class='ocrx_word' id='word_1_191' title='bbox 1139 1555 1180 1638; x_wconf 89' lang='lat'><strong>1).</strong></span> <span class='ocrx_word' id='word_1_192' title='bbox 1233 1552 1455 1615; x_wconf 85' lang='lat' dir='ltr'><strong>voluntarium</strong></span> <span class='ocrx_word' id='word_1_193' title='bbox 1476 1554 1600 1620; x_wconf 87' lang='lat' dir='ltr'><strong>oultum</strong></span> <span class='ocrx_word' id='word_1_194' title='bbox 1626 1565 1659 1623; x_wconf 91' lang='lat' dir='ltr'><strong>et</strong></span> <span class='ocrx_word' id='word_1_195' title='bbox 1685 1567 1816 1640; x_wconf 88' lang='lat' dir='ltr'><strong>praeter</strong></span> <span class='ocrx_word' id='word_1_196' title='bbox 1842 1560 1980 1626; x_wconf 84' lang='lat' dir='ltr'><strong>verbum</strong></span> <span class='ocrx_word' id='word_1_197' title='bbox 1999 1560 2066 1626; x_wconf 88' lang='lat' dir='ltr'><strong>Dei</strong></span> <span class='ocrx_word' id='word_1_198' title='bbox 2092 1560 2134 1627; x_wconf 87' lang='lat' dir='ltr'><strong>ab</strong></span> <span class='ocrx_word' id='word_1_199' title='bbox 2156 1560 2215 1626; x_wconf 90' lang='lat' dir='ltr'><strong>ho-</strong></span> 
     </span>
     <span class='ocr_line' id='line_1_15' title="bbox 207 1636 1629 1735; baseline -0.004 -23"><span class='ocrx_word' id='word_1_200' title='bbox 207 1645 295 1729; x_wconf 76' lang='lat' dir='ltr'><strong>Qaid</strong></span> <span class='ocrx_word' id='word_1_201' title='bbox 328 1654 437 1712; x_wconf 87' lang='lat' dir='ltr'><strong>autem</strong></span> <span class='ocrx_word' id='word_1_202' title='bbox 470 1644 558 1710; x_wconf 90' lang='lat' dir='ltr'><strong>istud</strong></span> <span class='ocrx_word' id='word_1_203' title='bbox 584 1641 810 1729; x_wconf 73' lang='lat' dir='ltr'><strong>(Mauh215):</strong></span> <span class='ocrx_word' id='word_1_204' title='bbox 845 1643 872 1707; x_wconf 89' lang='lat' dir='ltr'><strong>si</strong></span> <span class='ocrx_word' id='word_1_205' title='bbox 905 1663 1020 1708; x_wconf 87' lang='lat' dir='ltr'><strong>oaeous</strong></span> <span class='ocrx_word' id='word_1_206' title='bbox 1051 1639 1090 1728; x_wconf 87' lang='lat' dir='ltr'><strong>[p.</strong></span> <span class='ocrx_word' id='word_1_207' title='bbox 1104 1638 1181 1728; x_wconf 80' lang='lat'>459]</span> <span class='ocrx_word' id='word_1_208' title='bbox 1234 1636 1377 1735; x_wconf 79' lang='lat' dir='ltr'><strong>minibus</strong></span> <span class='ocrx_word' id='word_1_209' title='bbox 1400 1641 1629 1721; x_wconf 75' lang='lat' dir='ltr'><strong>excogitatum.</strong></span> 
     </span>
     <span class='ocr_line' id='line_1_16' title="bbox 206 1720 2216 1810; baseline -0 -10"><span class='ocrx_word' id='word_1_210' title='bbox 206 1754 340 1800; x_wconf 87' lang='lat' dir='ltr'><strong>oaeoam</strong></span> <span class='ocrx_word' id='word_1_211' title='bbox 358 1732 464 1810; x_wconf 90' lang='lat' dir='ltr'><strong>daoat,</strong></span> <span class='ocrx_word' id='word_1_212' title='bbox 488 1731 582 1796; x_wconf 92' lang='lat' dir='ltr'><strong>ambo</strong></span> <span class='ocrx_word' id='word_1_213' title='bbox 600 1732 635 1794; x_wconf 92' lang='lat' dir='ltr'><strong>in</strong></span> <span class='ocrx_word' id='word_1_214' title='bbox 651 1730 780 1795; x_wconf 82' lang='lat' dir='ltr'><strong>foveam</strong></span> <span class='ocrx_word' id='word_1_215' title='bbox 798 1728 923 1794; x_wconf 87' lang='lat' dir='ltr'><strong>eadent</strong></span> <span class='ocrx_word' id='word_1_216' title='bbox 959 1730 1014 1792; x_wconf 90' lang='lat' dir='ltr'><strong>An</strong></span> <span class='ocrx_word' id='word_1_217' title='bbox 1026 1728 1183 1793; x_wconf 83' lang='lat' dir='ltr'><strong>nonsatis</strong></span> <span class='ocrx_word' id='word_1_218' title='bbox 1322 1720 1378 1788; x_wconf 80' lang='lat' dir='ltr'><strong>Sro</strong></span> <span class='ocrx_word' id='word_1_219' title='bbox 1400 1730 1451 1788; x_wconf 86' lang='lat' dir='ltr'><strong>est</strong></span> <span class='ocrx_word' id='word_1_220' title='bbox 1471 1727 1623 1806; x_wconf 81' lang='lat' dir='ltr'><strong>profesto.</strong></span> <span class='ocrx_word' id='word_1_221' title='bbox 1670 1727 1870 1797; x_wconf 81' lang='lat' dir='ltr'><strong>Stultesoere</strong></span> <span class='ocrx_word' id='word_1_222' title='bbox 1892 1741 1925 1796; x_wconf 90' lang='lat' dir='ltr'><strong>et</strong></span> <span class='ocrx_word' id='word_1_223' title='bbox 1953 1738 2100 1797; x_wconf 85' lang='lat' dir='ltr'><strong>nostram</strong></span> <span class='ocrx_word' id='word_1_224' title='bbox 2121 1732 2216 1799; x_wconf 88' lang='lat' dir='ltr'><strong>nobis</strong></span> 
     </span>
     <span class='ocr_line' id='line_1_17' title="bbox 206 1808 2216 1901; baseline -0.001 -17"><span class='ocrx_word' id='word_1_225' title='bbox 206 1818 363 1896; x_wconf 89' lang='lat' dir='ltr'><strong>deelarat,</strong></span> <span class='ocrx_word' id='word_1_226' title='bbox 386 1817 527 1883; x_wconf 90' lang='lat' dir='ltr'><strong>multum</strong></span> <span class='ocrx_word' id='word_1_227' title='bbox 548 1818 720 1893; x_wconf 88' lang='lat' dir='ltr'><strong>interesse,</strong></span> <span class='ocrx_word' id='word_1_228' title='bbox 749 1815 861 1898; x_wconf 85' lang='lat' dir='ltr'><strong>quales</strong></span> <span class='ocrx_word' id='word_1_229' title='bbox 880 1821 1026 1896; x_wconf 87' lang='lat' dir='ltr'><strong>pastores</strong></span> <span class='ocrx_word' id='word_1_230' title='bbox 1049 1812 1184 1878; x_wconf 88' lang='lat' dir='ltr'><strong>audian·</strong></span> <span class='ocrx_word' id='word_1_231' title='bbox 1236 1808 1314 1891; x_wconf 90' lang='lat' dir='ltr'><strong>ipsis</strong></span> <span class='ocrx_word' id='word_1_232' title='bbox 1342 1817 1376 1872; x_wconf 91' lang='lat' dir='ltr'><strong>et</strong></span> <span class='ocrx_word' id='word_1_233' title='bbox 1397 1811 1543 1875; x_wconf 91' lang='lat' dir='ltr'><strong>omnium</strong></span> <span class='ocrx_word' id='word_1_234' title='bbox 1570 1813 1740 1880; x_wconf 88' lang='lat' dir='ltr'><strong>hominum</strong></span> <span class='ocrx_word' id='word_1_235' title='bbox 1762 1817 1957 1899; x_wconf 90' lang='lat' dir='ltr'><strong>sapientiam</strong></span> <span class='ocrx_word' id='word_1_236' title='bbox 1978 1823 2118 1901; x_wconf 86' lang='lat' dir='ltr'><strong>oportet,</strong></span> <span class='ocrx_word' id='word_1_237' title='bbox 2151 1838 2216 1900; x_wconf 90' lang='lat' dir='ltr'><strong>qao</strong></span> 
     </span>
     <span class='ocr_line' id='line_1_18' title="bbox 205 1867 2216 1994; baseline -0 -24"><span class='ocrx_word' id='word_1_238' title='bbox 205 1911 269 1984; x_wconf 90' lang='lat' dir='ltr'><strong>tar,</strong></span> <span class='ocrx_word' id='word_1_239' title='bbox 291 1927 352 1970; x_wconf 90' lang='lat' dir='ltr'><strong>neo</strong></span> <span class='ocrx_word' id='word_1_240' title='bbox 373 1910 496 1968; x_wconf 87' lang='lat' dir='ltr'><strong>temere</strong></span> <span class='ocrx_word' id='word_1_241' title='bbox 517 1924 630 1967; x_wconf 88' lang='lat' dir='ltr'><strong>omnes</strong></span> <span class='ocrx_word' id='word_1_242' title='bbox 653 1900 852 1966; x_wconf 79' lang='lat' dir='ltr'><strong>audiendos?</strong></span> <span class='ocrx_word' id='word_1_243' title='bbox 1209 1867 1212 1965; x_wconf 81' lang='grc'><strong>1</strong></span> <span class='ocrx_word' id='word_1_244' title='bbox 1236 1894 1342 1994; x_wconf 65' lang='lat' dir='ltr'><strong>solum</strong></span> <span class='ocrx_word' id='word_1_245' title='bbox 1364 1894 1458 1958; x_wconf 83' lang='lat' dir='ltr'><strong>illum</strong></span> <span class='ocrx_word' id='word_1_246' title='bbox 1485 1918 1600 1981; x_wconf 80' lang='lat' dir='ltr'><strong>sapere</strong></span> <span class='ocrx_word' id='word_1_247' title='bbox 1626 1902 1863 1983; x_wconf 87' lang='lat' dir='ltr'><strong>permittamus.</strong></span> <span class='ocrx_word' id='word_1_248' title='bbox 1908 1901 2018 1984; x_wconf 77' lang='lat' dir='ltr'><strong>Quam</strong></span> <span class='ocrx_word' id='word_1_249' title='bbox 2044 1905 2133 1968; x_wconf 88' lang='lat' dir='ltr'><strong>viam</strong></span> <span class='ocrx_word' id='word_1_250' title='bbox 2153 1905 2216 1968; x_wconf 91' lang='lat' dir='ltr'><strong>mi-</strong></span> 
     </span>
     <span class='ocr_line' id='line_1_19' title="bbox 293 1985 2217 2072; baseline -0.001 -17"><span class='ocrx_word' id='word_1_251' title='bbox 293 1989 405 2072; x_wconf 77' lang='lat' dir='ltr'><strong>Qaare</strong></span> <span class='ocrx_word' id='word_1_252' title='bbox 427 2009 494 2053; x_wconf 89' lang='lat' dir='ltr'><strong>non</strong></span> <span class='ocrx_word' id='word_1_253' title='bbox 515 1998 565 2054; x_wconf 90' lang='lat' dir='ltr'><strong>est</strong></span> <span class='ocrx_word' id='word_1_254' title='bbox 586 1986 672 2071; x_wconf 92' lang='lat' dir='ltr'><strong>quod</strong></span> <span class='ocrx_word' id='word_1_255' title='bbox 689 1988 756 2052; x_wconf 91' lang='lat' dir='ltr'><strong>suis</strong></span> <span class='ocrx_word' id='word_1_256' title='bbox 774 1986 877 2052; x_wconf 89' lang='lat' dir='ltr'><strong>titulis</strong></span> <span class='ocrx_word' id='word_1_257' title='bbox 894 2007 953 2050; x_wconf 90' lang='lat' dir='ltr'><strong>nos</strong></span> <span class='ocrx_word' id='word_1_258' title='bbox 971 1986 1183 2062; x_wconf 86' lang='lat' dir='ltr'><strong>absterreant,</strong></span> <span class='ocrx_word' id='word_1_259' title='bbox 1237 2000 1325 2045; x_wconf 82' lang='lat' dir='ltr'><strong>mma</strong></span> <span class='ocrx_word' id='word_1_260' title='bbox 1347 1990 1474 2060; x_wconf 90' lang='lat' dir='ltr'><strong>tenent,</strong></span> <span class='ocrx_word' id='word_1_261' title='bbox 1505 1985 1560 2065; x_wconf 91' lang='lat' dir='ltr'><strong>qai</strong></span> <span class='ocrx_word' id='word_1_262' title='bbox 1586 1988 1733 2052; x_wconf 88' lang='lat' dir='ltr'><strong>eonfiotis</strong></span> <span class='ocrx_word' id='word_1_263' title='bbox 1759 1988 1930 2054; x_wconf 89' lang='lat' dir='ltr'><strong>hominum</strong></span> <span class='ocrx_word' id='word_1_264' title='bbox 1952 1989 2085 2056; x_wconf 89' lang='lat' dir='ltr'><strong>arbitrio</strong></span> <span class='ocrx_word' id='word_1_265' title='bbox 2106 1991 2217 2056; x_wconf 84' lang='lat' dir='ltr'><strong>ohser-</strong></span> 
     </span>
     <span class='ocr_line' id='line_1_20' title="bbox 206 2065 2219 2161; baseline -0 -20"><span class='ocrx_word' id='word_1_266' title='bbox 206 2097 270 2161; x_wconf 94' lang='lat' dir='ltr'><strong>quo</strong></span> <span class='ocrx_word' id='word_1_267' title='bbox 289 2077 326 2141; x_wconf 94' lang='lat' dir='ltr'><strong>in</strong></span> <span class='ocrx_word' id='word_1_268' title='bbox 345 2075 625 2159; x_wconf 89' lang='lat' dir='ltr'><strong>partieipationem</strong></span> <span class='ocrx_word' id='word_1_269' title='bbox 653 2073 789 2138; x_wconf 89' lang='lat' dir='ltr'><strong>trahant</strong></span> <span class='ocrx_word' id='word_1_270' title='bbox 810 2093 887 2137; x_wconf 89' lang='lat' dir='ltr'><strong>suae</strong></span> <span class='ocrx_word' id='word_1_271' title='bbox 908 2071 1086 2147; x_wconf 82' lang='lat' dir='ltr'><strong>oaeoitatis,</strong></span> <span class='ocrx_word' id='word_1_272' title='bbox 1110 2092 1185 2136; x_wconf 90' lang='lat' dir='ltr'><strong>eum</strong></span> <span class='ocrx_word' id='word_1_273' title='bbox 1237 2065 1450 2145; x_wconf 80' lang='lat' dir='ltr'><strong>ratiunculis,</strong></span> <span class='ocrx_word' id='word_1_274' title='bbox 1478 2068 1527 2133; x_wconf 93' lang='lat' dir='ltr'><strong>illi</strong></span> <span class='ocrx_word' id='word_1_275' title='bbox 1549 2086 1589 2135; x_wconf 75' lang='lat' dir='ltr'><strong>se‘</strong></span> <span class='ocrx_word' id='word_1_276' title='bbox 1608 2074 1790 2155; x_wconf 87' lang='lat' dir='ltr'><strong>approbare</strong></span> <span class='ocrx_word' id='word_1_277' title='bbox 1812 2075 2021 2140; x_wconf 87' lang='lat' dir='ltr'><strong>meditantur.</strong></span> <span class='ocrx_word' id='word_1_278' title='bbox 2068 2073 2219 2156; x_wconf 80' lang='lat' dir='ltr'><strong>Qualiter·</strong></span> 
     </span>
     <span class='ocr_line' id='line_1_21' title="bbox 205 2151 2220 2242; baseline -0 -14"><span class='ocrx_word' id='word_1_279' title='bbox 205 2162 376 2229; x_wconf 84' lang='lat' dir='ltr'><strong>rideamus</strong></span> <span class='ocrx_word' id='word_1_280' title='bbox 398 2168 526 2239; x_wconf 89' lang='lat' dir='ltr'><strong>eontra,</strong></span> <span class='ocrx_word' id='word_1_281' title='bbox 554 2159 755 2242; x_wconf 75' lang='lat' dir='ltr'><strong>singularem</strong></span> <span class='ocrx_word' id='word_1_282' title='bbox 775 2158 918 2224; x_wconf 91' lang='lat' dir='ltr'><strong>Domino</strong></span> <span class='ocrx_word' id='word_1_283' title='bbox 946 2178 1058 2223; x_wconf 88' lang='lat' dir='ltr'><strong>euram</strong></span> <span class='ocrx_word' id='word_1_284' title='bbox 1085 2158 1186 2222; x_wconf 85' lang='lat' dir='ltr'><strong>fuisse</strong></span> <span class='ocrx_word' id='word_1_285' title='bbox 1238 2161 1271 2217; x_wconf 91' lang='lat' dir='ltr'><strong>et</strong></span> <span class='ocrx_word' id='word_1_286' title='bbox 1292 2151 1414 2233; x_wconf 83' lang='lat' dir='ltr'><strong>aliquot</strong></span> <span class='ocrx_word' id='word_1_287' title='bbox 1433 2161 1530 2218; x_wconf 83' lang='lat' dir='ltr'><strong>antea</strong></span> <span class='ocrx_word' id='word_1_288' title='bbox 1554 2159 1693 2223; x_wconf 92' lang='lat' dir='ltr'><strong>saeoulis</strong></span> <span class='ocrx_word' id='word_1_289' title='bbox 1719 2168 1754 2223; x_wconf 90' lang='lat' dir='ltr'><strong>et</strong></span> <span class='ocrx_word' id='word_1_290' title='bbox 1779 2168 1892 2226; x_wconf 87' lang='lat' dir='ltr'><strong>nostra</strong></span> <span class='ocrx_word' id='word_1_291' title='bbox 1916 2161 2077 2226; x_wconf 88' lang='lat' dir='ltr'><strong>memoria</strong></span> <span class='ocrx_word' id='word_1_292' title='bbox 2096 2162 2220 2227; x_wconf 71' lang='lat' dir='ltr'><strong>motum</strong></span> 
     </span>
     <span class='ocr_line' id='line_1_22' title="bbox 207 2238 2220 2330; baseline -0.001 -16"><span class='ocrx_word' id='word_1_293' title='bbox 207 2245 411 2314; x_wconf 89' lang='lat' dir='ltr'><strong>absterrendi</strong></span> <span class='ocrx_word' id='word_1_294' title='bbox 438 2267 511 2324; x_wconf 88' lang='lat' dir='ltr'><strong>nos,</strong></span> <span class='ocrx_word' id='word_1_295' title='bbox 546 2266 589 2310; x_wconf 93' lang='lat' dir='ltr'><strong>ne</strong></span> <span class='ocrx_word' id='word_1_296' title='bbox 617 2244 722 2310; x_wconf 87' lang='lat' dir='ltr'><strong>alieno</strong></span> <span class='ocrx_word' id='word_1_297' title='bbox 750 2265 860 2309; x_wconf 90' lang='lat' dir='ltr'><strong>errore</strong></span> <span class='ocrx_word' id='word_1_298' title='bbox 888 2243 963 2309; x_wconf 89' lang='lat' dir='ltr'><strong>duoi</strong></span> <span class='ocrx_word' id='word_1_299' title='bbox 989 2251 1185 2325; x_wconf 87' lang='lat' dir='ltr'><strong>pateremur,</strong></span> <span class='ocrx_word' id='word_1_300' title='bbox 1238 2247 1301 2317; x_wconf 86' lang='lat' dir='ltr'><strong>eat,</strong></span> <span class='ocrx_word' id='word_1_301' title='bbox 1324 2247 1358 2300; x_wconf 87' lang='lat' dir='ltr'><strong>ot</strong></span> <span class='ocrx_word' id='word_1_302' title='bbox 1378 2239 1417 2302; x_wconf 92' lang='lat' dir='ltr'><strong>fit</strong></span> <span class='ocrx_word' id='word_1_303' title='bbox 1438 2238 1535 2305; x_wconf 91' lang='lat' dir='ltr'><strong>hodie</strong></span> <span class='ocrx_word' id='word_1_304' title='bbox 1556 2263 1683 2326; x_wconf 93' lang='lat' dir='ltr'><strong>quoque</strong></span> <span class='ocrx_word' id='word_1_305' title='bbox 1704 2246 1738 2309; x_wconf 91' lang='lat' dir='ltr'><strong>in</strong></span> <span class='ocrx_word' id='word_1_306' title='bbox 1760 2247 1800 2311; x_wconf 89' lang='lat' dir='ltr'><strong>iis</strong></span> <span class='ocrx_word' id='word_1_307' title='bbox 1822 2246 1911 2324; x_wconf 88' lang='lat' dir='ltr'><strong>loeis,</strong></span> <span class='ocrx_word' id='word_1_308' title='bbox 1934 2246 2108 2330; x_wconf 90' lang='lat' dir='ltr'><strong>inquibus</strong></span> <span class='ocrx_word' id='word_1_309' title='bbox 2129 2268 2220 2313; x_wconf 89' lang='lat' dir='ltr'><strong>erea-</strong></span> 
     </span>
     <span class='ocr_line' id='line_1_23' title="bbox 207 2324 2219 2417; baseline -0.001 -18"><span class='ocrx_word' id='word_1_310' title='bbox 207 2333 268 2400; x_wconf 87' lang='lat' dir='ltr'><strong>sub</strong></span> <span class='ocrx_word' id='word_1_311' title='bbox 289 2353 481 2417; x_wconf 90' lang='lat' dir='ltr'><strong>quaeunque</strong></span> <span class='ocrx_word' id='word_1_312' title='bbox 502 2332 642 2396; x_wconf 89' lang='lat' dir='ltr'><strong>nominis</strong></span> <span class='ocrx_word' id='word_1_313' title='bbox 660 2331 752 2395; x_wconf 90' lang='lat' dir='ltr'><strong>larva</strong></span> <span class='ocrx_word' id='word_1_314' title='bbox 773 2330 882 2395; x_wconf 88' lang='lat' dir='ltr'><strong>lateat.</strong></span> <span class='ocrx_word' id='word_1_315' title='bbox 912 2330 999 2394; x_wconf 91' lang='lat' dir='ltr'><strong>Nam</strong></span> <span class='ocrx_word' id='word_1_316' title='bbox 1021 2330 1048 2393; x_wconf 94' lang='lat' dir='ltr'><strong>si</strong></span> <span class='ocrx_word' id='word_1_317' title='bbox 1070 2349 1187 2393; x_wconf 87' lang='lat' dir='ltr'><strong>verum</strong></span> <span class='ocrx_word' id='word_1_318' title='bbox 1238 2332 1331 2389; x_wconf 90' lang='lat' dir='ltr'><strong>turae</strong></span> <span class='ocrx_word' id='word_1_319' title='bbox 1352 2324 1456 2405; x_wconf 91' lang='lat' dir='ltr'><strong>pluris</strong></span> <span class='ocrx_word' id='word_1_320' title='bbox 1477 2333 1536 2406; x_wconf 91' lang='lat' dir='ltr'><strong>est,</strong></span> <span class='ocrx_word' id='word_1_321' title='bbox 1559 2350 1658 2410; x_wconf 85' lang='lat' dir='ltr'><strong>quarn</strong></span> <span class='ocrx_word' id='word_1_322' title='bbox 1679 2333 1834 2397; x_wconf 89' lang='lat' dir='ltr'><strong>oreatoris</strong></span> <span class='ocrx_word' id='word_1_323' title='bbox 1850 2333 2034 2416; x_wconf 90' lang='lat' dir='ltr'><strong>imperium.</strong></span> <span class='ocrx_word' id='word_1_324' title='bbox 2079 2333 2146 2399; x_wconf 90' lang='lat' dir='ltr'><strong>Ubi</strong></span> <span class='ocrx_word' id='word_1_325' title='bbox 2167 2354 2219 2397; x_wconf 90' lang='lat' dir='ltr'><strong>re-</strong></span> 
     </span>
     <span class='ocr_line' id='line_1_24' title="bbox 208 2409 2220 2504; baseline -0.001 -18"><span class='ocrx_word' id='word_1_326' title='bbox 208 2426 259 2486; x_wconf 85' lang='lat' dir='ltr'><strong>ost</strong></span> <span class='ocrx_word' id='word_1_327' title='bbox 277 2418 415 2485; x_wconf 89' lang='lat' dir='ltr'><strong>verbum</strong></span> <span class='ocrx_word' id='word_1_328' title='bbox 437 2417 586 2495; x_wconf 91' lang='lat' dir='ltr'><strong>Domini,</strong></span> <span class='ocrx_word' id='word_1_329' title='bbox 599 2435 601 2438; x_wconf 74' lang='grc'>’</span> <span class='ocrx_word' id='word_1_330' title='bbox 614 2417 701 2482; x_wconf 91' lang='lat' dir='ltr'><strong>eaeoi</strong></span> <span class='ocrx_word' id='word_1_331' title='bbox 723 2437 850 2499; x_wconf 89' lang='lat' dir='ltr'><strong>quoque</strong></span> <span class='ocrx_word' id='word_1_332' title='bbox 871 2415 986 2491; x_wconf 88' lang='lat' dir='ltr'><strong>duoes,</strong></span> <span class='ocrx_word' id='word_1_333' title='bbox 1010 2415 1080 2480; x_wconf 91' lang='lat' dir='ltr'><strong>sive</strong></span> <span class='ocrx_word' id='word_1_334' title='bbox 1102 2414 1186 2478; x_wconf 88' lang='lat' dir='ltr'><strong>anti-</strong></span> <span class='ocrx_word' id='word_1_335' title='bbox 1239 2409 1316 2494; x_wconf 80' lang='lat' dir='ltr'><strong>ligio</strong></span> <span class='ocrx_word' id='word_1_336' title='bbox 1338 2409 1383 2494; x_wconf 91' lang='lat' dir='ltr'><strong>(si</strong></span> <span class='ocrx_word' id='word_1_337' title='bbox 1408 2417 1520 2476; x_wconf 91' lang='lat' dir='ltr'><strong>tamen</strong></span> <span class='ocrx_word' id='word_1_338' title='bbox 1543 2414 1657 2499; x_wconf 85' lang='lat' dir='ltr'><strong>religio</strong></span> <span class='ocrx_word' id='word_1_339' title='bbox 1683 2419 1794 2483; x_wconf 89' lang='lat' dir='ltr'><strong>voeari</strong></span> <span class='ocrx_word' id='word_1_340' title='bbox 1820 2439 1860 2483; x_wconf 91' lang='lat' dir='ltr'><strong>ea</strong></span> <span class='ocrx_word' id='word_1_341' title='bbox 1884 2417 2043 2504; x_wconf 88' lang='lat' dir='ltr'><strong>meretur)</strong></span> <span class='ocrx_word' id='word_1_342' title='bbox 2071 2418 2220 2501; x_wconf 89' lang='lat' dir='ltr'><strong>pluribus</strong></span> 
     </span>
    </p>
   </div>
   <div class='ocr_carea' id='block_1_5' title="bbox 31 2457 2218 2587">
    <p class='ocr_par' dir='ltr' id='par_1_5' title="bbox 31 2457 2218 2587">
     <span class='ocr_line' id='line_1_25' title="bbox 31 2457 2218 2587; baseline 0.001 -17"><span class='ocrx_word' id='word_1_343' title='bbox 31 2457 38 2468; x_wconf 76' lang='lat'>=</span> <span class='ocrx_word' id='word_1_344' title='bbox 103 2552 104 2558; x_wconf 39' lang='lat'>1</span> <span class='ocrx_word' id='word_1_345' title='bbox 208 2506 301 2572; x_wconf 82' lang='lat' dir='ltr'><strong>stites</strong></span> <span class='ocrx_word' id='word_1_346' title='bbox 329 2505 398 2570; x_wconf 89' lang='lat' dir='ltr'><strong>sive</strong></span> <span class='ocrx_word' id='word_1_347' title='bbox 424 2502 591 2586; x_wconf 86' lang='lat' dir='ltr'><strong>praesules</strong></span> <span class='ocrx_word' id='word_1_348' title='bbox 613 2505 686 2568; x_wconf 89' lang='lat' dir='ltr'><strong>sive</strong></span> <span class='ocrx_word' id='word_1_349' title='bbox 713 2502 882 2584; x_wconf 88' lang='lat' dir='ltr'><strong>pontifioes</strong></span> <span class='ocrx_word' id='word_1_350' title='bbox 910 2499 1074 2578; x_wconf 88' lang='lat' dir='ltr'><strong>dieantur,</strong></span> <span class='ocrx_word' id='word_1_351' title='bbox 1099 2499 1187 2564; x_wconf 86' lang='lat' dir='ltr'><strong>nihil</strong></span> <span class='ocrx_word' id='word_1_352' title='bbox 1239 2496 1408 2580; x_wconf 80' lang='lat' dir='ltr'><strong>magisque</strong></span> <span class='ocrx_word' id='word_1_353' title='bbox 1440 2497 1574 2565; x_wconf 89' lang='lat' dir='ltr'><strong>insulsis</strong></span> <span class='ocrx_word' id='word_1_354' title='bbox 1607 2504 1890 2584; x_wconf 89' lang='lat' dir='ltr'><strong>superstitionibus</strong></span> <span class='ocrx_word' id='word_1_355' title='bbox 1917 2512 2133 2587; x_wconf 81' lang='lat' dir='ltr'><strong>eonspuroata</strong></span> <span class='ocrx_word' id='word_1_356' title='bbox 2158 2513 2218 2584; x_wconf 81' lang='lat' dir='ltr'><strong>est,</strong></span> 
     </span>
    </p>
   </div>
   <div class='ocr_carea' id='block_1_6' title="bbox 207 2581 2220 2761">
    <p class='ocr_par' dir='ltr' id='par_1_6' title="bbox 207 2581 2220 2761">
     <span class='ocr_line' id='line_1_26' title="bbox 207 2581 2220 2676; baseline -0.002 -19"><span class='ocrx_word' id='word_1_357' title='bbox 207 2598 345 2676; x_wconf 88' lang='lat' dir='ltr'><strong>possunt</strong></span> <span class='ocrx_word' id='word_1_358' title='bbox 370 2611 469 2673; x_wconf 88' lang='lat' dir='ltr'><strong>quam</strong></span> <span class='ocrx_word' id='word_1_359' title='bbox 496 2610 571 2654; x_wconf 92' lang='lat' dir='ltr'><strong>suos</strong></span> <span class='ocrx_word' id='word_1_360' title='bbox 593 2590 758 2654; x_wconf 88' lang='lat' dir='ltr'><strong>oonsortes</strong></span> <span class='ocrx_word' id='word_1_361' title='bbox 784 2588 820 2652; x_wconf 92' lang='lat' dir='ltr'><strong>in</strong></span> <span class='ocrx_word' id='word_1_362' title='bbox 840 2586 928 2651; x_wconf 91' lang='lat' dir='ltr'><strong>idem</strong></span> <span class='ocrx_word' id='word_1_363' title='bbox 955 2607 1070 2669; x_wconf 87' lang='lat' dir='ltr'><strong>rapere</strong></span> <span class='ocrx_word' id='word_1_364' title='bbox 1092 2607 1187 2668; x_wconf 89' lang='lat' dir='ltr'><strong>prae-</strong></span> <span class='ocrx_word' id='word_1_365' title='bbox 1239 2603 1339 2665; x_wconf 89' lang='lat' dir='ltr'><strong>quam</strong></span> <span class='ocrx_word' id='word_1_366' title='bbox 1369 2581 1439 2646; x_wconf 90' lang='lat' dir='ltr'><strong>ulla</strong></span> <span class='ocrx_word' id='word_1_367' title='bbox 1465 2605 1610 2667; x_wconf 90' lang='lat' dir='ltr'><strong>unquam</strong></span> <span class='ocrx_word' id='word_1_368' title='bbox 1641 2590 1823 2672; x_wconf 80' lang='lat' dir='ltr'><strong>paganitas.</strong></span> <span class='ocrx_word' id='word_1_369' title='bbox 1874 2587 1964 2670; x_wconf 81' lang='lat' dir='ltr'><strong>Quid</strong></span> <span class='ocrx_word' id='word_1_370' title='bbox 1989 2590 2078 2655; x_wconf 90' lang='lat' dir='ltr'><strong>enim</strong></span> <span class='ocrx_word' id='word_1_371' title='bbox 2109 2599 2220 2673; x_wconf 88' lang='lat' dir='ltr'><strong>posset</strong></span> 
     </span>
     <span class='ocr_line' id='line_1_27' title="bbox 208 2667 2219 2761; baseline -0.002 -18"><span class='ocrx_word' id='word_1_372' title='bbox 208 2678 363 2761; x_wconf 92' lang='lat' dir='ltr'><strong>oipitium.</strong></span> <span class='ocrx_word' id='word_1_373' title='bbox 408 2675 526 2740; x_wconf 83' lang='lat' dir='ltr'><strong>Restat</strong></span> <span class='ocrx_word' id='word_1_374' title='bbox 554 2675 658 2740; x_wconf 85' lang='lat' dir='ltr'><strong>altera</strong></span> <span class='ocrx_word' id='word_1_375' title='bbox 685 2695 762 2757; x_wconf 88' lang='lat' dir='ltr'><strong>pars</strong></span> <span class='ocrx_word' id='word_1_376' title='bbox 791 2672 831 2737; x_wconf 93' lang='lat' dir='ltr'><strong>de</strong></span> <span class='ocrx_word' id='word_1_377' title='bbox 857 2672 997 2756; x_wconf 83' lang='lat' dir='ltr'><strong>legibu:</strong></span> <span class='ocrx_word' id='word_1_378' title='bbox 1027 2693 1121 2755; x_wconf 91' lang='lat' dir='ltr'><strong>quas,</strong></span> <span class='ocrx_word' id='word_1_379' title='bbox 1150 2678 1188 2736; x_wconf 89' lang='lat' dir='ltr'><strong>ut</strong></span> <span class='ocrx_word' id='word_1_380' title='bbox 1239 2688 1355 2751; x_wconf 89' lang='lat' dir='ltr'><strong>parere</strong></span> <span class='ocrx_word' id='word_1_381' title='bbox 1387 2667 1557 2735; x_wconf 91' lang='lat' dir='ltr'><strong>hominum</strong></span> <span class='ocrx_word' id='word_1_382' title='bbox 1590 2694 1721 2752; x_wconf 88' lang='lat' dir='ltr'><strong>sensus,</strong></span> <span class='ocrx_word' id='word_1_383' title='bbox 1760 2696 1859 2758; x_wconf 90' lang='lat' dir='ltr'><strong>quam</strong></span> <span class='ocrx_word' id='word_1_384' title='bbox 1891 2675 2034 2741; x_wconf 83' lang='lat' dir='ltr'><strong>earnalia</strong></span> <span class='ocrx_word' id='word_1_385' title='bbox 2063 2676 2219 2758; x_wconf 81' lang='lat' dir='ltr'><strong>fabisque</strong></span> 
     </span>
    </p>
   </div>
   <div class='ocr_carea' id='block_1_7' title="bbox 208 2754 2316 2846">
    <p class='ocr_par' dir='ltr' id='par_1_7' title="bbox 208 2754 2316 2846">
     <span class='ocr_line' id='line_1_28' title="bbox 208 2754 2316 2846; baseline 0 -16"><span class='ocrx_word' id='word_1_386' title='bbox 208 2763 330 2830; x_wconf 84' lang='lat' dir='ltr'><strong>oent&#39;ies</strong></span> <span class='ocrx_word' id='word_1_387' title='bbox 350 2762 481 2846; x_wconf 87' lang='lat' dir='ltr'><strong>iniquae</strong></span> <span class='ocrx_word' id='word_1_388' title='bbox 508 2762 574 2826; x_wconf 91' lang='lat' dir='ltr'><strong>sint</strong></span> <span class='ocrx_word' id='word_1_389' title='bbox 602 2761 695 2826; x_wconf 88' lang='lat' dir='ltr'><strong>nobis</strong></span> <span class='ocrx_word' id='word_1_390' title='bbox 722 2766 756 2824; x_wconf 89' lang='lat' dir='ltr'><strong>et</strong></span> <span class='ocrx_word' id='word_1_391' title='bbox 776 2758 930 2837; x_wconf 88' lang='lat' dir='ltr'><strong>iniuriae,</strong></span> <span class='ocrx_word' id='word_1_392' title='bbox 959 2757 1050 2823; x_wconf 88' lang='lat' dir='ltr'><strong>nulla</strong></span> <span class='ocrx_word' id='word_1_393' title='bbox 1076 2765 1188 2822; x_wconf 89' lang='lat' dir='ltr'><strong>tamen</strong></span> <span class='ocrx_word' id='word_1_394' title='bbox 1240 2754 1349 2818; x_wconf 91' lang='lat' dir='ltr'><strong>omnia</strong></span> <span class='ocrx_word' id='word_1_395' title='bbox 1377 2763 1519 2837; x_wconf 81' lang='lat' dir='ltr'><strong>atquae</strong></span> <span class='ocrx_word' id='word_1_396' title='bbox 1548 2779 1623 2823; x_wconf 90' lang='lat' dir='ltr'><strong>suos</strong></span> <span class='ocrx_word' id='word_1_397' title='bbox 1650 2768 1781 2827; x_wconf 86' lang='lat' dir='ltr'><strong>autores</strong></span> <span class='ocrx_word' id='word_1_398' title='bbox 1807 2781 1884 2828; x_wconf 86' lang='lat' dir='ltr'><strong>vere</strong></span> <span class='ocrx_word' id='word_1_399' title='bbox 1905 2761 2070 2828; x_wconf 78' lang='lat' dir='ltr'><strong>referant?</strong></span> <span class='ocrx_word' id='word_1_400' title='bbox 2113 2762 2219 2828; x_wconf 91' lang='lat' dir='ltr'><strong>Porro</strong></span> <span class='ocrx_word' id='word_1_401' title='bbox 2261 2763 2263 2767; x_wconf 74' lang='grc'>’</span> <span class='ocrx_word' id='word_1_402' title='bbox 2306 2823 2316 2831; x_wconf 92' lang='grc'><strong>.</strong></span> 
     </span>
    </p>
   </div>
   <div class='ocr_carea' id='block_1_8' title="bbox 152 2839 2224 4906">
    <p class='ocr_par' dir='ltr' id='par_1_8' title="bbox 152 2839 2224 3446">
     <span class='ocr_line' id='line_1_29' title="bbox 207 2839 2220 2932; baseline -0.001 -18"><span class='ocrx_word' id='word_1_403' title='bbox 207 2849 398 2932; x_wconf 87' lang='lat' dir='ltr'><strong>exeeptione</strong></span> <span class='ocrx_word' id='word_1_404' title='bbox 431 2845 609 2912; x_wconf 89' lang='lat' dir='ltr'><strong>audiendas</strong></span> <span class='ocrx_word' id='word_1_405' title='bbox 642 2844 851 2911; x_wconf 82' lang='lat' dir='ltr'><strong>oontendant</strong></span> <span class='ocrx_word' id='word_1_406' title='bbox 906 2844 982 2908; x_wconf 90' lang='lat' dir='ltr'><strong>Non</strong></span> <span class='ocrx_word' id='word_1_407' title='bbox 1014 2845 1102 2908; x_wconf 93' lang='lat' dir='ltr'><strong>enim</strong></span> <span class='ocrx_word' id='word_1_408' title='bbox 1134 2844 1188 2910; x_wconf 92' lang='lat' dir='ltr'><strong>hio</strong></span> <span class='ocrx_word' id='word_1_409' title='bbox 1240 2839 1328 2905; x_wconf 87' lang='lat' dir='ltr'><strong>istud</strong></span> <span class='ocrx_word' id='word_1_410' title='bbox 1366 2841 1544 2923; x_wconf 89' lang='lat' dir='ltr'><strong>pessimum</strong></span> <span class='ocrx_word' id='word_1_411' title='bbox 1579 2844 1717 2924; x_wconf 89' lang='lat' dir='ltr'><strong>aeoedit,</strong></span> <span class='ocrx_word' id='word_1_412' title='bbox 1756 2847 1844 2930; x_wconf 92' lang='lat' dir='ltr'><strong>quod</strong></span> <span class='ocrx_word' id='word_1_413' title='bbox 1882 2847 1938 2912; x_wconf 93' lang='lat' dir='ltr'><strong>ubi</strong></span> <span class='ocrx_word' id='word_1_414' title='bbox 1974 2847 2094 2914; x_wconf 88' lang='lat' dir='ltr'><strong>talibus</strong></span> <span class='ocrx_word' id='word_1_415' title='bbox 2125 2848 2220 2912; x_wconf 87' lang='lat' dir='ltr'><strong>vanis</strong></span> 
     </span>
     <span class='ocr_line' id='line_1_30' title="bbox 209 2926 2221 3020; baseline -0.001 -21"><span class='ocrx_word' id='word_1_416' title='bbox 209 2935 278 3020; x_wconf 82' lang='lat' dir='ltr'><strong>agi,</strong></span> <span class='ocrx_word' id='word_1_417' title='bbox 301 2940 339 2999; x_wconf 91' lang='lat' dir='ltr'><strong>ut</strong></span> <span class='ocrx_word' id='word_1_418' title='bbox 359 2933 524 2998; x_wconf 90' lang='lat' dir='ltr'><strong>erroribus</strong></span> <span class='ocrx_word' id='word_1_419' title='bbox 544 2932 798 3010; x_wconf 87' lang='lat' dir='ltr'><strong>eonsentiamus,</strong></span> <span class='ocrx_word' id='word_1_420' title='bbox 822 2928 885 2996; x_wconf 80' lang='lat' dir='ltr'><strong>sod&#39;</strong></span> <span class='ocrx_word' id='word_1_421' title='bbox 900 2936 1030 2995; x_wconf 89' lang='lat' dir='ltr'><strong>tantum</strong></span> <span class='ocrx_word' id='word_1_422' title='bbox 1048 2938 1087 2994; x_wconf 91' lang='lat' dir='ltr'><strong>nt</strong></span> <span class='ocrx_word' id='word_1_423' title='bbox 1106 2929 1189 2995; x_wconf 92' lang='lat' dir='ltr'><strong>dara</strong></span> <span class='ocrx_word' id='word_1_424' title='bbox 1240 2927 1406 3010; x_wconf 80' lang='lat' dir='ltr'><strong>figmentis</strong></span> <span class='ocrx_word' id='word_1_425' title='bbox 1428 2926 1558 3000; x_wconf 87' lang='lat' dir='ltr'><strong>definiri</strong></span> <span class='ocrx_word' id='word_1_426' title='bbox 1580 2931 1694 3015; x_wconf 75' lang='lat' dir='ltr'><strong>religio</strong></span> <span class='ocrx_word' id='word_1_427' title='bbox 1716 2932 1816 3001; x_wconf 90' lang='lat' dir='ltr'><strong>semel</strong></span> <span class='ocrx_word' id='word_1_428' title='bbox 1835 2941 1950 3017; x_wconf 83' lang='lat' dir='ltr'><strong>ooepta</strong></span> <span class='ocrx_word' id='word_1_429' title='bbox 1970 2940 2037 3013; x_wconf 90' lang='lat' dir='ltr'><strong>est,</strong></span> <span class='ocrx_word' id='word_1_430' title='bbox 2059 2934 2221 3016; x_wconf 87' lang='lat' dir='ltr'><strong>perversi·</strong></span> 
     </span>
     <span class='ocr_line' id='line_1_31' title="bbox 208 3012 2222 3105; baseline -0 -20"><span class='ocrx_word' id='word_1_431' title='bbox 208 3021 446 3105; x_wconf 77' lang='lat' dir='ltr'><strong>praefectorum</strong></span> <span class='ocrx_word' id='word_1_432' title='bbox 467 3019 605 3100; x_wconf 91' lang='lat' dir='ltr'><strong>imperia</strong></span> <span class='ocrx_word' id='word_1_433' title='bbox 632 3017 753 3084; x_wconf 91' lang='lat' dir='ltr'><strong>subditi</strong></span> <span class='ocrx_word' id='word_1_434' title='bbox 775 3017 992 3100; x_wconf 83' lang='lat' dir='ltr'><strong>perferamus,</strong></span> <span class='ocrx_word' id='word_1_435' title='bbox 1021 3037 1104 3101; x_wconf 90' lang='lat' dir='ltr'><strong>quae</strong></span> <span class='ocrx_word' id='word_1_436' title='bbox 1132 3016 1188 3080; x_wconf 92' lang='lat' dir='ltr'><strong>de·</strong></span> <span class='ocrx_word' id='word_1_437' title='bbox 1240 3019 1343 3078; x_wconf 86' lang='lat' dir='ltr'><strong>tatem</strong></span> <span class='ocrx_word' id='word_1_438' title='bbox 1370 3012 1462 3076; x_wconf 87' lang='lat' dir='ltr'><strong>illam</strong></span> <span class='ocrx_word' id='word_1_439' title='bbox 1489 3026 1646 3098; x_wconf 86' lang='lat' dir='ltr'><strong>perpetuo</strong></span> <span class='ocrx_word' id='word_1_440' title='bbox 1673 3019 1820 3101; x_wconf 86' lang='lat' dir='ltr'><strong>sequitur</strong></span> <span class='ocrx_word' id='word_1_441' title='bbox 1845 3025 1879 3084; x_wconf 88' lang='lat' dir='ltr'><strong>et</strong></span> <span class='ocrx_word' id='word_1_442' title='bbox 1904 3019 2009 3085; x_wconf 88' lang='lat' dir='ltr'><strong>altera</strong></span> <span class='ocrx_word' id='word_1_443' title='bbox 2029 3018 2222 3098; x_wconf 79' lang='lat' dir='ltr'><strong>execrabilia</strong></span> 
     </span>
     <span class='ocr_line' id='line_1_32' title="bbox 208 3097 2224 3188; baseline -0.001 -17"><span class='ocrx_word' id='word_1_444' title='bbox 208 3111 349 3171; x_wconf 88' lang='lat' dir='ltr'><strong>trootare</strong></span> <span class='ocrx_word' id='word_1_445' title='bbox 370 3124 436 3168; x_wconf 93' lang='lat' dir='ltr'><strong>non</strong></span> <span class='ocrx_word' id='word_1_446' title='bbox 457 3111 507 3169; x_wconf 89' lang='lat' dir='ltr'><strong>est</strong></span> <span class='ocrx_word' id='word_1_447' title='bbox 525 3110 682 3169; x_wconf 90' lang='lat' dir='ltr'><strong>nostrum.</strong></span> <span class='ocrx_word' id='word_1_448' title='bbox 726 3104 853 3168; x_wconf 83' lang='lat' dir='ltr'><strong>Veram</strong></span> <span class='ocrx_word' id='word_1_449' title='bbox 875 3102 929 3168; x_wconf 91' lang='lat' dir='ltr'><strong>hio</strong></span> <span class='ocrx_word' id='word_1_450' title='bbox 949 3123 1075 3186; x_wconf 90' lang='lat' dir='ltr'><strong>quoque</strong></span> <span class='ocrx_word' id='word_1_451' title='bbox 1096 3102 1189 3170; x_wconf 91' lang='lat' dir='ltr'><strong>nobis</strong></span> <span class='ocrx_word' id='word_1_452' title='bbox 1240 3097 1440 3177; x_wconf 86' lang='lat' dir='ltr'><strong>maledietio,</strong></span> <span class='ocrx_word' id='word_1_453' title='bbox 1478 3122 1577 3183; x_wconf 87' lang='lat' dir='ltr'><strong>quam</strong></span> <span class='ocrx_word' id='word_1_454' title='bbox 1600 3102 1789 3171; x_wconf 89' lang='lat' dir='ltr'><strong>Pharisaeis</strong></span> <span class='ocrx_word' id='word_1_455' title='bbox 1819 3104 1972 3171; x_wconf 78' lang='lat' dir='ltr'><strong>Christus</strong></span> <span class='ocrx_word' id='word_1_456' title='bbox 2005 3104 2224 3188; x_wconf 84' lang='lat' dir='ltr'><strong>exprobrabat</strong></span> 
     </span>
     <span class='ocr_line' id='line_1_33' title="bbox 209 3184 2222 3275; baseline -0.001 -18"><span class='ocrx_word' id='word_1_457' title='bbox 209 3192 331 3275; x_wconf 89' lang='lat' dir='ltr'><strong>optime</strong></span> <span class='ocrx_word' id='word_1_458' title='bbox 351 3189 443 3255; x_wconf 87' lang='lat' dir='ltr'><strong>verbi</strong></span> <span class='ocrx_word' id='word_1_459' title='bbox 467 3191 519 3254; x_wconf 90' lang='lat' dir='ltr'><strong>sui</strong></span> <span class='ocrx_word' id='word_1_460' title='bbox 535 3191 673 3255; x_wconf 85' lang='lat' dir='ltr'><strong>veritate</strong></span> <span class='ocrx_word' id='word_1_461' title='bbox 690 3190 850 3255; x_wconf 90' lang='lat' dir='ltr'><strong>suoourrit</strong></span> <span class='ocrx_word' id='word_1_462' title='bbox 872 3189 1044 3268; x_wconf 91' lang='lat' dir='ltr'><strong>Dominus,</strong></span> <span class='ocrx_word' id='word_1_463' title='bbox 1067 3210 1189 3272; x_wconf 90' lang='lat' dir='ltr'><strong>nosque</strong></span> <span class='ocrx_word' id='word_1_464' title='bbox 1242 3184 1376 3270; x_wconf 84' lang='lat' dir='ltr'><strong>(Matth</strong></span> <span class='ocrx_word' id='word_1_465' title='bbox 1399 3185 1467 3271; x_wconf 80' lang='lat'>15):</span> <span class='ocrx_word' id='word_1_466' title='bbox 1489 3194 1527 3251; x_wconf 91' lang='lat' dir='ltr'><strong>ut</strong></span> <span class='ocrx_word' id='word_1_467' title='bbox 1542 3188 1673 3253; x_wconf 88' lang='lat' dir='ltr'><strong>irritum</strong></span> <span class='ocrx_word' id='word_1_468' title='bbox 1690 3190 1750 3255; x_wconf 82' lang='lat' dir='ltr'><strong>liat</strong></span> <span class='ocrx_word' id='word_1_469' title='bbox 1765 3198 1976 3275; x_wconf 89' lang='lat' dir='ltr'><strong>praeoeptnm</strong></span> <span class='ocrx_word' id='word_1_470' title='bbox 1992 3192 2067 3270; x_wconf 92' lang='lat' dir='ltr'><strong>Dei,</strong></span> <span class='ocrx_word' id='word_1_471' title='bbox 2088 3196 2222 3275; x_wconf 86' lang='lat' dir='ltr'><strong>propter</strong></span> 
     </span>
     <span class='ocr_line' id='line_1_34' title="bbox 210 3271 2223 3360; baseline -0.001 -18"><span class='ocrx_word' id='word_1_472' title='bbox 210 3299 231 3342; x_wconf 89' lang='lat' dir='ltr'><strong>a</strong></span> <span class='ocrx_word' id='word_1_473' title='bbox 251 3276 311 3342; x_wconf 89' lang='lat' dir='ltr'><strong>tali</strong></span> <span class='ocrx_word' id='word_1_474' title='bbox 332 3277 488 3342; x_wconf 85' lang='lat' dir='ltr'><strong>servitute</strong></span> <span class='ocrx_word' id='word_1_475' title='bbox 516 3276 552 3339; x_wconf 90' lang='lat' dir='ltr'><strong>in</strong></span> <span class='ocrx_word' id='word_1_476' title='bbox 578 3275 762 3341; x_wconf 87' lang='lat' dir='ltr'><strong>libertatem</strong></span> <span class='ocrx_word' id='word_1_477' title='bbox 789 3274 947 3355; x_wconf 89' lang='lat' dir='ltr'><strong>vindieat,</strong></span> <span class='ocrx_word' id='word_1_478' title='bbox 975 3295 1189 3357; x_wconf 89' lang='lat' dir='ltr'><strong>quam·saoro</strong></span> <span class='ocrx_word' id='word_1_479' title='bbox 1241 3271 1412 3336; x_wconf 89' lang='lat' dir='ltr'><strong>hominum</strong></span> <span class='ocrx_word' id='word_1_480' title='bbox 1438 3271 1637 3340; x_wconf 89' lang='lat' dir='ltr'><strong>traditiones.</strong></span> <span class='ocrx_word' id='word_1_481' title='bbox 1686 3276 1770 3341; x_wconf 89' lang='lat' dir='ltr'><strong>Nolo</strong></span> <span class='ocrx_word' id='word_1_482' title='bbox 1802 3277 1868 3341; x_wconf 90' lang='lat' dir='ltr'><strong>iam</strong></span> <span class='ocrx_word' id='word_1_483' title='bbox 1895 3284 2009 3343; x_wconf 88' lang='lat' dir='ltr'><strong>eontra</strong></span> <span class='ocrx_word' id='word_1_484' title='bbox 2034 3282 2223 3360; x_wconf 82' lang='lat' dir='ltr'><strong>praesentes</strong></span> 
     </span>
     <span class='ocr_line' id='line_1_35' title="bbox 152 3359 2013 3446; baseline 0 -17"><span class='ocrx_word' id='word_1_485' title='bbox 152 3430 155 3435; x_wconf 17' lang='grc' dir='ltr'><strong><em>Δ</em></strong></span> <span class='ocrx_word' id='word_1_486' title='bbox 209 3382 269 3429; x_wconf 87' lang='lat' dir='ltr'><strong>sno</strong></span> <span class='ocrx_word' id='word_1_487' title='bbox 290 3362 450 3446; x_wconf 82' lang='lat' dir='ltr'><strong>sanguine</strong></span> <span class='ocrx_word' id='word_1_488' title='bbox 471 3360 565 3427; x_wconf 89' lang='lat' dir='ltr'><strong>nobis</strong></span> <span class='ocrx_word' id='word_1_489' title='bbox 586 3361 765 3444; x_wconf 86' lang='lat' dir='ltr'><strong>aequisivit</strong></span> <span class='ocrx_word' id='word_1_490' title='bbox 795 3360 871 3425; x_wconf 90' lang='lat' dir='ltr'><strong>Non</strong></span> <span class='ocrx_word' id='word_1_491' title='bbox 892 3363 989 3439; x_wconf 92' lang='lat' dir='ltr'><strong>enim,</strong></span> <span class='ocrx_word' id='word_1_492' title='bbox 1013 3360 1098 3443; x_wconf 93' lang='lat' dir='ltr'><strong>quod</strong></span> <span class='ocrx_word' id='word_1_493' title='bbox 1118 3382 1189 3426; x_wconf 89' lang='lat' dir='ltr'><strong>ma-</strong></span> <span class='ocrx_word' id='word_1_494' title='bbox 1241 3364 1370 3423; x_wconf 89' lang='lat' dir='ltr'><strong>nostros</strong></span> <span class='ocrx_word' id='word_1_495' title='bbox 1392 3359 1598 3425; x_wconf 87' lang='lat' dir='ltr'><strong>nomothetas</strong></span> <span class='ocrx_word' id='word_1_496' title='bbox 1619 3360 1730 3427; x_wconf 86' lang='lat' dir='ltr'><strong>vorbis</strong></span> <span class='ocrx_word' id='word_1_497' title='bbox 1750 3363 1833 3427; x_wconf 90' lang='lat' dir='ltr'><strong>meis</strong></span> <span class='ocrx_word' id='word_1_498' title='bbox 1855 3384 2013 3446; x_wconf 80' lang='lat' dir='ltr'><strong>pugnare.</strong></span> 
     </span>
    </p>

    <p class='ocr_par' dir='ltr' id='par_1_9' title="bbox 209 3444 2224 4906">
     <span class='ocr_line' id='line_1_36' title="bbox 209 3444 2219 3532; baseline -0.001 -18"><span class='ocrx_word' id='word_1_499' title='bbox 209 3449 316 3514; x_wconf 89' lang='lat' dir='ltr'><strong>litiose</strong></span> <span class='ocrx_word' id='word_1_500' title='bbox 336 3450 483 3532; x_wconf 80' lang='lat' dir='ltr'><strong>fingrmt,</strong></span> <span class='ocrx_word' id='word_1_501' title='bbox 507 3446 541 3510; x_wconf 91' lang='lat' dir='ltr'><strong>id</strong></span> <span class='ocrx_word' id='word_1_502' title='bbox 563 3447 668 3513; x_wconf 90' lang='lat' dir='ltr'><strong>solum</strong></span> <span class='ocrx_word' id='word_1_503' title='bbox 691 3447 808 3530; x_wconf 78' lang='lat' dir='ltr'><strong>agitur,</strong></span> <span class='ocrx_word' id='word_1_504' title='bbox 830 3453 868 3510; x_wconf 90' lang='lat' dir='ltr'><strong>ut</strong></span> <span class='ocrx_word' id='word_1_505' title='bbox 889 3468 1024 3531; x_wconf 84' lang='lat' dir='ltr'><strong>gravem</strong></span> <span class='ocrx_word' id='word_1_506' title='bbox 1047 3447 1189 3530; x_wconf 89' lang='lat' dir='ltr'><strong>aliquam</strong></span> <span class='ocrx_word' id='word_1_507' title='bbox 1328 3444 1480 3508; x_wconf 81' lang='lat' dir='ltr'><strong>Vioerint</strong></span> <span class='ocrx_word' id='word_1_508' title='bbox 1511 3467 1622 3531; x_wconf 84' lang='lat' dir='ltr'><strong>sane,</strong></span> <span class='ocrx_word' id='word_1_509' title='bbox 1645 3447 1673 3511; x_wconf 95' lang='lat' dir='ltr'><strong>si</strong></span> <span class='ocrx_word' id='word_1_510' title='bbox 1704 3447 1790 3514; x_wconf 90' lang='lat' dir='ltr'><strong>hano</strong></span> <span class='ocrx_word' id='word_1_511' title='bbox 1822 3448 1948 3514; x_wconf 79' lang='lat' dir='ltr'><strong>Christi</strong></span> <span class='ocrx_word' id='word_1_512' title='bbox 1979 3449 2219 3515; x_wconf 89' lang='lat' dir='ltr'><strong>aoousationem</strong></span> 
     </span>
     <span class='ocr_line' id='line_1_37' title="bbox 210 3527 2220 3618; baseline -0.001 -19"><span class='ocrx_word' id='word_1_513' title='bbox 210 3536 452 3618; x_wconf 89' lang='lat' dir='ltr'><strong>oppressionem</strong></span> <span class='ocrx_word' id='word_1_514' title='bbox 478 3534 514 3597; x_wconf 91' lang='lat' dir='ltr'><strong>in</strong></span> <span class='ocrx_word' id='word_1_515' title='bbox 541 3555 674 3617; x_wconf 88' lang='lat' dir='ltr'><strong>eorpore</strong></span> <span class='ocrx_word' id='word_1_516' title='bbox 696 3540 806 3598; x_wconf 91' lang='lat' dir='ltr'><strong>nostro</strong></span> <span class='ocrx_word' id='word_1_517' title='bbox 827 3533 1044 3614; x_wconf 87' lang='lat' dir='ltr'><strong>perferamus,</strong></span> <span class='ocrx_word' id='word_1_518' title='bbox 1073 3532 1131 3598; x_wconf 90' lang='lat' dir='ltr'><strong>sed</strong></span> <span class='ocrx_word' id='word_1_519' title='bbox 1152 3541 1189 3599; x_wconf 94' lang='lat' dir='ltr'><strong>ut</strong></span> <span class='ocrx_word' id='word_1_520' title='bbox 1249 3528 1289 3616; x_wconf 87' lang='lat' dir='ltr'><strong>[p.</strong></span> <span class='ocrx_word' id='word_1_521' title='bbox 1309 3527 1385 3616; x_wconf 76' lang='lat'>462]</span> <span class='ocrx_word' id='word_1_522' title='bbox 1422 3531 1458 3593; x_wconf 92' lang='lat' dir='ltr'><strong>in</strong></span> <span class='ocrx_word' id='word_1_523' title='bbox 1485 3553 1520 3595; x_wconf 92' lang='lat' dir='ltr'><strong>se</strong></span> <span class='ocrx_word' id='word_1_524' title='bbox 1549 3553 1617 3596; x_wconf 93' lang='lat' dir='ltr'><strong>non</strong></span> <span class='ocrx_word' id='word_1_525' title='bbox 1650 3542 1832 3617; x_wconf 87' lang='lat' dir='ltr'><strong>oompetere</strong></span> <span class='ocrx_word' id='word_1_526' title='bbox 1868 3556 2024 3600; x_wconf 79' lang='lat' dir='ltr'><strong>exossare</strong></span> <span class='ocrx_word' id='word_1_527' title='bbox 2057 3540 2220 3617; x_wconf 84' lang='lat' dir='ltr'><strong>poterunt</strong></span> 
     </span>
     <span class='ocr_line' id='line_1_38' title="bbox 211 3615 2222 3702; baseline -0.002 -16"><span class='ocrx_word' id='word_1_528' title='bbox 211 3621 434 3699; x_wconf 89' lang='lat' dir='ltr'><strong>oonsoientiae,</strong></span> <span class='ocrx_word' id='word_1_529' title='bbox 457 3620 607 3685; x_wconf 86' lang='lat' dir='ltr'><strong>libertate</strong></span> <span class='ocrx_word' id='word_1_530' title='bbox 628 3640 696 3699; x_wconf 89' lang='lat' dir='ltr'><strong>sua,</strong></span> <span class='ocrx_word' id='word_1_531' title='bbox 720 3619 781 3685; x_wconf 94' lang='lat' dir='ltr'><strong>hoo</strong></span> <span class='ocrx_word' id='word_1_532' title='bbox 798 3625 855 3697; x_wconf 89' lang='lat' dir='ltr'><strong>est,</strong></span> <span class='ocrx_word' id='word_1_533' title='bbox 878 3619 1047 3702; x_wconf 81' lang='lat' dir='ltr'><strong>sanguinis</strong></span> <span class='ocrx_word' id='word_1_534' title='bbox 1065 3618 1191 3685; x_wconf 77' lang='lat' dir='ltr'><strong>Christi</strong></span> <span class='ocrx_word' id='word_1_535' title='bbox 1248 3615 1315 3681; x_wconf 71' lang='lat' dir='ltr'><strong>ried</strong></span> <span class='ocrx_word' id='word_1_536' title='bbox 1337 3616 1497 3698; x_wconf 91' lang='lat' dir='ltr'><strong>quomodo</strong></span> <span class='ocrx_word' id='word_1_537' title='bbox 1526 3627 1734 3698; x_wconf 87' lang='lat' dir='ltr'><strong>exousarent,</strong></span> <span class='ocrx_word' id='word_1_538' title='bbox 1766 3641 1841 3685; x_wconf 91' lang='lat' dir='ltr'><strong>oum</strong></span> <span class='ocrx_word' id='word_1_539' title='bbox 1869 3622 2029 3686; x_wconf 89' lang='lat' dir='ltr'><strong>immenso</strong></span> <span class='ocrx_word' id='word_1_540' title='bbox 2051 3618 2138 3701; x_wconf 89' lang='lat' dir='ltr'><strong>apud</strong></span> <span class='ocrx_word' id='word_1_541' title='bbox 2167 3640 2222 3682; x_wconf 91' lang='lat' dir='ltr'><strong>eos</strong></span> 
     </span>
     <span class='ocr_line' id='line_1_39' title="bbox 210 3702 2220 3790; baseline -0.001 -19"><span class='ocrx_word' id='word_1_542' title='bbox 210 3706 366 3772; x_wconf 88' lang='lat' dir='ltr'><strong>benefieio</strong></span> <span class='ocrx_word' id='word_1_543' title='bbox 388 3705 552 3790; x_wconf 86' lang='lat' dir='ltr'><strong>spoliatae,</strong></span> <span class='ocrx_word' id='word_1_544' title='bbox 575 3705 738 3771; x_wconf 86' lang='lat' dir='ltr'><strong>serviliter</strong></span> <span class='ocrx_word' id='word_1_545' title='bbox 759 3705 952 3770; x_wconf 84' lang='lat' dir='ltr'><strong>omoientur.</strong></span> <span class='ocrx_word' id='word_1_546' title='bbox 993 3703 1190 3789; x_wconf 81' lang='lat' dir='ltr'><strong>Quanquam</strong></span> <span class='ocrx_word' id='word_1_547' title='bbox 1243 3702 1435 3768; x_wconf 90' lang='lat' dir='ltr'><strong>soeleratins</strong></span> <span class='ocrx_word' id='word_1_548' title='bbox 1456 3704 1513 3782; x_wconf 89' lang='lat' dir='ltr'><strong>sit,</strong></span> <span class='ocrx_word' id='word_1_549' title='bbox 1548 3703 1766 3770; x_wconf 88' lang='lat' dir='ltr'><strong>aurioularem</strong></span> <span class='ocrx_word' id='word_1_550' title='bbox 1789 3707 2038 3785; x_wconf 87' lang='lat' dir='ltr'><strong>oonfessionem,</strong></span> <span class='ocrx_word' id='word_1_551' title='bbox 2069 3712 2220 3771; x_wconf 83' lang='lat' dir='ltr'><strong>vertente</strong></span> 
     </span>
     <span class='ocr_line' id='line_1_40' title="bbox 211 3790 2224 3879; baseline -0 -24"><span class='ocrx_word' id='word_1_552' title='bbox 211 3790 299 3857; x_wconf 86' lang='lat' dir='ltr'><strong>istud</strong></span> <span class='ocrx_word' id='word_1_553' title='bbox 321 3793 434 3871; x_wconf 91' lang='lat' dir='ltr'><strong>etiam,</strong></span> <span class='ocrx_word' id='word_1_554' title='bbox 466 3790 507 3879; x_wconf 83' lang='lat' dir='ltr'><strong>[p.</strong></span> <span class='ocrx_word' id='word_1_555' title='bbox 520 3790 596 3879; x_wconf 80' lang='lat'>460]</span> <span class='ocrx_word' id='word_1_556' title='bbox 627 3813 665 3857; x_wconf 86' lang='lat' dir='ltr'><strong>aa</strong></span> <span class='ocrx_word' id='word_1_557' title='bbox 694 3793 722 3857; x_wconf 90' lang='lat' dir='ltr'><strong>si</strong></span> <span class='ocrx_word' id='word_1_558' title='bbox 749 3812 866 3874; x_wconf 88' lang='lat' dir='ltr'><strong>param</strong></span> <span class='ocrx_word' id='word_1_559' title='bbox 893 3790 935 3856; x_wconf 91' lang='lat' dir='ltr'><strong>ad</strong></span> <span class='ocrx_word' id='word_1_560' title='bbox 961 3811 1032 3855; x_wconf 91' lang='lat' dir='ltr'><strong>rem</strong></span> <span class='ocrx_word' id='word_1_561' title='bbox 1057 3791 1188 3871; x_wconf 87' lang='lat' dir='ltr'><strong>faeerot,</strong></span> <span class='ocrx_word' id='word_1_562' title='bbox 1242 3809 1341 3866; x_wconf 87' lang='lat' dir='ltr'><strong>anno,</strong></span> <span class='ocrx_word' id='word_1_563' title='bbox 1369 3790 1640 3870; x_wconf 87' lang='lat' dir='ltr'><strong>praetermisisse,</strong></span> <span class='ocrx_word' id='word_1_564' title='bbox 1673 3813 1772 3873; x_wconf 90' lang='lat' dir='ltr'><strong>quam</strong></span> <span class='ocrx_word' id='word_1_565' title='bbox 1798 3793 2033 3875; x_wconf 88' lang='lat' dir='ltr'><strong>nequissimam</strong></span> <span class='ocrx_word' id='word_1_566' title='bbox 2058 3791 2161 3856; x_wconf 85' lang='lat' dir='ltr'><strong>vitam</strong></span> <span class='ocrx_word' id='word_1_567' title='bbox 2188 3791 2224 3854; x_wconf 89' lang='lat' dir='ltr'><strong>in</strong></span> 
     </span>
     <span class='ocr_line' id='line_1_41' title="bbox 211 3865 2221 3977; baseline 0 -35"><span class='ocrx_word' id='word_1_568' title='bbox 211 3877 406 3976; x_wconf 81' lang='lat' dir='ltr'><strong>omittemus.</strong></span> <span class='ocrx_word' id='word_1_569' title='bbox 452 3879 499 3942; x_wconf 85' lang='lat' dir='ltr'><strong>At</strong></span> <span class='ocrx_word' id='word_1_570' title='bbox 519 3879 632 3977; x_wconf 82' lang='lat' dir='ltr'><strong>quanti</strong></span> <span class='ocrx_word' id='word_1_571' title='bbox 658 3886 811 3961; x_wconf 88' lang='lat' dir='ltr'><strong>putamus</strong></span> <span class='ocrx_word' id='word_1_572' title='bbox 837 3878 974 3956; x_wconf 80' lang='lat' dir='ltr'><strong>referre,</strong></span> <span class='ocrx_word' id='word_1_573' title='bbox 1003 3898 1099 3977; x_wconf 80' lang='lat' dir='ltr'><strong>suum</strong></span> <span class='ocrx_word' id='word_1_574' title='bbox 1119 3878 1189 3942; x_wconf 91' lang='lat' dir='ltr'><strong>Do-</strong></span> <span class='ocrx_word' id='word_1_575' title='bbox 1241 3872 1381 3973; x_wconf 81' lang='lat' dir='ltr'><strong>solidum</strong></span> <span class='ocrx_word' id='word_1_576' title='bbox 1402 3895 1528 3974; x_wconf 84' lang='lat' dir='ltr'><strong>annum</strong></span> <span class='ocrx_word' id='word_1_577' title='bbox 1547 3874 1753 3975; x_wconf 77' lang='lat' dir='ltr'><strong>produxiss03</strong></span> <span class='ocrx_word' id='word_1_578' title='bbox 1775 3877 1923 3962; x_wconf 80' lang='lat' dir='ltr'><strong>linguam</strong></span> <span class='ocrx_word' id='word_1_579' title='bbox 1945 3876 1997 3943; x_wconf 90' lang='lat' dir='ltr'><strong>die</strong></span> <span class='ocrx_word' id='word_1_580' title='bbox 2018 3877 2149 3942; x_wconf 89' lang='lat' dir='ltr'><strong>veneris</strong></span> <span class='ocrx_word' id='word_1_581' title='bbox 2162 3865 2221 3975; x_wconf 74' lang='lat' dir='ltr'><strong>in-</strong></span> 
     </span>
     <span class='ocr_line' id='line_1_42' title="bbox 211 3959 2220 4132; baseline -0.001 -19"><span class='ocrx_word' id='word_1_582' title='bbox 211 3983 301 4114; x_wconf 61' lang='grc'><strong>1110</strong></span> <span class='ocrx_word' id='word_1_583' title='bbox 320 3984 469 4130; x_wconf 68' lang='grc'><strong>11111</strong></span> <span class='ocrx_word' id='word_1_584' title='bbox 484 3963 1189 4132; x_wconf 55' lang='lat' dir='ltr'><strong>{ttetttttsttstttltta</strong></span> <span class='ocrx_word' id='word_1_585' title='bbox 1240 3959 1497 4112; x_wconf 49' lang='grc'><strong>1113111110</strong></span> <span class='ocrx_word' id='word_1_586' title='bbox 1513 3969 2136 4129; x_wconf 41' lang='lat' dir='ltr'><strong>&amp;attribuimus</strong></span> <span class='ocrx_word' id='word_1_587' title='bbox 2151 3961 2220 4112; x_wconf 71' lang='lat' dir='ltr'><strong>tt</strong></span> 
     </span>
     <span class='ocr_line' id='line_1_43' title="bbox 209 4130 2220 4221; baseline -0 -22"><span class='ocrx_word' id='word_1_588' title='bbox 209 4155 291 4199; x_wconf 92' lang='lat' dir='ltr'><strong>num</strong></span> <span class='ocrx_word' id='word_1_589' title='bbox 319 4133 445 4218; x_wconf 82' lang='lat' dir='ltr'><strong>legibus</strong></span> <span class='ocrx_word' id='word_1_590' title='bbox 473 4134 602 4212; x_wconf 92' lang='lat' dir='ltr'><strong>oolitur,</strong></span> <span class='ocrx_word' id='word_1_591' title='bbox 636 4134 766 4217; x_wconf 91' lang='lat' dir='ltr'><strong>quando</strong></span> <span class='ocrx_word' id='word_1_592' title='bbox 793 4134 880 4200; x_wconf 90' lang='lat' dir='ltr'><strong>solus</strong></span> <span class='ocrx_word' id='word_1_593' title='bbox 907 4137 977 4218; x_wconf 91' lang='lat' dir='ltr'><strong>ipse</strong></span> <span class='ocrx_word' id='word_1_594' title='bbox 1005 4134 1112 4201; x_wconf 90' lang='lat' dir='ltr'><strong>oultus</strong></span> <span class='ocrx_word' id='word_1_595' title='bbox 1139 4137 1189 4201; x_wconf 90' lang='lat' dir='ltr'><strong>sui</strong></span> <span class='ocrx_word' id='word_1_596' title='bbox 1240 4132 1323 4218; x_wconf 66' lang='lat' dir='ltr'><strong>festo</strong></span> <span class='ocrx_word' id='word_1_597' title='bbox 1348 4130 1530 4198; x_wconf 84' lang='lat' dir='ltr'><strong>admovisse</strong></span> <span class='ocrx_word' id='word_1_598' title='bbox 1555 4132 1691 4199; x_wconf 86' lang='lat' dir='ltr'><strong>honesto</strong></span> <span class='ocrx_word' id='word_1_599' title='bbox 1715 4138 1819 4219; x_wconf 88' lang='lat' dir='ltr'><strong>operi,</strong></span> <span class='ocrx_word' id='word_1_600' title='bbox 1846 4157 1944 4218; x_wconf 91' lang='lat' dir='ltr'><strong>quam</strong></span> <span class='ocrx_word' id='word_1_601' title='bbox 1970 4136 2120 4221; x_wconf 85' lang='lat' dir='ltr'><strong>possimis</strong></span> <span class='ocrx_word' id='word_1_602' title='bbox 2141 4134 2220 4199; x_wconf 83' lang='lat' dir='ltr'><strong>faoi·</strong></span> 
     </span>
     <span class='ocr_line' id='line_1_44' title="bbox 209 4217 2220 4304; baseline -0.002 -17"><span class='ocrx_word' id='word_1_603' title='bbox 209 4220 283 4287; x_wconf 85' lang='lat' dir='ltr'><strong>vult</strong></span> <span class='ocrx_word' id='word_1_604' title='bbox 303 4220 417 4285; x_wconf 90' lang='lat' dir='ltr'><strong>haberi</strong></span> <span class='ocrx_word' id='word_1_605' title='bbox 438 4220 612 4304; x_wconf 82' lang='lat' dir='ltr'><strong>legislator.</strong></span> <span class='ocrx_word' id='word_1_606' title='bbox 658 4222 708 4286; x_wconf 82' lang='lat' dir='ltr'><strong>Ao</strong></span> <span class='ocrx_word' id='word_1_607' title='bbox 729 4242 771 4284; x_wconf 90' lang='lat' dir='ltr'><strong>ne</strong></span> <span class='ocrx_word' id='word_1_608' title='bbox 798 4242 868 4284; x_wconf 90' lang='lat' dir='ltr'><strong>rem</strong></span> <span class='ocrx_word' id='word_1_609' title='bbox 896 4242 967 4286; x_wconf 89' lang='lat' dir='ltr'><strong>esse</strong></span> <span class='ocrx_word' id='word_1_610' title='bbox 994 4220 1091 4285; x_wconf 92' lang='lat' dir='ltr'><strong>nihili</strong></span> <span class='ocrx_word' id='word_1_611' title='bbox 1117 4223 1189 4303; x_wconf 90' lang='lat' dir='ltr'><strong>quis</strong></span> <span class='ocrx_word' id='word_1_612' title='bbox 1242 4219 1374 4282; x_wconf 87' lang='lat' dir='ltr'><strong>aeribus</strong></span> <span class='ocrx_word' id='word_1_613' title='bbox 1394 4217 1523 4284; x_wconf 89' lang='lat' dir='ltr'><strong>assidue</strong></span> <span class='ocrx_word' id='word_1_614' title='bbox 1544 4240 1696 4285; x_wconf 82' lang='lat' dir='ltr'><strong>exeruere</strong></span> <span class='ocrx_word' id='word_1_615' title='bbox 1713 4223 1862 4287; x_wconf 91' lang='lat' dir='ltr'><strong>membra</strong></span> <span class='ocrx_word' id='word_1_616' title='bbox 1882 4223 1993 4287; x_wconf 91' lang='lat' dir='ltr'><strong>omnia</strong></span> <span class='ocrx_word' id='word_1_617' title='bbox 2000 4244 2008 4301; x_wconf 94' lang='lat'>;</span> <span class='ocrx_word' id='word_1_618' title='bbox 2036 4221 2220 4287; x_wconf 85' lang='lat' dir='ltr'><strong>saorifioum</strong></span> 
     </span>
     <span class='ocr_line' id='line_1_45' title="bbox 211 4304 2220 4390; baseline -0.002 -18"><span class='ocrx_word' id='word_1_619' title='bbox 211 4307 384 4385; x_wconf 83' lang='lat' dir='ltr'><strong>existimet,</strong></span> <span class='ocrx_word' id='word_1_620' title='bbox 406 4305 538 4370; x_wconf 85' lang='lat' dir='ltr'><strong>andiunt</strong></span> <span class='ocrx_word' id='word_1_621' title='bbox 561 4307 674 4388; x_wconf 91' lang='lat' dir='ltr'><strong>quanti</strong></span> <span class='ocrx_word' id='word_1_622' title='bbox 695 4313 864 4388; x_wconf 88' lang='lat' dir='ltr'><strong>reputetur</strong></span> <span class='ocrx_word' id='word_1_623' title='bbox 881 4327 901 4371; x_wconf 91' lang='lat' dir='ltr'><strong>a</strong></span> <span class='ocrx_word' id='word_1_624' title='bbox 918 4307 1069 4372; x_wconf 86' lang='lat' dir='ltr'><strong>Domino.</strong></span> <span class='ocrx_word' id='word_1_625' title='bbox 1099 4304 1189 4387; x_wconf 77' lang='lat' dir='ltr'><strong>Quo-</strong></span> <span class='ocrx_word' id='word_1_626' title='bbox 1241 4304 1387 4388; x_wconf 71' lang='lat' dir='ltr'><strong>legitimo</strong></span> <span class='ocrx_word' id='word_1_627' title='bbox 1408 4325 1474 4370; x_wconf 92' lang='lat' dir='ltr'><strong>uno</strong></span> <span class='ocrx_word' id='word_1_628' title='bbox 1494 4306 1655 4371; x_wconf 90' lang='lat' dir='ltr'><strong>oonnubio</strong></span> <span class='ocrx_word' id='word_1_629' title='bbox 1676 4308 1837 4390; x_wconf 81' lang='lat' dir='ltr'><strong>aepulari,</strong></span> <span class='ocrx_word' id='word_1_630' title='bbox 1864 4328 1964 4390; x_wconf 91' lang='lat' dir='ltr'><strong>quam</strong></span> <span class='ocrx_word' id='word_1_631' title='bbox 1985 4307 2107 4390; x_wconf 83' lang='lat' dir='ltr'><strong>illigari</strong></span> <span class='ocrx_word' id='word_1_632' title='bbox 2129 4304 2220 4370; x_wconf 90' lang='lat' dir='ltr'><strong>mille</strong></span> 
     </span>
     <span class='ocr_line' id='line_1_46' title="bbox 211 4389 2218 4477; baseline -0.001 -19"><span class='ocrx_word' id='word_1_633' title='bbox 211 4393 310 4472; x_wconf 88' lang='lat' dir='ltr'><strong>niam,</strong></span> <span class='ocrx_word' id='word_1_634' title='bbox 331 4391 437 4474; x_wconf 91' lang='lat' dir='ltr'><strong>inquit</strong></span> <span class='ocrx_word' id='word_1_635' title='bbox 458 4391 535 4476; x_wconf 93' lang='lat' dir='ltr'><strong>(Ies.</strong></span> <span class='ocrx_word' id='word_1_636' title='bbox 560 4390 626 4476; x_wconf 84' lang='lat'><strong>29),</strong></span> <span class='ocrx_word' id='word_1_637' title='bbox 648 4391 759 4455; x_wconf 93' lang='lat' dir='ltr'><strong>timuit</strong></span> <span class='ocrx_word' id='word_1_638' title='bbox 779 4413 832 4456; x_wconf 90' lang='lat' dir='ltr'><strong>me</strong></span> <span class='ocrx_word' id='word_1_639' title='bbox 853 4393 992 4476; x_wconf 90' lang='lat' dir='ltr'><strong>populus</strong></span> <span class='ocrx_word' id='word_1_640' title='bbox 1013 4393 1075 4457; x_wconf 90' lang='lat' dir='ltr'><strong>iste</strong></span> <span class='ocrx_word' id='word_1_641' title='bbox 1096 4414 1189 4457; x_wconf 91' lang='lat' dir='ltr'><strong>man·</strong></span> <span class='ocrx_word' id='word_1_642' title='bbox 1241 4389 1410 4455; x_wconf 86' lang='lat' dir='ltr'><strong>adulteriis</strong></span> <span class='ocrx_word' id='word_1_643' title='bbox 1415 4412 1424 4469; x_wconf 93' lang='lat'>;</span> <span class='ocrx_word' id='word_1_644' title='bbox 1454 4391 1600 4456; x_wconf 80' lang='lat' dir='ltr'><strong>votivam</strong></span> <span class='ocrx_word' id='word_1_645' title='bbox 1619 4394 1915 4477; x_wconf 82' lang='lat' dir='ltr'><strong>peregrinationem</strong></span> <span class='ocrx_word' id='word_1_646' title='bbox 1936 4414 2004 4459; x_wconf 91' lang='lat' dir='ltr'><strong>non</strong></span> <span class='ocrx_word' id='word_1_647' title='bbox 2023 4390 2218 4475; x_wconf 88' lang='lat' dir='ltr'><strong>persolvere,</strong></span> 
     </span>
     <span class='ocr_line' id='line_1_47' title="bbox 212 4475 2220 4562; baseline -0 -19"><span class='ocrx_word' id='word_1_648' title='bbox 212 4477 288 4544; x_wconf 87' lang='lat' dir='ltr'><strong>dato</strong></span> <span class='ocrx_word' id='word_1_649' title='bbox 310 4485 344 4543; x_wconf 89' lang='lat' dir='ltr'><strong>et</strong></span> <span class='ocrx_word' id='word_1_650' title='bbox 364 4476 519 4543; x_wconf 87' lang='lat' dir='ltr'><strong>dootrinis</strong></span> <span class='ocrx_word' id='word_1_651' title='bbox 541 4477 724 4554; x_wconf 89' lang='lat' dir='ltr'><strong>hominum,</strong></span> <span class='ocrx_word' id='word_1_652' title='bbox 752 4498 827 4543; x_wconf 90' lang='lat' dir='ltr'><strong>eooe</strong></span> <span class='ocrx_word' id='word_1_653' title='bbox 855 4499 915 4562; x_wconf 82' lang='lat' dir='ltr'><strong>ego</strong></span> <span class='ocrx_word' id='word_1_654' title='bbox 936 4478 1056 4543; x_wconf 90' lang='lat' dir='ltr'><strong>addam</strong></span> <span class='ocrx_word' id='word_1_655' title='bbox 1077 4486 1111 4542; x_wconf 89' lang='lat' dir='ltr'><strong>et</strong></span> <span class='ocrx_word' id='word_1_656' title='bbox 1131 4476 1189 4543; x_wconf 91' lang='lat' dir='ltr'><strong>ad·</strong></span> <span class='ocrx_word' id='word_1_657' title='bbox 1241 4498 1340 4559; x_wconf 90' lang='lat' dir='ltr'><strong>quam</strong></span> <span class='ocrx_word' id='word_1_658' title='bbox 1361 4477 1398 4541; x_wconf 92' lang='lat' dir='ltr'><strong>in</strong></span> <span class='ocrx_word' id='word_1_659' title='bbox 1419 4477 1586 4561; x_wconf 90' lang='lat' dir='ltr'><strong>promissis</strong></span> <span class='ocrx_word' id='word_1_660' title='bbox 1608 4479 1758 4545; x_wconf 90' lang='lat' dir='ltr'><strong>omnibus</strong></span> <span class='ocrx_word' id='word_1_661' title='bbox 1779 4478 1879 4543; x_wconf 82' lang='lat' dir='ltr'><strong>tidem</strong></span> <span class='ocrx_word' id='word_1_662' title='bbox 1898 4479 2012 4544; x_wconf 87' lang='lat' dir='ltr'><strong>fallere</strong></span> <span class='ocrx_word' id='word_1_663' title='bbox 2018 4501 2026 4557; x_wconf 94' lang='lat'>;</span> <span class='ocrx_word' id='word_1_664' title='bbox 2053 4479 2089 4542; x_wconf 93' lang='lat' dir='ltr'><strong>in</strong></span> <span class='ocrx_word' id='word_1_665' title='bbox 2110 4475 2220 4560; x_wconf 88' lang='lat' dir='ltr'><strong>prodi·</strong></span> 
     </span>
     <span class='ocr_line' id='line_1_48' title="bbox 211 4563 2221 4648; baseline -0.001 -19"><span class='ocrx_word' id='word_1_666' title='bbox 211 4565 419 4629; x_wconf 90' lang='lat' dir='ltr'><strong>mirationem</strong></span> <span class='ocrx_word' id='word_1_667' title='bbox 444 4563 563 4630; x_wconf 85' lang='lat' dir='ltr'><strong>iaoiam</strong></span> <span class='ocrx_word' id='word_1_668' title='bbox 590 4563 633 4643; x_wconf 88' lang='lat' dir='ltr'><strong>ei,</strong></span> <span class='ocrx_word' id='word_1_669' title='bbox 661 4563 818 4628; x_wconf 88' lang='lat' dir='ltr'><strong>miraeulo</strong></span> <span class='ocrx_word' id='word_1_670' title='bbox 845 4563 963 4648; x_wconf 80' lang='lat' dir='ltr'><strong>grandi</strong></span> <span class='ocrx_word' id='word_1_671' title='bbox 991 4571 1024 4628; x_wconf 90' lang='lat' dir='ltr'><strong>et</strong></span> <span class='ocrx_word' id='word_1_672' title='bbox 1057 4572 1189 4646; x_wconf 88' lang='lat' dir='ltr'><strong>stupen-</strong></span> <span class='ocrx_word' id='word_1_673' title='bbox 1242 4563 1357 4648; x_wconf 79' lang='lat' dir='ltr'><strong>giosos,</strong></span> <span class='ocrx_word' id='word_1_674' title='bbox 1379 4583 1442 4628; x_wconf 90' lang='lat' dir='ltr'><strong>neo</strong></span> <span class='ocrx_word' id='word_1_675' title='bbox 1458 4563 1567 4629; x_wconf 91' lang='lat' dir='ltr'><strong>minas</strong></span> <span class='ocrx_word' id='word_1_676' title='bbox 1584 4585 1802 4646; x_wconf 88' lang='lat' dir='ltr'><strong>supervaouos</strong></span> <span class='ocrx_word' id='word_1_677' title='bbox 1819 4586 1857 4630; x_wconf 88' lang='lat' dir='ltr'><strong>ae</strong></span> <span class='ocrx_word' id='word_1_678' title='bbox 1874 4565 2006 4631; x_wconf 87' lang='lat' dir='ltr'><strong>inutiles</strong></span> <span class='ocrx_word' id='word_1_679' title='bbox 2024 4563 2221 4647; x_wconf 86' lang='lat' dir='ltr'><strong>templorum</strong></span> 
     </span>
     <span class='ocr_line' id='line_1_49' title="bbox 212 4648 2220 4734; baseline -0.001 -19"><span class='ocrx_word' id='word_1_680' title='bbox 212 4649 263 4715; x_wconf 91' lang='lat' dir='ltr'><strong>do.</strong></span> <span class='ocrx_word' id='word_1_681' title='bbox 311 4650 438 4716; x_wconf 87' lang='lat' dir='ltr'><strong>Peribit</strong></span> <span class='ocrx_word' id='word_1_682' title='bbox 471 4651 558 4717; x_wconf 91' lang='lat' dir='ltr'><strong>enim</strong></span> <span class='ocrx_word' id='word_1_683' title='bbox 593 4648 752 4731; x_wconf 89' lang='lat' dir='ltr'><strong>sapientia</strong></span> <span class='ocrx_word' id='word_1_684' title='bbox 785 4670 806 4713; x_wconf 90' lang='lat' dir='ltr'><strong>a</strong></span> <span class='ocrx_word' id='word_1_685' title='bbox 832 4648 1031 4733; x_wconf 90' lang='lat' dir='ltr'><strong>sapientibus</strong></span> <span class='ocrx_word' id='word_1_686' title='bbox 1059 4649 1130 4714; x_wconf 92' lang='lat' dir='ltr'><strong>eius</strong></span> <span class='ocrx_word' id='word_1_687' title='bbox 1157 4656 1192 4714; x_wconf 91' lang='lat' dir='ltr'><strong>et</strong></span> <span class='ocrx_word' id='word_1_688' title='bbox 1241 4649 1340 4714; x_wconf 83' lang='lat' dir='ltr'><strong>luxus</strong></span> <span class='ocrx_word' id='word_1_689' title='bbox 1361 4668 1428 4713; x_wconf 93' lang='lat' dir='ltr'><strong>non</strong></span> <span class='ocrx_word' id='word_1_690' title='bbox 1451 4649 1572 4732; x_wconf 91' lang='lat' dir='ltr'><strong>aliquid</strong></span> <span class='ocrx_word' id='word_1_691' title='bbox 1593 4650 1788 4732; x_wconf 81' lang='lat' dir='ltr'><strong>profudisse,</strong></span> <span class='ocrx_word' id='word_1_692' title='bbox 1816 4672 1917 4734; x_wconf 92' lang='lat' dir='ltr'><strong>quarn</strong></span> <span class='ocrx_word' id='word_1_693' title='bbox 1938 4650 2078 4716; x_wconf 78' lang='lat' dir='ltr'><strong>defuisse</strong></span> <span class='ocrx_word' id='word_1_694' title='bbox 2099 4668 2220 4732; x_wconf 79' lang='lat' dir='ltr'><strong>urgen-</strong></span> 
     </span>
     <span class='ocr_line' id='line_1_50' title="bbox 212 4733 2221 4820; baseline 0 -22"><span class='ocrx_word' id='word_1_695' title='bbox 212 4735 397 4802; x_wconf 88' lang='lat' dir='ltr'><strong>intelleotus</strong></span> <span class='ocrx_word' id='word_1_696' title='bbox 424 4736 623 4820; x_wconf 86' lang='lat' dir='ltr'><strong>prudentum</strong></span> <span class='ocrx_word' id='word_1_697' title='bbox 654 4733 878 4800; x_wconf 85' lang='lat' dir='ltr'><strong>absoondetur.</strong></span> <span class='ocrx_word' id='word_1_698' title='bbox 930 4734 1020 4800; x_wconf 86' lang='lat' dir='ltr'><strong>Alibi</strong></span> <span class='ocrx_word' id='word_1_699' title='bbox 1054 4733 1188 4819; x_wconf 82' lang='lat' dir='ltr'><strong>(Mattb</strong></span> <span class='ocrx_word' id='word_1_700' title='bbox 1242 4735 1376 4800; x_wconf 87' lang='lat' dir='ltr'><strong>tissimis</strong></span> <span class='ocrx_word' id='word_1_701' title='bbox 1400 4755 1584 4818; x_wconf 87' lang='lat' dir='ltr'><strong>pauperum</strong></span> <span class='ocrx_word' id='word_1_702' title='bbox 1610 4737 1871 4816; x_wconf 78' lang='lat' dir='ltr'><strong>neoossitatibus3</strong></span> <span class='ocrx_word' id='word_1_703' title='bbox 1903 4736 2028 4803; x_wconf 90' lang='lat' dir='ltr'><strong>idolum</strong></span> <span class='ocrx_word' id='word_1_704' title='bbox 2058 4736 2129 4801; x_wconf 90' lang='lat' dir='ltr'><strong>sine</strong></span> <span class='ocrx_word' id='word_1_705' title='bbox 2161 4733 2221 4798; x_wconf 88' lang='lat' dir='ltr'><strong>ho-</strong></span> 
     </span>
     <span class='ocr_line' id='line_1_51' title="bbox 215 4819 2222 4906; baseline 0.001 -23"><span class='ocrx_word' id='word_1_706' title='bbox 215 4819 286 4906; x_wconf 79' lang='lat' dir='ltr'><strong>lo):</strong></span> <span class='ocrx_word' id='word_1_707' title='bbox 309 4821 431 4887; x_wconf 81' lang='lat' dir='ltr'><strong>frustra</strong></span> <span class='ocrx_word' id='word_1_708' title='bbox 448 4844 502 4887; x_wconf 91' lang='lat' dir='ltr'><strong>me</strong></span> <span class='ocrx_word' id='word_1_709' title='bbox 519 4822 637 4899; x_wconf 86' lang='lat' dir='ltr'><strong>solunt,</strong></span> <span class='ocrx_word' id='word_1_710' title='bbox 661 4819 812 4886; x_wconf 88' lang='lat' dir='ltr'><strong>dooentos</strong></span> <span class='ocrx_word' id='word_1_711' title='bbox 824 4820 997 4900; x_wconf 83' lang='lat' dir='ltr'><strong>doetrinae,</strong></span> <span class='ocrx_word' id='word_1_712' title='bbox 1018 4827 1192 4905; x_wconf 83' lang='lat' dir='ltr'><strong>praesepta</strong></span> <span class='ocrx_word' id='word_1_713' title='bbox 1242 4842 1321 4886; x_wconf 90' lang='lat' dir='ltr'><strong>nore</strong></span> <span class='ocrx_word' id='word_1_714' title='bbox 1336 4822 1552 4904; x_wconf 87' lang='lat' dir='ltr'><strong>praeteriisse,</strong></span> <span class='ocrx_word' id='word_1_715' title='bbox 1570 4842 1669 4904; x_wconf 86' lang='lat' dir='ltr'><strong>qaam</strong></span> <span class='ocrx_word' id='word_1_716' title='bbox 1686 4820 1858 4888; x_wconf 81' lang='lat' dir='ltr'><strong>hominrim</strong></span> <span class='ocrx_word' id='word_1_717' title='bbox 1873 4843 1969 4888; x_wconf 92' lang='lat' dir='ltr'><strong>omne</strong></span> <span class='ocrx_word' id='word_1_718' title='bbox 1986 4843 2090 4906; x_wconf 74' lang='lat' dir='ltr'><strong>genus</strong></span> <span class='ocrx_word' id='word_1_719' title='bbox 2107 4826 2222 4887; x_wconf 87' lang='lat' dir='ltr'><strong>eonta-</strong></span> 
     </span>
    </p>
   </div>
   <div class='ocr_carea' id='block_1_9' title="bbox 213 4905 2351 4986">
    <p class='ocr_par' dir='ltr' id='par_1_10' title="bbox 213 4905 2351 4986">
     <span class='ocr_line' id='line_1_52' title="bbox 213 4905 2351 4986; baseline -0 -15"><span class='ocrx_word' id='word_1_720' title='bbox 213 4905 393 4971; x_wconf 87' lang='lat' dir='ltr'><strong>hominum</strong></span> <span class='ocrx_word' id='word_1_721' title='bbox 1243 4906 1376 4972; x_wconf 88' lang='lat' dir='ltr'><strong>melioso</strong></span> <span class='ocrx_word' id='word_1_722' title='bbox 1407 4913 1579 4986; x_wconf 80' lang='lat' dir='ltr'><strong>traotasse3</strong></span> <span class='ocrx_word' id='word_1_723' title='bbox 1611 4928 1677 4971; x_wconf 93' lang='lat' dir='ltr'><strong>non</strong></span> <span class='ocrx_word' id='word_1_724' title='bbox 1706 4907 1970 4974; x_wconf 85' lang='lat' dir='ltr'><strong>demurmurasse</strong></span> <span class='ocrx_word' id='word_1_725' title='bbox 2002 4908 2100 4974; x_wconf 77' lang='lat' dir='ltr'><strong>oerto‘s</strong></span> <span class='ocrx_word' id='word_1_726' title='bbox 2132 4906 2223 4971; x_wconf 87' lang='lat' dir='ltr'><strong>horis</strong></span> <span class='ocrx_word' id='word_1_727' title='bbox 2347 4906 2351 4913; x_wconf 79' lang='grc'><strong>’</strong></span> 
     </span>
    </p>
   </div>
   <div class='ocr_carea' id='block_1_10' title="bbox 213 4991 2224 5334">
    <p class='ocr_par' dir='ltr' id='par_1_11' title="bbox 213 4991 2224 5334">
     <span class='ocr_line' id='line_1_53' title="bbox 299 4991 2223 5077; baseline -0.001 -20"><span class='ocrx_word' id='word_1_728' title='bbox 299 4992 465 5057; x_wconf 84' lang='lat' dir='ltr'><strong>Mirantur</strong></span> <span class='ocrx_word' id='word_1_729' title='bbox 483 4993 628 5075; x_wconf 89' lang='lat' dir='ltr'><strong>plerique</strong></span> <span class='ocrx_word' id='word_1_730' title='bbox 651 5014 709 5059; x_wconf 90' lang='lat' dir='ltr'><strong>our</strong></span> <span class='ocrx_word' id='word_1_731' title='bbox 731 4991 811 5057; x_wconf 91' lang='lat' dir='ltr'><strong>adeo</strong></span> <span class='ocrx_word' id='word_1_732' title='bbox 829 4992 947 5057; x_wconf 86' lang='lat' dir='ltr'><strong>aeriter</strong></span> <span class='ocrx_word' id='word_1_733' title='bbox 963 4994 1192 5059; x_wconf 84' lang='lat' dir='ltr'><strong>interminetur</strong></span> <span class='ocrx_word' id='word_1_734' title='bbox 1243 4993 1342 5077; x_wconf 80' lang='lat' dir='ltr'><strong>longa</strong></span> <span class='ocrx_word' id='word_1_735' title='bbox 1360 4994 1431 5059; x_wconf 87' lang='lat' dir='ltr'><strong>siue</strong></span> <span class='ocrx_word' id='word_1_736' title='bbox 1452 5014 1551 5059; x_wconf 89' lang='lat' dir='ltr'><strong>sensa</strong></span> <span class='ocrx_word' id='word_1_737' title='bbox 1567 4992 1677 5071; x_wconf 80' lang='lat' dir='ltr'><strong>verba,</strong></span> <span class='ocrx_word' id='word_1_738' title='bbox 1699 5014 1797 5076; x_wconf 89' lang='lat' dir='ltr'><strong>quam</strong></span> <span class='ocrx_word' id='word_1_739' title='bbox 1815 5015 1929 5059; x_wconf 87' lang='lat' dir='ltr'><strong>veram</strong></span> <span class='ocrx_word' id='word_1_740' title='bbox 1950 4994 2133 5059; x_wconf 89' lang='lat' dir='ltr'><strong>orationem</strong></span> <span class='ocrx_word' id='word_1_741' title='bbox 2152 4993 2223 5056; x_wconf 91' lang='lat' dir='ltr'><strong>ani·</strong></span> 
     </span>
     <span class='ocr_line' id='line_1_54' title="bbox 213 5076 2223 5162; baseline -0 -19"><span class='ocrx_word' id='word_1_742' title='bbox 213 5076 385 5156; x_wconf 89' lang='lat' dir='ltr'><strong>Dominus,</strong></span> <span class='ocrx_word' id='word_1_743' title='bbox 406 5100 441 5143; x_wconf 90' lang='lat' dir='ltr'><strong>se</strong></span> <span class='ocrx_word' id='word_1_744' title='bbox 461 5079 624 5145; x_wconf 80' lang='lat' dir='ltr'><strong>laetarum</strong></span> <span class='ocrx_word' id='word_1_745' title='bbox 645 5077 806 5162; x_wconf 87' lang='lat' dir='ltr'><strong>stupenda</strong></span> <span class='ocrx_word' id='word_1_746' title='bbox 821 5078 948 5162; x_wconf 87' lang='lat' dir='ltr'><strong>populo,</strong></span> <span class='ocrx_word' id='word_1_747' title='bbox 972 5100 992 5144; x_wconf 90' lang='lat' dir='ltr'><strong>a</strong></span> <span class='ocrx_word' id='word_1_748' title='bbox 1013 5098 1076 5162; x_wconf 91' lang='lat' dir='ltr'><strong>qao</strong></span> <span class='ocrx_word' id='word_1_749' title='bbox 1097 5100 1191 5144; x_wconf 87' lang='lat' dir='ltr'><strong>man·</strong></span> <span class='ocrx_word' id='word_1_750' title='bbox 1243 5100 1297 5144; x_wconf 93' lang='lat' dir='ltr'><strong>mo</strong></span> <span class='ocrx_word' id='word_1_751' title='bbox 1319 5099 1487 5161; x_wconf 89' lang='lat' dir='ltr'><strong>nunquam</strong></span> <span class='ocrx_word' id='word_1_752' title='bbox 1508 5078 1714 5161; x_wconf 78' lang='lat' dir='ltr'><strong>eonospisse?</strong></span> <span class='ocrx_word' id='word_1_753' title='bbox 1758 5078 1849 5160; x_wconf 77' lang='lat' dir='ltr'><strong>Quid</strong></span> <span class='ocrx_word' id='word_1_754' title='bbox 1870 5086 1934 5157; x_wconf 87' lang='lat' dir='ltr'><strong>ost,</strong></span> <span class='ocrx_word' id='word_1_755' title='bbox 1963 5080 2096 5145; x_wconf 89' lang='lat' dir='ltr'><strong>irritum</strong></span> <span class='ocrx_word' id='word_1_756' title='bbox 2115 5079 2223 5144; x_wconf 84' lang='lat' dir='ltr'><strong>faeere</strong></span> 
     </span>
     <span class='ocr_line' id='line_1_55' title="bbox 214 5162 2223 5249; baseline 0.001 -21"><span class='ocrx_word' id='word_1_757' title='bbox 214 5162 300 5229; x_wconf 86' lang='lat' dir='ltr'><strong>datis</strong></span> <span class='ocrx_word' id='word_1_758' title='bbox 321 5169 355 5229; x_wconf 88' lang='lat' dir='ltr'><strong>et</strong></span> <span class='ocrx_word' id='word_1_759' title='bbox 376 5163 530 5231; x_wconf 87' lang='lat' dir='ltr'><strong>doetrinis</strong></span> <span class='ocrx_word' id='word_1_760' title='bbox 552 5165 722 5230; x_wconf 91' lang='lat' dir='ltr'><strong>hominum</strong></span> <span class='ocrx_word' id='word_1_761' title='bbox 742 5163 922 5243; x_wconf 86' lang='lat' dir='ltr'><strong>eolebatar,</strong></span> <span class='ocrx_word' id='word_1_762' title='bbox 952 5171 985 5230; x_wconf 89' lang='lat' dir='ltr'><strong>et</strong></span> <span class='ocrx_word' id='word_1_763' title='bbox 1012 5186 1047 5231; x_wconf 90' lang='lat' dir='ltr'><strong>ss</strong></span> <span class='ocrx_word' id='word_1_764' title='bbox 1067 5165 1192 5231; x_wconf 79' lang='lat' dir='ltr'><strong>frustm</strong></span> <span class='ocrx_word' id='word_1_765' title='bbox 1243 5185 1302 5248; x_wconf 89' lang='lat' dir='ltr'><strong>pro</strong></span> <span class='ocrx_word' id='word_1_766' title='bbox 1324 5172 1376 5230; x_wconf 85' lang='lat' dir='ltr'><strong>ter</strong></span> <span class='ocrx_word' id='word_1_767' title='bbox 1403 5185 1480 5231; x_wconf 85' lang='lat' dir='ltr'><strong>suas</strong></span> <span class='ocrx_word' id='word_1_768' title='bbox 1505 5163 1696 5230; x_wconf 85' lang='lat' dir='ltr'><strong>traditiones</strong></span> <span class='ocrx_word' id='word_1_769' title='bbox 1723 5165 1789 5231; x_wconf 89' lang='lat' dir='ltr'><strong>Dei</strong></span> <span class='ocrx_word' id='word_1_770' title='bbox 1816 5173 2041 5249; x_wconf 83' lang='lat' dir='ltr'><strong>praeoeptnm,</strong></span> <span class='ocrx_word' id='word_1_771' title='bbox 2069 5165 2134 5230; x_wconf 92' lang='lat' dir='ltr'><strong>nisi</strong></span> <span class='ocrx_word' id='word_1_772' title='bbox 2160 5163 2223 5230; x_wconf 92' lang='lat' dir='ltr'><strong>hoo</strong></span> 
     </span>
     <span class='ocr_line' id='line_1_56' title="bbox 214 5185 2224 5334; baseline 0 -20"><span class='ocrx_word' id='word_1_773' title='bbox 214 5247 861 5333; x_wconf 88' lang='lat' dir='ltr'><strong>eolipronnnoiathominumpraeoeptis.</strong></span> <span class='ocrx_word' id='word_1_774' title='bbox 890 5251 937 5316; x_wconf 79' lang='lat' dir='ltr'><strong>At</strong></span> <span class='ocrx_word' id='word_1_775' title='bbox 955 5251 984 5316; x_wconf 93' lang='lat' dir='ltr'><strong>si</strong></span> <span class='ocrx_word' id='word_1_776' title='bbox 998 5256 1190 5334; x_wconf 75' lang='lat' dir='ltr'><strong>speotnrent,</strong></span> <span class='ocrx_word' id='word_1_777' title='bbox 1244 5185 1324 5317; x_wconf 70' lang='lat' dir='ltr'><strong>esti</strong></span> <span class='ocrx_word' id='word_1_778' title='bbox 1359 5248 1447 5316; x_wconf 83' lang='lat' dir='ltr'><strong>Oam</strong></span> <span class='ocrx_word' id='word_1_779' title='bbox 1473 5249 1733 5317; x_wconf 86' lang='lat' dir='ltr'><strong>observationem</strong></span> <span class='ocrx_word' id='word_1_780' title='bbox 1760 5249 1990 5317; x_wconf 81' lang='lat' dir='ltr'><strong>mandatorum</strong></span> <span class='ocrx_word' id='word_1_781' title='bbox 2011 5251 2077 5316; x_wconf 88' lang='lat' dir='ltr'><strong>Dei</strong></span> <span class='ocrx_word' id='word_1_782' title='bbox 2104 5249 2224 5334; x_wconf 73' lang='lat' dir='ltr'><strong>frigide</strong></span> 
     </span>
    </p>
   </div>
   <div class='ocr_carea' id='block_1_11' title="bbox 0 0 2403 6020">
    <p class='ocr_par' dir='ltr' id='par_1_12' title="bbox 0 0 2403 6020">
     <span class='ocr_line' id='line_1_57' title="bbox 0 0 2403 6020; baseline 0 0"><span class='ocrx_word' id='word_1_783' title='bbox 0 0 2403 6020; x_wconf 95' lang='lat' dir='ltr'><strong> </strong></span> 
     </span>
    </p>
   </div>
  </div>
 </body>
</html>
