4770 6030
213 330 259 392 ar
335 364 336 367 κ
861 321 1127 391 maurusio
1148 324 1253 390 aaa.
1274 299 1456 389 cnblsr.
1481 326 1573 387 1536.
1837 413 1844 425 Ι
2181 325 2223 387 aa

215 516 275 593 sit,
304 513 546 599 agnoscendum
567 533 639 578 esse
659 513 768 596 ipsum
789 514 948 578 bonorum
968 514 1115 577 omnium
1136 534 1195 577 au·
1246 513 1364 578 bitiosa
1388 533 1525 594 precum
1544 513 1760 578 ostentatione
1781 512 1953 577 hominum
1980 513 2125 577 favorem
2146 535 2223 596 cap-
2253 531 2257 547 ¹

217 609 333 679 torem,
362 600 582 681 consequitur,
615 605 772 681 tanquam
794 620 836 663 ex
863 599 933 663 eius
965 620 1066 663 manu
1093 599 1195 664 strad-
1247 605 1329 676 tant,
1358 598 1456 662 simul
1478 598 1603 677 adiicit,
1634 596 1713 680 quid
1735 598 1777 662 sit
1797 597 1928 662 melius:
1955 599 2079 662 intrare
2101 599 2225 665 seilicet

217 686 337 770 pienda
358 707 429 750 esse
450 685 574 762 omnia,
602 706 678 750 cum
698 684 830 750 assidua
851 685 1033 768 gratiarum
1053 684 1213 763 actione;·
1247 683 1435 750 cubiculum
1455 691 1490 749 et
1510 684 1620 751 clauso
1641 684 1723 748 ostio
1751 683 1797 748 ibi
1818 704 1920 748 orare.
1965 682 2093 764 Quibus
2114 686 2223 752 verbis

217 772 406 854 nullamque
433 792 504 835 esse
525 771 646 835 iustam
672 771 832 842 rationem
858 791 923 851 qua
944 771 1014 835 eius
1037 770 1196 836 beneficia
1248 768 1301 919 gut
1321 791 1382 853 ego
1402 769 1613 854 interpretor)
1635 777 1704 834 tota
1724 769 1918 852 cogitatione
1940 770 2052 838 ineor
2073 775 2224 835 nostrum

217 878 427 940 usurpemus,
455 877 537 939 quae
566 855 656 920 nullo
678 857 744 921 fine
765 857 807 922 ab
829 857 899 920 eius
927 856 1081 939 largitate
1101 856 1195 921 nobis
1269 854 1444 920 escendere
1464 865 1498 921 et
1518 855 1648 939 ingredi
1668 876 1728 920 nos
1750 853 1866 932 docuit,
1888 856 2108 938 propinquum
2129 857 2223 923 uobis

215 944 324 1008 fluunt
345 964 383 1008 ac
402 942 614 1024 proveniunt,
642 943 706 1006 nisi
725 943 825 1006 etiam
853 942 889 1004 in
908 941 1006 1007 laude
1028 943 1098 1006 eius
1118 962 1195 1006 oon·
1246 942 1358 1006 Deum
1374 941 1495 1007 talibus
1512 942 1614 1007 animi
1627 940 1797 1006 affectibus
1814 941 2016 1022 promittens,
2035 942 2128 1007 cuius
2139 950 2224 1006 tem·

215 1028 340 1094 fitenda
371 1035 405 1092 et
435 1028 549 1111 gratiis
582 1027 718 1110 agendis
751 1026 873 1092 assidui
905 1028 1015 1092 simus.
1069 1026 1195 1092 Paulus
1246 1027 1303 1109 pla
1324 1048 1395 1093 esse
1416 1026 1545 1106 debent,
1570 1026 1670 1092 corda
1690 1033 1811 1107 nosue.
1855 1025 1969 1108 Neque
1991 1028 2080 1091 enim
2101 1049 2224 1112 negare

217 1115 306 1180 enim
329 1113 408 1178 dum
428 1121 568 1178 testatur
590 1113 622 1198 (l
643 1112 796 1199 rima),
822 1115 1040 1196 perverbum
1067 1120 1100 1177 et
1121 1134 1195 1178 ora»
1247 1113 1365 1191 voluit,
1399 1114 1480 1195 quin
1506 1113 1578 1178 aliis
1599 1133 1726 1195 quoque
1752 1111 1831 1176 locis
1853 1133 1948 1177 orare
1968 1113 2136 1195 expediat,
2166 1113 2224 1178 sed

217 1201 340 1265 tionem
362 1200 572 1278 sanctificari,
596 1198 694 1263 simul
714 1199 831 1277 innuit,
854 1200 924 1263 sine
945 1200 1045 1265 verbo
1068 1206 1101 1263 et
1121 1220 1194 1264 ora·
1248 1220 1319 1264 esse
1340 1198 1496 1282 quiddam
1522 1205 1685 1265 secretum
1706 1196 1849 1264 ostendit
1869 1199 2062 1277 orationem,
2085 1220 2169 1282 quae
2191 1208 2225 1264 et

192 1341 195 1346 .
217 1287 305 1350 tione
327 1287 462 1351 minime
483 1286 685 1351 sanctificata
707 1306 793 1350 esse:
829 1306 888 1368 per
912 1284 1051 1350 verbum
1072 1284 1196 1351 scilicet
1246 1285 1283 1348 in
1305 1285 1415 1349 animo
1443 1285 1648 1368 potissimum
1674 1283 1780 1349 locata
1801 1284 1858 1360 sit,
1888 1285 2012 1348 eteius
2038 1284 2224 1367 tranquilli·

217 1371 318 1436 fidem
338 1371 554 1457 metonymice
576 1370 770 1454 intelligens.
948 1426 951 1435 .
1246 1375 1357 1449 tatem,
1375 1370 1489 1452 procul
1506 1371 1657 1435 omnibus
1671 1390 1826 1435 curarum
1837 1370 1951 1448 turbis,
1973 1367 2014 1455 [p.
2030 1368 2104 1456 171]
2118 1371 2224 1440 maxi-

304 1457 398 1522 Haeo
418 1458 502 1522 ratio
523 1463 587 1535 est,
616 1478 675 1521 cur
695 1457 773 1521 alibi
792 1456 918 1523 Paulus
939 1457 1009 1522 sine
1030 1457 1195 1521 intermis-
1248 1477 1302 1520 mc
1323 1456 1476 1538 requirat.
2303 1526 2305 1530 .

219 1544 309 1608 sione
341 1564 435 1608 orare
463 1539 575 1608 iubeat
607 1540 639 1626 (l
661 1541 774 1608 Thess.
795 1548 823 1608 5.
861 1541 980 1606 lllim.
1001 1541 1051 1627 2),
1083 1542 1195 1607 volens
1333 1542 1424 1608 Hinc
1444 1542 1519 1624 plus
1540 1562 1640 1624 quam
1661 1539 1788 1606 clarum
1808 1549 1867 1619 est,
1889 1561 1994 1623 neque
2016 1563 2142 1620 vocem,
2165 1564 2224 1607 ne-

219 1630 308 1694 omni
334 1635 494 1713 tempore,
525 1629 613 1692 omni
640 1627 736 1707 hora,
764 1630 853 1693 omni
877 1628 961 1707 loco,
989 1628 1139 1693 omnibus
1160 1629 1196 1692 in
1249 1648 1312 1709 que
1329 1635 1473 1706 cantum,
1496 1628 1575 1692 siin
1594 1627 1738 1692 oratione
1755 1626 1967 1705 intercedant,
1991 1627 2112 1692 babere
2130 1628 2224 1710 quid·

218 1716 329 1795 rebus,
352 1721 461 1780 crecta
482 1735 553 1779 esse
578 1712 621 1777 ad
641 1714 752 1779 Deum
772 1715 919 1779 omnium
939 1721 1030 1793 vota,
1058 1735 1141 1796 quae
1163 1719 1198 1778 et
1248 1734 1349 1796 quam
1375 1714 1549 1792 momenti,
1584 1719 1643 1777 aut
1669 1711 1775 1776 hilum
1806 1713 1963 1795 proficere
1989 1712 2077 1794 apud
2103 1713 2222 1792 Deum,

255 1797 357 1887 .169]
381 1800 492 1865 omnia
516 1800 558 1865 ab
580 1821 618 1864 eo
645 1807 818 1882 expectent
838 1807 872 1865 et
892 1801 1039 1864 omnium
1064 1798 1196 1864 laudem
1249 1800 1313 1864 nisi
1336 1821 1378 1865 ex
1399 1798 1465 1863 alto
1487 1797 1592 1864 cordis
1613 1799 1732 1864 affectu
1752 1798 1905 1882 profecta.
1935 1795 2026 1878 Quin
2048 1799 2118 1864 eins
2138 1799 2224 1864 iram

219 1908 230 1948 1
259 1887 266 1900 ⁸
290 1886 449 1965 referant,
477 1894 515 1949 ut
539 1890 698 1968 perpetua
720 1885 875 1951 laudandi
897 1884 1075 1967 orandique
1097 1907 1196 1968 argu-
1250 1884 1426 1950 adversum
1447 1906 1507 1950 nos
1528 1891 1720 1967 provocant,
1743 1885 1772 1949 si
1793 1905 1812 1949 e
1834 1882 2154 1950 summis-duntaxat
2173 1884 2223 1950 la-

220 1977 332 2036 menta
352 1971 446 2036 nobis
466 1979 699 2055 proponuntur.
732 1970 826 2037 Haec
848 1978 957 2035 autem
979 1970 1196 2059 orandiassi-
1249 1971 1318 2036 bris
1344 1977 1379 2035 et
1405 1977 1538 2054 gutture
1565 1978 1701 2049 excunt;
1729 1968 1860 2063 qaandc
1886 1969 1995 2034 idest
2022 1979 2228 2036 sacrosancto

220 2056 342 2136 duitas,
365 2057 513 2140 proprias
535 2079 573 2122 ac
594 2057 740 2139 privatas
762 2058 916 2139 cuiusque
937 2057 1085 2139 respicit,
1112 2056 1197 2123 nibil
1250 2058 1320 2122 eius
1348 2058 1480 2121 nomine
1507 2056 1612 2134 abuti,
1642 2077 1680 2121 ac
1701 2056 1772 2121 eius
1799 2055 2003 2120 maiestatem
2024 2055 2147 2122 derisui
2168 2057 2228 2121 ba-

220 2141 263 2208 ad
288 2142 435 2224 publicas
463 2142 617 2220 ecclesiae
644 2143 806 2207 orationes
833 2143 989 2225 pertinet,
1025 2163 1108 2224 quae
1135 2164 1197 2207 nec
1249 2142 1336 2220 bere,
1354 2149 1394 2206 ut
1409 2143 1478 2224 ipse
1495 2162 1554 2225 per
1570 2141 1773 2224 Prophetam
1789 2140 2083 2226 affirmat(1es.29.
2107 2142 2228 2207 Matth.

219 2227 370 2293 assiduae
392 2223 462 2295 esse
483 2225 633 2310 possunt,
656 2228 833 2312 necaliter
854 2229 954 2293 etiam
974 2229 1046 2292 fieri
1069 2227 1196 2307 debent,
1253 2227 1317 2313 15).
1369 2223 1531 2310 Populus,
1554 2229 1675 2309 inquit,
1703 2229 1766 2292 iste
1795 2227 2034 2310 appropinquat
2059 2227 2143 2292 mihi
2171 2250 2227 2294 ore

219 2334 319 2396 quam
335 2335 377 2378 ex
394 2313 507 2398 politia
524 2334 607 2396 quac
624 2315 788 2379 communi
805 2315 892 2379 inter
908 2335 1021 2378 omnes
1038 2335 1197 2378 consensu
1251 2335 1310 2378 suo
1332 2321 1365 2378 et
1391 2313 1488 2379 labiis
1520 2315 1588 2379 suis
1619 2334 1672 2377 me
1699 2314 1854 2391 honorat,
1888 2334 1944 2377 eor
1959 2387 1960 2390 Ἴ
1977 2321 2088 2378 autem
2114 2335 2228 2379 eorum

218 2400 417 2465 convenerit
471 2398 550 2464 Ideo
583 2406 617 2464 et
648 2406 755 2464 certae
788 2399 889 2465 horae
916 2398 1132 2465 condicnntur
1160 2421 1198 2464 ac
1249 2400 1347 2482 longe
1378 2407 1428 2464 est
1460 2421 1573 2477 ame;
1607 2407 1653 2463 et:
1695 2400 1891 2463 Timuerrmt
1923 2419 1976 2461 me
2007 2396 2163 2465 mandato
2195 2408 2228 2465 et

218 2486 493 2567 praestituuntur,
517 2493 554 2549 ut
575 2484 662 2568 apud
683 2485 793 2550 Deum
815 2485 1046 2564 indifferentes,
1069 2486 1117 2549 ita
1138 2484 1197 2550 bo-
1251 2485 1398 2551 doctrina
1419 2485 1604 2563 bominum,
1625 2493 1797 2567 propterea
1818 2505 1892 2550 ecce
1912 2484 2031 2549 faciam
2050 2485 2087 2548 in
2107 2485 2227 2568 populo

217 2570 347 2635 minum
367 2571 479 2636 usibus
506 2572 723 2650 necessariae,
752 2579 789 2635 ut
809 2572 956 2636 omnium
977 2569 1197 2635 commoditati
1250 2571 1312 2636 boc
1334 2571 1530 2636 miraculum
1552 2569 1676 2654 grande
1698 2577 1732 2634 et
1753 2569 1967 2653 stupendum
1999 2570 2118 2653 peribit
2137 2571 2227 2635 enim

216 2662 426 2739 prospectum
445 2658 489 2722 sit
509 2664 543 2722 et
561 2657 672 2722 omnia
693 2656 845 2722 decenter
866 2663 900 2721 et
915 2658 1091 2739 composite
1123 2657 1197 2720 iux-
1250 2657 1411 2738 sapientia
1442 2679 1463 2721 a
1488 2656 1690 2738 sapientibus
1718 2677 1846 2734 eorum,
1868 2661 1902 2720 et
1925 2655 2100 2737 prudentia
2119 2657 2227 2721 senio·

217 2749 253 2807 ta
273 2741 371 2807 Pauli
393 2742 604 2827 sententiam)
633 2742 666 2827 (l
688 2741 762 2808 Gor.
784 2741 839 2828 14)
865 2743 901 2807 in
929 2741 1065 2808 ecclesia
1093 2763 1113 2806 a
1250 2764 1325 2807 rum
1354 2750 1534 2808 evanescet
1583 2742 1698 2826 Neque
1725 2747 1838 2807 tamen
1865 2762 1979 2808 vocem
2006 2749 2065 2806 aut
2092 2749 2228 2807 canaam

215 2828 405 2894 nistrentur.
1251 2828 1305 2893 bic
1327 2828 1536 2907 damnamus,
1564 2826 1660 2892 modo
1682 2828 1785 2892 animi
1805 2828 1960 2893 affectum
1981 2834 2160 2910 sequantur
2180 2829 2227 2892 ei-

302 2913 379 2980 Huc
400 2920 434 2978 et
450 2913 521 2978 loca
536 2913 668 2995 publica
686 2913 847 2979 destinata
864 2922 951 2991 sunt,
974 2936 1057 2996 quae
1074 2915 1198 2998 templa
1250 2935 1314 2996 que
1336 2915 1489 2979 serviant.
1535 2911 1592 2979 Sic
1614 2915 1703 2978 enim
1723 2920 1869 2978 mentem
1889 2915 1926 2977 in
1946 2913 2011 2978 Dei
2032 2914 2229 2997 cogitatione

189 3016 192 3023 ¹
218 2996 370 3064 dicimus:
392 3021 460 3063 non
481 3019 564 3081 quae
587 3008 712 3064 secreta
729 3000 838 3083 aliqua
856 3021 916 3065 sua
932 3001 1106 3066 sanctitate
1123 3023 1196 3066 ora-
1250 3007 1406 3065 exercent
1425 3007 1459 3065 et
1478 3001 1641 3065 intentam
1662 3001 1819 3076 retinent,
1841 3020 1939 3081 quae,
1962 3006 2000 3063 ut
2020 2997 2147 3066 lubrica
2166 3007 2227 3078 est,

108 3108 110 3113 ·
216 3085 338 3150 tiones·
354 3086 461 3168 magis
494 3085 713 3163 sanctificent,
747 3086 801 3151 vel
827 3084 976 3150 exaudiri
1004 3107 1024 3149 a
1050 3086 1123 3151 Deo
1148 3087 1197 3150 fa·
1250 3086 1344 3151 facile
1366 3087 1545 3150 remittitur
1567 3093 1600 3150 et
1622 3086 1658 3150 in
1680 3086 1772 3152 varia
1793 3083 1995 3150 distrahitur.
2039 3085 2227 3164 Praeterea,

219 3170 317 3248 ciant,
341 3169 398 3234 sed
416 3191 499 3252 quae
520 3168 667 3234 fidebam
689 3173 975 3255 congregationem
997 3172 1197 3237 commodius
1251 3194 1327 3237 cum
1347 3173 1413 3237 Dei
1434 3171 1539 3256 gloria
1566 3173 1603 3235 in
1625 3171 1763 3256 singulis
1785 3171 1928 3253 eorporis
1948 3172 2052 3236 nostri
2079 3171 2228 3253 partibus

219 3255 394 3337 accipiant,
425 3254 505 3319 dum
534 3254 575 3319 ad
603 3255 781 3335 orandum,
811 3256 854 3321 ad
881 3255 1079 3322 audiendam
1104 3259 1197 3323 verbi
1250 3258 1378 3323 elucere
1411 3256 1647 3340 quodammodo
1679 3256 1810 3333 debeat,
1849 3257 2001 3321 convenit
2034 3258 2229 3339 pracsertim

216 3340 506 3424 praedicationem,
546 3339 589 3405 ad
621 3348 826 3407 sacramenta
860 3342 1067 3424 suscipienda
1099 3344 1197 3408 simul
1249 3344 1399 3427 lingnam
1425 3343 1502 3408 huic
1523 3343 1704 3407 ministerio
1719 3340 1889 3407 addictam
1910 3363 1980 3406 esse
2005 3364 2043 3407 ac
2065 3341 2226 3421 devotam,

218 3427 427 3492 conveniunt.
482 3427 628 3509 Alioqui,
662 3433 701 3490 ut
733 3428 778 3492 ait
803 3428 929 3492 Paulus
960 3427 992 3513 (l
1013 3426 1088 3493 (lor.
1114 3433 1143 3494 3.
1166 3435 1194 3493 6.
1249 3436 1322 3493 tum
1346 3427 1509 3507 canendo,
1537 3435 1609 3492 tum
1634 3426 1807 3511 loquendo:
1841 3448 1924 3508 quae
1951 3428 2158 3509 peculiariter
2184 3427 2228 3493 ad

89 3533 95 3545 ·
218 3511 330 3577 ἳῦοι.
352 3511 401 3597 6),
430 3533 491 3578 nos
517 3514 579 3596 ipsi
605 3533 719 3578 sumus
742 3535 820 3578 vera
840 3513 905 3578 Dei
931 3514 1068 3596 templa,
1090 3516 1147 3597 qui
1169 3517 1195 3580 si
1249 3514 1469 3579 enarrandam
1501 3512 1817 3596 praedicandamque
1840 3513 1906 3577 Dei
1937 3512 2069 3578 laudem
2096 3513 2228 3579 condita

216 3618 311 3663 orare
333 3600 369 3662 in
384 3599 451 3664 Dei
471 3598 593 3682 templo
611 3597 772 3678 volumus,
795 3594 830 3662 in
849 3599 942 3664 nobis
959 3601 1038 3681 ipsis
1056 3622 1194 3666 oremus.
1249 3607 1307 3665 cst,
1351 3600 1546 3665 Potissimus
1572 3620 1650 3664 vero
1676 3599 1809 3682 linguae
1831 3620 1911 3663 usus
1933 3605 1983 3664 est
2009 3600 2045 3662 in
2072 3600 2228 3666 orationi·

218 3680 285 3762 Qui
306 3705 384 3748 vero
406 3706 520 3761 aurem
542 3684 607 3749 Dei
633 3685 767 3767 propius
794 3686 856 3750 sibi
884 3686 920 3749 in
941 3686 1062 3768 templo
1085 3685 1195 3752 admo-
1248 3685 1310 3751 bus
1336 3685 1488 3768 publicis,
1518 3706 1601 3768 qnae
1628 3685 1664 3749 in
1691 3685 1838 3750 fidebam
1866 3693 2030 3751 conventu
2061 3685 2229 3750 habentur

217 3775 286 3832 tam
310 3771 501 3850 opinantur,
529 3777 587 3834 aut
608 3771 817 3837 sacratiorem
844 3772 907 3837 loci
928 3773 1100 3837 sanctitate
1122 3794 1195 3838 ora·
1251 3769 1291 3858 [p.
1308 3768 1382 3857 172]
1402 3772 1520 3853 quibus
1541 3770 1603 3836 hoc
1625 3771 1743 3854 agitur,
1765 3777 1803 3835 ut
1819 3770 1939 3848 Deum,
1960 3791 2058 3852 quem
2075 3790 2142 3836 nnc
2160 3771 2235 3853 spi·.

217 3853 341 3918 tionem
369 3854 507 3936 ducunt,
541 3857 603 3922 hoc
635 3878 695 3940 pro
724 3856 923 3922 Iudaeorum
958 3864 1017 3923 aut
1044 3859 1195 3942 gentium
1249 3858 1314 3920 ritu
1343 3857 1520 3940 eademque
1545 3855 1609 3921 fide
1637 3856 1773 3922 colimus
1794 3856 1974 3935 communi,
2003 3877 2072 3921 una
2092 3877 2172 3923 voce
2193 3863 2229 3921 et

217 3940 363 4005 crassitie
385 3941 518 4020 iaciunt,
544 3943 719 4007 carnaliter
740 3942 851 4008 Deum
872 3942 1055 4022 adorantes,
1080 3950 1194 4010 contra
1247 3943 1351 4008 veluti
1372 3942 1486 4008 eodem
1507 3963 1622 4008 omues
1643 3963 1699 4007 ore
1721 3942 1846 4024 pariter
1866 3940 2097 4025 glorificemus,
2126 3941 2224 4024 idque

216 4044 316 4106 quam
337 4033 548 4110 praeceptum
572 4025 612 4112 [p.
634 4025 708 4114 170]
728 4037 787 4107 est,
809 4037 848 4093 ut
864 4029 936 4094 sine
957 4029 1027 4094 ulla
1042 4030 1105 4095 loci
1128 4029 1192 4096 dis-
1247 4029 1366 4110 palam,
1389 4035 1427 4093 ut
1443 4049 1557 4094 omnes
1574 4028 1727 4107 vicissim,
1746 4049 1768 4093 a
1784 4049 1842 4093 suo
1859 4027 1996 4110 quisque
2012 4027 2122 4107 fratre}
2145 4049 2224 4093 con-

216 4112 375 4190 cretione,
403 4112 440 4174 in
468 4112 585 4194 spiritu
612 4120 646 4178 et
666 4115 804 4180 veritate
825 4112 998 4179 adoremus
1020 4114 1126 4199 (Ioan.
1145 4115 1191 4200 4).
1247 4114 1423 4179 sessionem
1446 4113 1524 4180 fidei
1549 4114 1712 4196 accipiant
1739 4112 1781 4178 ad
1808 4113 1901 4180 cuius
1927 4112 2116 4196 exemplum
2137 4114 2224 4179 invi-

303 4193 445 4277 Quando
473 4218 550 4261 vcro
578 4197 667 4263 hunc
696 4220 766 4263 esse
789 4201 944 4264 orationis
966 4222 1099 4282 scopum
1127 4202 1194 4265 iam
1245 4206 1365 4264 tentur.

214 4283 306 4364 prius
329 4281 453 4348 dictum
475 4290 532 4360 est,
555 4290 593 4347 ut
614 4286 714 4348 erecti
735 4285 771 4347 in
787 4284 898 4349 Deum
916 4286 1017 4350 animi
1033 4287 1191 4364 ferantur,
1332 4284 1407 4366 Quo
1429 4286 1528 4351 etiam
1548 4285 1648 4368 plane
1664 4291 1802 4364 constat,
1824 4306 1892 4349 non
1914 4306 2030 4369 graece
2046 4285 2136 4348 inter
2154 4284 2226 4349 Ira·

214 4375 287 4433 tum
316 4367 358 4433 ad
384 4368 619 4434 confessionem
645 4369 766 4447 laudis,
794 4377 866 4433 tum
894 4370 936 4434 ad
957 4392 1052 4453 opem
1076 4370 1192 4453 implo-
1246 4372 1342 4450 tinas,
1365 4393 1426 4437 nec
1447 4371 1549 4437 latino
1571 4373 1659 4436 inter
1681 4371 1796 4437 Gallos
1817 4378 1876 4435 aut
1891 4370 2029 4455 Anglos,
2051 4376 2090 4434 ut
2110 4369 2224 4436 baete-

214 4453 368 4533 randam,
386 4475 440 4519 ex
461 4476 499 4519 eo
521 4453 704 4538 intelligere
729 4455 820 4532 licet,
847 4456 970 4536 primas
992 4457 1063 4521 eius
1083 4463 1193 4538 partes
1246 4479 1310 4522 nus
1342 4458 1466 4540 passim
1496 4456 1681 4524 faetitatum
1708 4464 1771 4534 est,
1805 4456 1863 4521 scd
1890 4456 2040 4542 populari
2072 4476 2224 4522 somene

124 4550 131 4568 “
214 4539 250 4603 in
271 4546 382 4617 mente
404 4547 438 4605 et
459 4540 568 4604 animo
593 4541 715 4623 positas
737 4561 816 4605 esse.
861 4540 926 4605 Vel
946 4542 1054 4624 potius
1073 4543 1192 4606 oratic-
1245 4542 1474 4625 concipiendas
1505 4565 1577 4609 esse
1602 4543 1749 4626 publicas
1778 4543 1954 4621 orationes,
1986 4544 2043 4625 qui
2069 4541 2169 4625 vulgo
2203 4563 2224 4607 a

214 4645 308 4712 nam,
318 4627 438 4709 ipsam,
468 4647 538 4692 esse
560 4626 689 4708 proprie
715 4626 878 4691 interioris
900 4627 1006 4692 cordis
1028 4627 1190 4708 affectum,
1245 4635 1312 4693 teto
1340 4636 1434 4695 coetu
1459 4628 1600 4713 intelligi
1625 4629 1740 4712 possit3
1770 4627 2032 4711 quandoquidem
2058 4627 2095 4691 in
2120 4627 2224 4694 totius

214 4711 272 4791 qui
293 4711 380 4793 apud
397 4712 518 4792 Deum,
541 4710 689 4778 cordium
710 4717 933 4791 scrutatorem,
956 4712 1192 4779 effundituret
1245 4714 1399 4780 eeclesiae
1426 4714 1684 4782 aedificationem
1708 4714 1971 4793 fierieonvenit,
1994 4713 2158 4796 adquam
2180 4734 2224 4779 ex

214 4797 396 4878 exponitur.
453 4795 676 4879 Quamobrem
704 4797 858 4864 Christus
890 4798 1041 4864 dominns
1069 4805 1189 4879 noster,
1245 4821 1325 4864 sono
1357 4823 1425 4867 non
1463 4801 1628 4866 intellecto
1660 4799 1772 4864 nullus
1803 4800 1935 4882 penitus
1966 4800 2092 4864 fructtrs
2125 4798 2221 4864 redit

213 4901 289 4946 curn
316 4883 472 4965 optimam
499 4883 615 4949 orandi
642 4882 749 4968 legem
776 4884 861 4948 terre
881 4883 994 4965 vellet,
1022 4885 1118 4950 iussit
1138 4886 1190 4949 in·
1245 4885 1346 4968 Apud
1366 4907 1447 4970 quos
1467 4908 1546 4952 vero
1572 4885 1666 4950 nulla
1686 4890 1737 4950 est
1758 4885 1902 4950 caritatis
1929 4886 2027 4964 ratio,
2057 4885 2081 4948 ii
2103 4885 2223 4950 saltem

212 4971 301 5034 trare
327 4968 364 5032 in
388 4969 588 5049 cubiculum,
616 4969 725 5052 ibique
751 4970 832 5035 ostio
858 4969 984 5050 clauso,
1007 4991 1102 5037 orare
1131 4992 1189 5054 pa·
1242 4970 1341 5036 Pauli
1362 4973 1535 5038 autoritate
1559 4971 1685 5037 moveri
1712 4970 1887 5055 debebant,
1920 4971 2014 5036 cuius
2034 4973 2137 5037 verba
2157 4971 2221 5035 mi-

213 5056 298 5117 trem
324 5060 474 5119 nostrum
500 5056 536 5118 in
564 5054 767 5134 abscondito,
799 5062 838 5120 ut
887 5062 957 5120 ater
979 5063 1104 5134 noster,
1132 5058 1189 5140 qui
1242 5057 1331 5122 nime
1353 5059 1508 5141 ambigua
1528 5064 1607 5122 sunt
1627 5055 1661 5141 (l
1682 5055 1756 5122 Gor.
1778 5055 1845 5140 14):
1875 5057 1904 5121 si
1924 5054 2144 5136 benedixeris,
2167 5057 2221 5121 in-

212 5139 325 5201 estin
352 5139 554 5219 abscondito,
581 5163 641 5206 nos
668 5140 824 5207 exaudiat
851 5076 986 5225 (biatu
1006 5139 1050 5227 6).
1100 5141 1189 5208 Nam
1241 5144 1326 5225 quit,
1350 5143 1480 5227 spiritu,
1501 5145 1531 5209 is
1552 5144 1608 5225 qui
1631 5142 1747 5225 implet
1764 5142 1874 5207 locum
1893 5141 2026 5221 idiotae,
2059 5142 2221 5225 quomodo

212 5222 268 5287 ubi
296 5224 337 5288 ab
369 5224 615 5310 hypocritarum
644 5227 792 5310 exemplo
823 5226 998 5307 abstraxit,
1034 5228 1090 5310 qui
1117 5248 1189 5293 am-
1241 5228 1284 5294 ad
1309 5237 1402 5296 tuam
1427 5228 1687 5294 benedictionem
1708 5227 1794 5295 dicet
1821 5249 1932 5308 amen,
1955 5227 2221 5312 quandoquidem
