<?xml version="1.0" encoding="UTF-8"?>
<!DOCTYPE html PUBLIC "-//W3C//DTD XHTML 1.0 Transitional//EN"
    "http://www.w3.org/TR/xhtml1/DTD/xhtml1-transitional.dtd">
<html xmlns="http://www.w3.org/1999/xhtml" xml:lang="en" lang="en">
 <head>
  <title>
</title>
<meta http-equiv="Content-Type" content="text/html;charset=utf-8" />
  <meta name='ocr-system' content='tesseract 3.04.00' />
  <meta name='ocr-capabilities' content='ocr_page ocr_carea ocr_par ocr_line ocrx_word'/>
</head>
<body>
  <div class='ocr_page' id='page_1' title='image "./ioanniscalvinio05calvgoog/ioanniscalvinio05calvgoog_0441.png"; bbox 0 0 4732 6030; ppageno 0'>
   <div class='ocr_carea' id='block_1_1' title="bbox 199 329 2200 406">
    <p class='ocr_par' dir='ltr' id='par_1_1' title="bbox 199 329 2200 406">
     <span class='ocr_line' id='line_1_1' title="bbox 199 329 2200 406; baseline -0.003 -1"><span class='ocrx_word' id='word_1_1' title='bbox 199 344 261 406; x_wconf 78' lang='lat'><strong>743</strong></span> <span class='ocrx_word' id='word_1_2' title='bbox 767 332 1033 402; x_wconf 71' lang='grc' dir='ltr'>ΙΝΒΤΙΊἮΤΙΟ</span> <span class='ocrx_word' id='word_1_3' title='bbox 1056 335 1160 399; x_wconf 84' lang='lat' dir='ltr'><strong>REL.</strong></span> <span class='ocrx_word' id='word_1_4' title='bbox 1184 331 1364 401; x_wconf 70' lang='lat' dir='ltr'><strong>CHRIST.</strong></span> <span class='ocrx_word' id='word_1_5' title='bbox 1391 337 1621 399; x_wconf 81' lang='lat'><strong>1539-1554.</strong></span> <span class='ocrx_word' id='word_1_6' title='bbox 1734 329 1737 335; x_wconf 66' lang='grc'><em>’</em></span> <span class='ocrx_word' id='word_1_7' title='bbox 2136 338 2200 399; x_wconf 79' lang='grc'><strong>744</strong></span> 
     </span>
    </p>
   </div>
   <div class='ocr_carea' id='block_1_2' title="bbox 203 434 2202 779">
    <p class='ocr_par' dir='ltr' id='par_1_2' title="bbox 203 434 2202 779">
     <span class='ocr_line' id='line_1_2' title="bbox 203 434 2202 613; baseline -0.004 -17"><span class='ocrx_word' id='word_1_8' title='bbox 203 532 281 613; x_wconf 89' lang='lat' dir='ltr'><strong>quia</strong></span> <span class='ocrx_word' id='word_1_9' title='bbox 301 531 480 611; x_wconf 77' lang='lat' dir='ltr'><strong>imputatur</strong></span> <span class='ocrx_word' id='word_1_10' title='bbox 501 525 583 591; x_wconf 86' lang='lat' dir='ltr'><strong>fides</strong></span> <span class='ocrx_word' id='word_1_11' title='bbox 603 524 822 602; x_wconf 89' lang='lat' dir='ltr'><strong>iniustitiam,</strong></span> <span class='ocrx_word' id='word_1_12' title='bbox 846 546 924 609; x_wconf 85' lang='lat' dir='ltr'><strong>ergo</strong></span> <span class='ocrx_word' id='word_1_13' title='bbox 945 545 1011 590; x_wconf 92' lang='lat' dir='ltr'><strong>non</strong></span> <span class='ocrx_word' id='word_1_14' title='bbox 1029 530 1079 588; x_wconf 90' lang='lat' dir='ltr'><strong>est</strong></span> <span class='ocrx_word' id='word_1_15' title='bbox 1100 545 1175 607; x_wconf 89' lang='lat' dir='ltr'><strong>epe-</strong></span> <span class='ocrx_word' id='word_1_16' title='bbox 1318 527 1365 587; x_wconf 83' lang='lat'><strong>12.</strong></span> <span class='ocrx_word' id='word_1_17' title='bbox 1416 523 1513 587; x_wconf 91' lang='lat' dir='ltr'><strong>Nune</strong></span> <span class='ocrx_word' id='word_1_18' title='bbox 1540 522 1622 587; x_wconf 91' lang='lat' dir='ltr'><strong>illud</strong></span> <span class='ocrx_word' id='word_1_19' title='bbox 1650 545 1748 607; x_wconf 92' lang='lat' dir='ltr'><strong>quam</strong></span> <span class='ocrx_word' id='word_1_20' title='bbox 1776 434 2202 604; x_wconf 59' lang='lat' dir='ltr'><strong>veid1d9bitsselrbhbidriibg,</strong></span> 
     </span>
     <span class='ocr_line' id='line_1_3' title="bbox 203 608 2202 692; baseline -0.004 -10"><span class='ocrx_word' id='word_1_21' title='bbox 203 619 250 682; x_wconf 87' lang='lat' dir='ltr'><strong>ris</strong></span> <span class='ocrx_word' id='word_1_22' title='bbox 277 635 400 679; x_wconf 91' lang='lat' dir='ltr'><strong>merces</strong></span> <span class='ocrx_word' id='word_1_23' title='bbox 425 612 565 689; x_wconf 86' lang='lat' dir='ltr'><strong>iustitia,</strong></span> <span class='ocrx_word' id='word_1_24' title='bbox 596 609 652 675; x_wconf 87' lang='lat' dir='ltr'><strong>scd</strong></span> <span class='ocrx_word' id='word_1_25' title='bbox 679 608 826 675; x_wconf 89' lang='lat' dir='ltr'><strong>indebita</strong></span> <span class='ocrx_word' id='word_1_26' title='bbox 854 609 1007 689; x_wconf 91' lang='lat' dir='ltr'><strong>donatur;</strong></span> <span class='ocrx_word' id='word_1_27' title='bbox 1037 610 1113 692; x_wconf 92' lang='lat' dir='ltr'><strong>quia</strong></span> <span class='ocrx_word' id='word_1_28' title='bbox 1135 631 1177 674; x_wconf 85' lang='lat' dir='ltr'><strong>ex</strong></span> <span class='ocrx_word' id='word_1_29' title='bbox 1228 609 1313 692; x_wconf 92' lang='lat' dir='ltr'><strong>quod</strong></span> <span class='ocrx_word' id='word_1_30' title='bbox 1334 611 1369 672; x_wconf 90' lang='lat' dir='ltr'><strong>in</strong></span> <span class='ocrx_word' id='word_1_31' title='bbox 1390 609 1538 672; x_wconf 89' lang='lat' dir='ltr'><strong>finitione</strong></span> <span class='ocrx_word' id='word_1_32' title='bbox 1559 608 1683 674; x_wconf 88' lang='lat' dir='ltr'><strong>dietum</strong></span> <span class='ocrx_word' id='word_1_33' title='bbox 1704 618 1766 674; x_wconf 91' lang='lat' dir='ltr'><strong>est:</strong></span> <span class='ocrx_word' id='word_1_34' title='bbox 1789 610 1947 674; x_wconf 88' lang='lat' dir='ltr'><strong>iustitiam</strong></span> <span class='ocrx_word' id='word_1_35' title='bbox 1964 609 2041 673; x_wconf 90' lang='lat' dir='ltr'><strong>fidei</strong></span> <span class='ocrx_word' id='word_1_36' title='bbox 2059 630 2128 673; x_wconf 88' lang='lat' dir='ltr'><strong>esse</strong></span> <span class='ocrx_word' id='word_1_37' title='bbox 2150 631 2202 675; x_wconf 88' lang='lat' dir='ltr'><strong>re-</strong></span> 
     </span>
     <span class='ocr_line' id='line_1_4' title="bbox 203 694 2201 779; baseline -0.004 -12"><span class='ocrx_word' id='word_1_38' title='bbox 203 701 267 767; x_wconf 88' lang='lat' dir='ltr'><strong>fide</strong></span> <span class='ocrx_word' id='word_1_39' title='bbox 286 700 511 776; x_wconf 90' lang='lat' dir='ltr'><strong>iustificamur,</strong></span> <span class='ocrx_word' id='word_1_40' title='bbox 536 697 678 762; x_wconf 88' lang='lat' dir='ltr'><strong>abscissa</strong></span> <span class='ocrx_word' id='word_1_41' title='bbox 695 702 745 761; x_wconf 90' lang='lat' dir='ltr'><strong>est</strong></span> <span class='ocrx_word' id='word_1_42' title='bbox 762 695 927 779; x_wconf 83' lang='lat' dir='ltr'><strong>gloriati03</strong></span> <span class='ocrx_word' id='word_1_43' title='bbox 951 698 978 760; x_wconf 91' lang='lat' dir='ltr'><strong>si</strong></span> <span class='ocrx_word' id='word_1_44' title='bbox 999 696 1075 760; x_wconf 88' lang='lat' dir='ltr'><strong>data</strong></span> <span class='ocrx_word' id='word_1_45' title='bbox 1092 702 1177 760; x_wconf 87' lang='lat' dir='ltr'><strong>esset</strong></span> <span class='ocrx_word' id='word_1_46' title='bbox 1229 695 1488 761; x_wconf 87' lang='lat' dir='ltr'><strong>conciliationem</strong></span> <span class='ocrx_word' id='word_1_47' title='bbox 1510 716 1584 759; x_wconf 89' lang='lat' dir='ltr'><strong>eum</strong></span> <span class='ocrx_word' id='word_1_48' title='bbox 1605 696 1692 773; x_wconf 92' lang='lat' dir='ltr'><strong>Deo,</strong></span> <span class='ocrx_word' id='word_1_49' title='bbox 1720 717 1802 778; x_wconf 91' lang='lat' dir='ltr'><strong>quae</strong></span> <span class='ocrx_word' id='word_1_50' title='bbox 1824 694 1894 759; x_wconf 91' lang='lat' dir='ltr'><strong>sola</strong></span> <span class='ocrx_word' id='word_1_51' title='bbox 1921 702 2129 777; x_wconf 86' lang='lat' dir='ltr'><strong>pcccatorum</strong></span> <span class='ocrx_word' id='word_1_52' title='bbox 2150 717 2201 761; x_wconf 90' lang='lat' dir='ltr'><strong>re·</strong></span> 
     </span>
    </p>
   </div>
   <div class='ocr_carea' id='block_1_3' title="bbox 83 778 2201 867">
    <p class='ocr_par' dir='ltr' id='par_1_3' title="bbox 83 778 2201 867">
     <span class='ocr_line' id='line_1_5' title="bbox 83 778 2201 867; baseline -0.002 -17"><span class='ocrx_word' id='word_1_53' title='bbox 83 795 86 799; x_wconf 77' lang='grc'>’</span> <span class='ocrx_word' id='word_1_54' title='bbox 203 786 258 852; x_wconf 84' lang='lat' dir='ltr'><strong>lex</strong></span> <span class='ocrx_word' id='word_1_55' title='bbox 280 806 362 867; x_wconf 90' lang='lat' dir='ltr'><strong>quae</strong></span> <span class='ocrx_word' id='word_1_56' title='bbox 384 790 493 866; x_wconf 89' lang='lat' dir='ltr'><strong>posset</strong></span> <span class='ocrx_word' id='word_1_57' title='bbox 514 784 693 860; x_wconf 88' lang='lat' dir='ltr'><strong>vivificare,</strong></span> <span class='ocrx_word' id='word_1_58' title='bbox 719 803 796 847; x_wconf 89' lang='lat' dir='ltr'><strong>vere</strong></span> <span class='ocrx_word' id='word_1_59' title='bbox 818 788 904 846; x_wconf 91' lang='lat' dir='ltr'><strong>essct</strong></span> <span class='ocrx_word' id='word_1_60' title='bbox 925 802 967 845; x_wconf 86' lang='lat' dir='ltr'><strong>ex</strong></span> <span class='ocrx_word' id='word_1_61' title='bbox 988 781 1060 866; x_wconf 90' lang='lat' dir='ltr'><strong>lege</strong></span> <span class='ocrx_word' id='word_1_62' title='bbox 1081 783 1175 846; x_wconf 89' lang='lat' dir='ltr'><strong>iusti·</strong></span> <span class='ocrx_word' id='word_1_63' title='bbox 1228 781 1381 846; x_wconf 78' lang='lat' dir='ltr'><strong>missione</strong></span> <span class='ocrx_word' id='word_1_64' title='bbox 1403 787 1537 846; x_wconf 89' lang='lat' dir='ltr'><strong>constet.</strong></span> <span class='ocrx_word' id='word_1_65' title='bbox 1583 778 1722 863; x_wconf 84' lang='lat' dir='ltr'><strong>Semper</strong></span> <span class='ocrx_word' id='word_1_66' title='bbox 1743 781 1784 845; x_wconf 89' lang='lat' dir='ltr'><strong>ad</strong></span> <span class='ocrx_word' id='word_1_67' title='bbox 1805 779 1887 844; x_wconf 94' lang='lat' dir='ltr'><strong>illud</strong></span> <span class='ocrx_word' id='word_1_68' title='bbox 1909 783 2039 846; x_wconf 76' lang='lat' dir='ltr'><strong>axioma</strong></span> <span class='ocrx_word' id='word_1_69' title='bbox 2062 782 2201 847; x_wconf 91' lang='lat' dir='ltr'><strong>redeun-</strong></span> 
     </span>
    </p>
   </div>
   <div class='ocr_carea' id='block_1_4' title="bbox 103 866 2204 5330">
    <p class='ocr_par' dir='ltr' id='par_1_4' title="bbox 103 866 2204 5330">
     <span class='ocr_line' id='line_1_6' title="bbox 202 866 2202 951; baseline -0.002 -15"><span class='ocrx_word' id='word_1_70' title='bbox 202 873 263 951; x_wconf 86' lang='lat' dir='ltr'><strong>tia;</strong></span> <span class='ocrx_word' id='word_1_71' title='bbox 286 869 343 935; x_wconf 91' lang='lat' dir='ltr'><strong>sed</strong></span> <span class='ocrx_word' id='word_1_72' title='bbox 364 869 457 934; x_wconf 92' lang='lat' dir='ltr'><strong>Deus</strong></span> <span class='ocrx_word' id='word_1_73' title='bbox 479 869 637 933; x_wconf 80' lang='lat' dir='ltr'><strong>conclusit</strong></span> <span class='ocrx_word' id='word_1_74' title='bbox 658 868 769 931; x_wconf 90' lang='lat' dir='ltr'><strong>omnia</strong></span> <span class='ocrx_word' id='word_1_75' title='bbox 790 866 850 932; x_wconf 91' lang='lat' dir='ltr'><strong>sub</strong></span> <span class='ocrx_word' id='word_1_76' title='bbox 872 873 1018 948; x_wconf 82' lang='lat' dir='ltr'><strong>peceato,</strong></span> <span class='ocrx_word' id='word_1_77' title='bbox 1041 875 1079 931; x_wconf 91' lang='lat' dir='ltr'><strong>ut</strong></span> <span class='ocrx_word' id='word_1_78' title='bbox 1103 889 1176 949; x_wconf 92' lang='lat' dir='ltr'><strong>pro·</strong></span> <span class='ocrx_word' id='word_1_79' title='bbox 1229 866 1307 931; x_wconf 92' lang='lat' dir='ltr'><strong>dum</strong></span> <span class='ocrx_word' id='word_1_80' title='bbox 1336 874 1399 946; x_wconf 86' lang='lat' dir='ltr'><strong>est3</strong></span> <span class='ocrx_word' id='word_1_81' title='bbox 1427 866 1589 930; x_wconf 89' lang='lat' dir='ltr'><strong>universis</strong></span> <span class='ocrx_word' id='word_1_82' title='bbox 1616 868 1700 931; x_wconf 88' lang='lat' dir='ltr'><strong>iram</strong></span> <span class='ocrx_word' id='word_1_83' title='bbox 1721 868 1785 932; x_wconf 93' lang='lat' dir='ltr'><strong>Dei</strong></span> <span class='ocrx_word' id='word_1_84' title='bbox 1812 868 2015 946; x_wconf 87' lang='lat' dir='ltr'><strong>incumbere,</strong></span> <span class='ocrx_word' id='word_1_85' title='bbox 2046 868 2202 949; x_wconf 78' lang='lat' dir='ltr'><strong>quamdiu</strong></span> 
     </span>
     <span class='ocr_line' id='line_1_7' title="bbox 202 952 2201 1036; baseline -0.003 -14"><span class='ocrx_word' id='word_1_86' title='bbox 202 957 315 1022; x_wconf 90' lang='lat' dir='ltr'><strong>missio</strong></span> <span class='ocrx_word' id='word_1_87' title='bbox 342 956 475 1020; x_wconf 89' lang='lat' dir='ltr'><strong>daretur</strong></span> <span class='ocrx_word' id='word_1_88' title='bbox 503 952 717 1018; x_wconf 76' lang='lat' dir='ltr'><strong>erodentibus.</strong></span> <span class='ocrx_word' id='word_1_89' title='bbox 761 953 950 1036; x_wconf 93' lang='lat' dir='ltr'><strong>Nugentur,</strong></span> <span class='ocrx_word' id='word_1_90' title='bbox 974 954 1003 1017; x_wconf 90' lang='lat' dir='ltr'><strong>si</strong></span> <span class='ocrx_word' id='word_1_91' title='bbox 1026 952 1175 1030; x_wconf 89' lang='lat' dir='ltr'><strong>audeant,</strong></span> <span class='ocrx_word' id='word_1_92' title='bbox 1228 959 1411 1035; x_wconf 89' lang='lat' dir='ltr'><strong>peccatores</strong></span> <span class='ocrx_word' id='word_1_93' title='bbox 1438 974 1508 1019; x_wconf 85' lang='lat' dir='ltr'><strong>esse</strong></span> <span class='ocrx_word' id='word_1_94' title='bbox 1536 960 1754 1034; x_wconf 88' lang='lat' dir='ltr'><strong>perseverant.</strong></span> <span class='ocrx_word' id='word_1_95' title='bbox 1810 952 1850 1017; x_wconf 94' lang='lat' dir='ltr'><strong>Id</strong></span> <span class='ocrx_word' id='word_1_96' title='bbox 1878 953 2045 1036; x_wconf 81' lang='lat' dir='ltr'><strong>eleganter</strong></span> <span class='ocrx_word' id='word_1_97' title='bbox 2075 955 2201 1036; x_wconf 86' lang='lat' dir='ltr'><strong>signifi·</strong></span> 
     </span>
     <span class='ocr_line' id='line_1_8' title="bbox 201 1037 2201 1121; baseline -0.002 -14"><span class='ocrx_word' id='word_1_98' title='bbox 201 1043 238 1107; x_wconf 91' lang='lat' dir='ltr'><strong>in</strong></span> <span class='ocrx_word' id='word_1_99' title='bbox 259 1041 479 1108; x_wconf 88' lang='lat' dir='ltr'><strong>caeremonias</strong></span> <span class='ocrx_word' id='word_1_100' title='bbox 501 1042 565 1104; x_wconf 88' lang='lat' dir='ltr'><strong>ista</strong></span> <span class='ocrx_word' id='word_1_101' title='bbox 586 1045 777 1121; x_wconf 74' lang='lat' dir='ltr'><strong>competere,</strong></span> <span class='ocrx_word' id='word_1_102' title='bbox 798 1060 865 1103; x_wconf 92' lang='lat' dir='ltr'><strong>non</strong></span> <span class='ocrx_word' id='word_1_103' title='bbox 886 1039 922 1103; x_wconf 93' lang='lat' dir='ltr'><strong>in</strong></span> <span class='ocrx_word' id='word_1_104' title='bbox 943 1059 1064 1116; x_wconf 89' lang='lat' dir='ltr'><strong>meres;</strong></span> <span class='ocrx_word' id='word_1_105' title='bbox 1086 1039 1177 1121; x_wconf 89' lang='lat' dir='ltr'><strong>atqui</strong></span> <span class='ocrx_word' id='word_1_106' title='bbox 1229 1039 1316 1104; x_wconf 89' lang='lat' dir='ltr'><strong>eavit</strong></span> <span class='ocrx_word' id='word_1_107' title='bbox 1336 1038 1459 1102; x_wconf 87' lang='lat' dir='ltr'><strong>Iesaias</strong></span> <span class='ocrx_word' id='word_1_108' title='bbox 1487 1037 1539 1102; x_wconf 90' lang='lat' dir='ltr'><strong>his</strong></span> <span class='ocrx_word' id='word_1_109' title='bbox 1560 1039 1683 1103; x_wconf 89' lang='lat' dir='ltr'><strong>verbis:</strong></span> <span class='ocrx_word' id='word_1_110' title='bbox 1711 1061 1778 1103; x_wconf 93' lang='lat' dir='ltr'><strong>nen</strong></span> <span class='ocrx_word' id='word_1_111' title='bbox 1800 1046 1850 1103; x_wconf 90' lang='lat' dir='ltr'><strong>est</strong></span> <span class='ocrx_word' id='word_1_112' title='bbox 1874 1039 2063 1103; x_wconf 90' lang='lat' dir='ltr'><strong>abbreviata</strong></span> <span class='ocrx_word' id='word_1_113' title='bbox 2084 1061 2201 1104; x_wconf 89' lang='lat' dir='ltr'><strong>manus</strong></span> 
     </span>
     <span class='ocr_line' id='line_1_9' title="bbox 200 1123 2201 1212; baseline -0.001 -19"><span class='ocrx_word' id='word_1_114' title='bbox 200 1129 294 1212; x_wconf 90' lang='lat' dir='ltr'><strong>pueri</strong></span> <span class='ocrx_word' id='word_1_115' title='bbox 314 1147 440 1210; x_wconf 91' lang='lat' dir='ltr'><strong>quoque</strong></span> <span class='ocrx_word' id='word_1_116' title='bbox 462 1126 524 1207; x_wconf 92' lang='lat' dir='ltr'><strong>ipsi</strong></span> <span class='ocrx_word' id='word_1_117' title='bbox 547 1123 760 1207; x_wconf 85' lang='lat' dir='ltr'><strong>exploderent</strong></span> <span class='ocrx_word' id='word_1_118' title='bbox 784 1129 911 1188; x_wconf 89' lang='lat' dir='ltr'><strong>tantam</strong></span> <span class='ocrx_word' id='word_1_119' title='bbox 932 1124 1175 1207; x_wconf 89' lang='lat' dir='ltr'><strong>impudentiam.</strong></span> <span class='ocrx_word' id='word_1_120' title='bbox 1228 1125 1372 1201; x_wconf 88' lang='lat' dir='ltr'><strong>Domini,</strong></span> <span class='ocrx_word' id='word_1_121' title='bbox 1395 1130 1433 1188; x_wconf 92' lang='lat' dir='ltr'><strong>ut</strong></span> <span class='ocrx_word' id='word_1_122' title='bbox 1454 1144 1585 1188; x_wconf 89' lang='lat' dir='ltr'><strong>servare</strong></span> <span class='ocrx_word' id='word_1_123' title='bbox 1607 1132 1763 1206; x_wconf 88' lang='lat' dir='ltr'><strong>nequeat,</strong></span> <span class='ocrx_word' id='word_1_124' title='bbox 1786 1145 1891 1207; x_wconf 91' lang='lat' dir='ltr'><strong>neque</strong></span> <span class='ocrx_word' id='word_1_125' title='bbox 1912 1132 2092 1208; x_wconf 88' lang='lat' dir='ltr'><strong>aggravata</strong></span> <span class='ocrx_word' id='word_1_126' title='bbox 2112 1127 2201 1190; x_wconf 92' lang='lat' dir='ltr'><strong>auris</strong></span> 
     </span>
     <span class='ocr_line' id='line_1_10' title="bbox 201 1208 2200 1295; baseline -0.002 -15"><span class='ocrx_word' id='word_1_127' title='bbox 201 1214 338 1280; x_wconf 82' lang='lat' dir='ltr'><strong>Maneat</strong></span> <span class='ocrx_word' id='word_1_128' title='bbox 359 1233 436 1295; x_wconf 87' lang='lat' dir='ltr'><strong>ergo</strong></span> <span class='ocrx_word' id='word_1_129' title='bbox 458 1210 551 1277; x_wconf 93' lang='lat' dir='ltr'><strong>nobis</strong></span> <span class='ocrx_word' id='word_1_130' title='bbox 573 1217 699 1276; x_wconf 91' lang='lat' dir='ltr'><strong>certum</strong></span> <span class='ocrx_word' id='word_1_131' title='bbox 721 1208 761 1274; x_wconf 92' lang='lat' dir='ltr'><strong>de</strong></span> <span class='ocrx_word' id='word_1_132' title='bbox 789 1211 861 1293; x_wconf 89' lang='lat' dir='ltr'><strong>lege</strong></span> <span class='ocrx_word' id='word_1_133' title='bbox 882 1217 951 1275; x_wconf 91' lang='lat' dir='ltr'><strong>tota</strong></span> <span class='ocrx_word' id='word_1_134' title='bbox 971 1209 1074 1275; x_wconf 88' lang='lat' dir='ltr'><strong>verba</strong></span> <span class='ocrx_word' id='word_1_135' title='bbox 1094 1211 1175 1288; x_wconf 89' lang='lat' dir='ltr'><strong>fieri,</strong></span> <span class='ocrx_word' id='word_1_136' title='bbox 1229 1211 1307 1288; x_wconf 88' lang='lat' dir='ltr'><strong>eius,</strong></span> <span class='ocrx_word' id='word_1_137' title='bbox 1331 1217 1455 1273; x_wconf 92' lang='lat' dir='ltr'><strong>utnon</strong></span> <span class='ocrx_word' id='word_1_138' title='bbox 1476 1208 1643 1288; x_wconf 83' lang='lat' dir='ltr'><strong>exaudiat;</strong></span> <span class='ocrx_word' id='word_1_139' title='bbox 1668 1210 1725 1274; x_wconf 90' lang='lat' dir='ltr'><strong>sed</strong></span> <span class='ocrx_word' id='word_1_140' title='bbox 1746 1211 1935 1293; x_wconf 88' lang='lat' dir='ltr'><strong>iniquitates</strong></span> <span class='ocrx_word' id='word_1_141' title='bbox 1956 1217 2085 1275; x_wconf 88' lang='lat' dir='ltr'><strong>vestrae</strong></span> <span class='ocrx_word' id='word_1_142' title='bbox 2106 1211 2200 1277; x_wconf 92' lang='lat' dir='ltr'><strong>dissi-</strong></span> 
     </span>
     <span class='ocr_line' id='line_1_11' title="bbox 203 1295 2202 1382; baseline -0.001 -18"><span class='ocrx_word' id='word_1_143' title='bbox 203 1298 334 1382; x_wconf 92' lang='lat' dir='ltr'><strong>quando</strong></span> <span class='ocrx_word' id='word_1_144' title='bbox 355 1298 386 1362; x_wconf 91' lang='lat' dir='ltr'><strong>le</strong></span> <span class='ocrx_word' id='word_1_145' title='bbox 412 1299 418 1311; x_wconf 84' lang='lat'>’</span> <span class='ocrx_word' id='word_1_146' title='bbox 443 1296 618 1381; x_wconf 89' lang='lat' dir='ltr'><strong>derogatur</strong></span> <span class='ocrx_word' id='word_1_147' title='bbox 638 1295 835 1360; x_wconf 89' lang='lat' dir='ltr'><strong>iustificandi</strong></span> <span class='ocrx_word' id='word_1_148' title='bbox 858 1296 1004 1361; x_wconf 85' lang='lat' dir='ltr'><strong>facultas.</strong></span> <span class='ocrx_word' id='word_1_149' title='bbox 1229 1295 1319 1360; x_wconf 91' lang='lat' dir='ltr'><strong>dium</strong></span> <span class='ocrx_word' id='word_1_150' title='bbox 1347 1295 1493 1359; x_wconf 88' lang='lat' dir='ltr'><strong>fecerunt</strong></span> <span class='ocrx_word' id='word_1_151' title='bbox 1514 1296 1600 1359; x_wconf 88' lang='lat' dir='ltr'><strong>inter</strong></span> <span class='ocrx_word' id='word_1_152' title='bbox 1621 1317 1679 1360; x_wconf 92' lang='lat' dir='ltr'><strong>vos</strong></span> <span class='ocrx_word' id='word_1_153' title='bbox 1701 1304 1735 1361; x_wconf 93' lang='lat' dir='ltr'><strong>et</strong></span> <span class='ocrx_word' id='word_1_154' title='bbox 1754 1297 1864 1360; x_wconf 90' lang='lat' dir='ltr'><strong>Deum</strong></span> <span class='ocrx_word' id='word_1_155' title='bbox 1891 1304 2046 1373; x_wconf 88' lang='lat' dir='ltr'><strong>vestrum,</strong></span> <span class='ocrx_word' id='word_1_156' title='bbox 2069 1304 2102 1361; x_wconf 91' lang='lat' dir='ltr'><strong>et</strong></span> <span class='ocrx_word' id='word_1_157' title='bbox 2127 1319 2202 1380; x_wconf 89' lang='lat' dir='ltr'><strong>pee-</strong></span> 
     </span>
     <span class='ocr_line' id='line_1_12' title="bbox 292 1319 2203 1466; baseline 0 -19"><span class='ocrx_word' id='word_1_158' title='bbox 292 1390 340 1448; x_wconf 94' lang='lat' dir='ltr'><strong>ll.</strong></span> <span class='ocrx_word' id='word_1_159' title='bbox 386 1319 516 1466; x_wconf 66' lang='lat' dir='ltr'><strong>Clquis</strong></span> <span class='ocrx_word' id='word_1_160' title='bbox 538 1390 648 1447; x_wconf 88' lang='lat' dir='ltr'><strong>antem</strong></span> <span class='ocrx_word' id='word_1_161' title='bbox 672 1382 810 1445; x_wconf 90' lang='lat' dir='ltr'><strong>miretur</strong></span> <span class='ocrx_word' id='word_1_162' title='bbox 832 1403 891 1447; x_wconf 93' lang='lat' dir='ltr'><strong>cur</strong></span> <span class='ocrx_word' id='word_1_163' title='bbox 918 1381 977 1445; x_wconf 90' lang='lat' dir='ltr'><strong>tali</strong></span> <span class='ocrx_word' id='word_1_164' title='bbox 999 1381 1177 1446; x_wconf 90' lang='lat' dir='ltr'><strong>adiectione</strong></span> <span class='ocrx_word' id='word_1_165' title='bbox 1229 1388 1302 1446; x_wconf 90' lang='lat' dir='ltr'><strong>eata</strong></span> <span class='ocrx_word' id='word_1_166' title='bbox 1328 1389 1438 1446; x_wconf 89' lang='lat' dir='ltr'><strong>vestra</strong></span> <span class='ocrx_word' id='word_1_167' title='bbox 1466 1380 1705 1446; x_wconf 85' lang='lat' dir='ltr'><strong>abscondenmt</strong></span> <span class='ocrx_word' id='word_1_168' title='bbox 1733 1383 1850 1447; x_wconf 86' lang='lat' dir='ltr'><strong>faeiem</strong></span> <span class='ocrx_word' id='word_1_169' title='bbox 1878 1383 1947 1447; x_wconf 87' lang='lat' dir='ltr'><strong>eius</strong></span> <span class='ocrx_word' id='word_1_170' title='bbox 1974 1404 1994 1446; x_wconf 92' lang='lat' dir='ltr'><strong>a</strong></span> <span class='ocrx_word' id='word_1_171' title='bbox 2021 1383 2127 1461; x_wconf 88' lang='lat' dir='ltr'><strong>vobis,</strong></span> <span class='ocrx_word' id='word_1_172' title='bbox 2161 1404 2203 1447; x_wconf 91' lang='lat' dir='ltr'><strong>ne</strong></span> 
     </span>
     <span class='ocr_line' id='line_1_13' title="bbox 203 1465 2203 1551; baseline -0.002 -14"><span class='ocrx_word' id='word_1_173' title='bbox 203 1493 284 1537; x_wconf 86' lang='lat' dir='ltr'><strong>usus</strong></span> <span class='ocrx_word' id='word_1_174' title='bbox 305 1472 349 1535; x_wconf 92' lang='lat' dir='ltr'><strong>sit</strong></span> <span class='ocrx_word' id='word_1_175' title='bbox 370 1469 549 1551; x_wconf 89' lang='lat' dir='ltr'><strong>apostolus,</strong></span> <span class='ocrx_word' id='word_1_176' title='bbox 578 1472 644 1532; x_wconf 82' lang='lat' dir='ltr'><strong>non&#39;</strong></span> <span class='ocrx_word' id='word_1_177' title='bbox 668 1474 839 1532; x_wconf 88' lang='lat' dir='ltr'><strong>contentus</strong></span> <span class='ocrx_word' id='word_1_178' title='bbox 861 1488 960 1549; x_wconf 91' lang='lat' dir='ltr'><strong>opera</strong></span> <span class='ocrx_word' id='word_1_179' title='bbox 981 1468 1175 1545; x_wconf 87' lang='lat' dir='ltr'><strong>nominasse,</strong></span> <span class='ocrx_word' id='word_1_180' title='bbox 1230 1466 1384 1532; x_wconf 87' lang='lat' dir='ltr'><strong>exaudiat</strong></span> <span class='ocrx_word' id='word_1_181' title='bbox 1410 1465 1486 1551; x_wconf 87' lang='lat' dir='ltr'><strong>(Ies.</strong></span> <span class='ocrx_word' id='word_1_182' title='bbox 1508 1471 1557 1543; x_wconf 82' lang='lat'><strong>59,</strong></span> <span class='ocrx_word' id='word_1_183' title='bbox 1580 1466 1623 1549; x_wconf 94' lang='lat' dir='ltr'><strong>l).</strong></span> <span class='ocrx_word' id='word_1_184' title='bbox 1674 1468 1837 1533; x_wconf 86' lang='lat' dir='ltr'><strong>Audimus</strong></span> <span class='ocrx_word' id='word_1_185' title='bbox 1863 1475 2033 1551; x_wconf 90' lang='lat' dir='ltr'><strong>peceatum</strong></span> <span class='ocrx_word' id='word_1_186' title='bbox 2061 1490 2131 1533; x_wconf 90' lang='lat' dir='ltr'><strong>esse</strong></span> <span class='ocrx_word' id='word_1_187' title='bbox 2153 1467 2203 1532; x_wconf 91' lang='lat' dir='ltr'><strong>di·</strong></span> 
     </span>
     <span class='ocr_line' id='line_1_14' title="bbox 200 1551 2202 1639; baseline -0.002 -17"><span class='ocrx_word' id='word_1_188' title='bbox 200 1558 235 1622; x_wconf 87' lang='lat' dir='ltr'><strong>in</strong></span> <span class='ocrx_word' id='word_1_189' title='bbox 256 1563 409 1639; x_wconf 90' lang='lat' dir='ltr'><strong>promptu</strong></span> <span class='ocrx_word' id='word_1_190' title='bbox 431 1563 481 1619; x_wconf 91' lang='lat' dir='ltr'><strong>est</strong></span> <span class='ocrx_word' id='word_1_191' title='bbox 507 1555 599 1618; x_wconf 90' lang='lat' dir='ltr'><strong>ratio.</strong></span> <span class='ocrx_word' id='word_1_192' title='bbox 644 1551 813 1635; x_wconf 84' lang='lat' dir='ltr'><strong>Siquidem</strong></span> <span class='ocrx_word' id='word_1_193' title='bbox 835 1561 872 1616; x_wconf 92' lang='lat' dir='ltr'><strong>ut</strong></span> <span class='ocrx_word' id='word_1_194' title='bbox 899 1554 982 1616; x_wconf 91' lang='lat' dir='ltr'><strong>tanti</strong></span> <span class='ocrx_word' id='word_1_195' title='bbox 1004 1554 1176 1618; x_wconf 83' lang='lat' dir='ltr'><strong>aestimen·</strong></span> <span class='ocrx_word' id='word_1_196' title='bbox 1229 1554 1387 1618; x_wconf 80' lang='lat' dir='ltr'><strong>visionem</strong></span> <span class='ocrx_word' id='word_1_197' title='bbox 1409 1553 1495 1616; x_wconf 90' lang='lat' dir='ltr'><strong>inter</strong></span> <span class='ocrx_word' id='word_1_198' title='bbox 1517 1552 1683 1617; x_wconf 90' lang='lat' dir='ltr'><strong>hominem</strong></span> <span class='ocrx_word' id='word_1_199' title='bbox 1705 1560 1739 1618; x_wconf 91' lang='lat' dir='ltr'><strong>et</strong></span> <span class='ocrx_word' id='word_1_200' title='bbox 1755 1554 1874 1633; x_wconf 89' lang='lat' dir='ltr'><strong>Deum,</strong></span> <span class='ocrx_word' id='word_1_201' title='bbox 1896 1554 2007 1619; x_wconf 88' lang='lat' dir='ltr'><strong>vultus</strong></span> <span class='ocrx_word' id='word_1_202' title='bbox 2026 1554 2091 1619; x_wconf 94' lang='lat' dir='ltr'><strong>Dei</strong></span> <span class='ocrx_word' id='word_1_203' title='bbox 2109 1575 2202 1620; x_wconf 90' lang='lat' dir='ltr'><strong>aver·</strong></span> 
     </span>
     <span class='ocr_line' id='line_1_15' title="bbox 200 1638 2202 1728; baseline -0.002 -20"><span class='ocrx_word' id='word_1_204' title='bbox 200 1651 256 1709; x_wconf 88' lang='lat' dir='ltr'><strong>tur</strong></span> <span class='ocrx_word' id='word_1_205' title='bbox 277 1663 384 1725; x_wconf 88' lang='lat' dir='ltr'><strong>opera,</strong></span> <span class='ocrx_word' id='word_1_206' title='bbox 407 1641 550 1722; x_wconf 90' lang='lat' dir='ltr'><strong>pretium</strong></span> <span class='ocrx_word' id='word_1_207' title='bbox 571 1662 590 1704; x_wconf 83' lang='lat' dir='ltr'><strong>a</strong></span> <span class='ocrx_word' id='word_1_208' title='bbox 610 1639 674 1703; x_wconf 92' lang='lat' dir='ltr'><strong>Dei</strong></span> <span class='ocrx_word' id='word_1_209' title='bbox 697 1638 930 1722; x_wconf 86' lang='lat' dir='ltr'><strong>approbatione</strong></span> <span class='ocrx_word' id='word_1_210' title='bbox 951 1639 1056 1722; x_wconf 88' lang='lat' dir='ltr'><strong>magis</strong></span> <span class='ocrx_word' id='word_1_211' title='bbox 1078 1660 1175 1720; x_wconf 91' lang='lat' dir='ltr'><strong>quam</strong></span> <span class='ocrx_word' id='word_1_212' title='bbox 1229 1639 1353 1703; x_wconf 91' lang='lat' dir='ltr'><strong>sionem</strong></span> <span class='ocrx_word' id='word_1_213' title='bbox 1375 1660 1395 1701; x_wconf 93' lang='lat' dir='ltr'><strong>a</strong></span> <span class='ocrx_word' id='word_1_214' title='bbox 1423 1648 1600 1720; x_wconf 88' lang='lat' dir='ltr'><strong>peccatore.</strong></span> <span class='ocrx_word' id='word_1_215' title='bbox 1645 1639 1715 1705; x_wconf 90' lang='lat' dir='ltr'><strong>Nec</strong></span> <span class='ocrx_word' id='word_1_216' title='bbox 1741 1641 1813 1704; x_wconf 87' lang='lat' dir='ltr'><strong>fieri</strong></span> <span class='ocrx_word' id='word_1_217' title='bbox 1835 1640 1930 1728; x_wconf 77' lang='lat' dir='ltr'><strong>aliter</strong></span> <span class='ocrx_word' id='word_1_218' title='bbox 1949 1646 2069 1722; x_wconf 91' lang='lat' dir='ltr'><strong>potest:</strong></span> <span class='ocrx_word' id='word_1_219' title='bbox 2099 1661 2202 1722; x_wconf 92' lang='lat' dir='ltr'><strong>quan-</strong></span> 
     </span>
     <span class='ocr_line' id='line_1_16' title="bbox 202 1722 2203 1810; baseline -0.002 -17"><span class='ocrx_word' id='word_1_220' title='bbox 202 1729 379 1810; x_wconf 86' lang='lat' dir='ltr'><strong>apropria</strong></span> <span class='ocrx_word' id='word_1_221' title='bbox 406 1725 566 1809; x_wconf 83' lang='lat' dir='ltr'><strong>dignitate</strong></span> <span class='ocrx_word' id='word_1_222' title='bbox 592 1723 674 1788; x_wconf 90' lang='lat' dir='ltr'><strong>illud</strong></span> <span class='ocrx_word' id='word_1_223' title='bbox 703 1724 833 1790; x_wconf 90' lang='lat' dir='ltr'><strong>habent.</strong></span> <span class='ocrx_word' id='word_1_224' title='bbox 878 1722 963 1804; x_wconf 79' lang='lat' dir='ltr'><strong>Quis</strong></span> <span class='ocrx_word' id='word_1_225' title='bbox 990 1725 1079 1788; x_wconf 90' lang='lat' dir='ltr'><strong>enim</strong></span> <span class='ocrx_word' id='word_1_226' title='bbox 1100 1746 1176 1807; x_wconf 90' lang='lat' dir='ltr'><strong>ope-</strong></span> <span class='ocrx_word' id='word_1_227' title='bbox 1229 1723 1401 1806; x_wconf 91' lang='lat' dir='ltr'><strong>doquidem</strong></span> <span class='ocrx_word' id='word_1_228' title='bbox 1427 1723 1571 1788; x_wconf 87' lang='lat' dir='ltr'><strong>alienum</strong></span> <span class='ocrx_word' id='word_1_229' title='bbox 1600 1732 1650 1789; x_wconf 88' lang='lat' dir='ltr'><strong>est</strong></span> <span class='ocrx_word' id='word_1_230' title='bbox 1684 1725 1724 1790; x_wconf 91' lang='lat' dir='ltr'><strong>ab</strong></span> <span class='ocrx_word' id='word_1_231' title='bbox 1750 1727 1820 1790; x_wconf 89' lang='lat' dir='ltr'><strong>eius</strong></span> <span class='ocrx_word' id='word_1_232' title='bbox 1850 1726 1992 1803; x_wconf 87' lang='lat' dir='ltr'><strong>iustitia,</strong></span> <span class='ocrx_word' id='word_1_233' title='bbox 2025 1725 2203 1807; x_wconf 89' lang='lat' dir='ltr'><strong>quidquam</strong></span> 
     </span>
     <span class='ocr_line' id='line_1_17' title="bbox 200 1809 2202 1894; baseline -0.001 -15"><span class='ocrx_word' id='word_1_234' title='bbox 200 1836 275 1879; x_wconf 89' lang='lat' dir='ltr'><strong>rum</strong></span> <span class='ocrx_word' id='word_1_235' title='bbox 296 1813 456 1877; x_wconf 91' lang='lat' dir='ltr'><strong>iustitiam</strong></span> <span class='ocrx_word' id='word_1_236' title='bbox 476 1812 548 1876; x_wconf 94' lang='lat' dir='ltr'><strong>Deo</strong></span> <span class='ocrx_word' id='word_1_237' title='bbox 570 1809 739 1875; x_wconf 89' lang='lat' dir='ltr'><strong>venditare</strong></span> <span class='ocrx_word' id='word_1_238' title='bbox 757 1809 884 1889; x_wconf 90' lang='lat' dir='ltr'><strong>audeat,</strong></span> <span class='ocrx_word' id='word_1_239' title='bbox 908 1811 970 1874; x_wconf 86' lang='lat' dir='ltr'><strong>nisi</strong></span> <span class='ocrx_word' id='word_1_240' title='bbox 990 1831 1089 1893; x_wconf 89' lang='lat' dir='ltr'><strong>quam</strong></span> <span class='ocrx_word' id='word_1_241' title='bbox 1107 1811 1176 1892; x_wconf 90' lang='lat' dir='ltr'><strong>ipse</strong></span> <span class='ocrx_word' id='word_1_242' title='bbox 1229 1810 1414 1875; x_wconf 90' lang='lat' dir='ltr'><strong>commercii</strong></span> <span class='ocrx_word' id='word_1_243' title='bbox 1453 1809 1574 1874; x_wconf 93' lang='lat' dir='ltr'><strong>habere</strong></span> <span class='ocrx_word' id='word_1_244' title='bbox 1607 1831 1681 1874; x_wconf 88' lang='lat' dir='ltr'><strong>cnm</strong></span> <span class='ocrx_word' id='word_1_245' title='bbox 1714 1819 1854 1894; x_wconf 85' lang='lat' dir='ltr'><strong>peccato.</strong></span> <span class='ocrx_word' id='word_1_246' title='bbox 1909 1811 2006 1877; x_wconf 91' lang='lat' dir='ltr'><strong>Unde</strong></span> <span class='ocrx_word' id='word_1_247' title='bbox 2038 1810 2202 1893; x_wconf 90' lang='lat' dir='ltr'><strong>apostolus</strong></span> 
     </span>
     <span class='ocr_line' id='line_1_18' title="bbox 202 1895 2201 1984; baseline -0.002 -20"><span class='ocrx_word' id='word_1_248' title='bbox 202 1897 409 1984; x_wconf 85' lang='lat' dir='ltr'><strong>approbarit?</strong></span> <span class='ocrx_word' id='word_1_249' title='bbox 441 1898 513 1979; x_wconf 92' lang='lat' dir='ltr'><strong>quis</strong></span> <span class='ocrx_word' id='word_1_250' title='bbox 545 1905 702 1978; x_wconf 87' lang='lat' dir='ltr'><strong>tanquam</strong></span> <span class='ocrx_word' id='word_1_251' title='bbox 734 1895 798 1961; x_wconf 91' lang='lat' dir='ltr'><strong>illis</strong></span> <span class='ocrx_word' id='word_1_252' title='bbox 831 1897 975 1961; x_wconf 87' lang='lat' dir='ltr'><strong>debitam</strong></span> <span class='ocrx_word' id='word_1_253' title='bbox 1006 1916 1176 1979; x_wconf 89' lang='lat' dir='ltr'><strong>reposcere</strong></span> <span class='ocrx_word' id='word_1_254' title='bbox 1228 1897 1396 1960; x_wconf 88' lang='lat' dir='ltr'><strong>inimicum</strong></span> <span class='ocrx_word' id='word_1_255' title='bbox 1423 1915 1494 1959; x_wconf 89' lang='lat' dir='ltr'><strong>esse</strong></span> <span class='ocrx_word' id='word_1_256' title='bbox 1521 1896 1593 1959; x_wconf 92' lang='lat' dir='ltr'><strong>Deo</strong></span> <span class='ocrx_word' id='word_1_257' title='bbox 1622 1896 1789 1962; x_wconf 92' lang='lat' dir='ltr'><strong>hominem</strong></span> <span class='ocrx_word' id='word_1_258' title='bbox 1811 1898 1918 1976; x_wconf 87' lang='lat' dir='ltr'><strong>docet,</strong></span> <span class='ocrx_word' id='word_1_259' title='bbox 1947 1897 2048 1961; x_wconf 89' lang='lat' dir='ltr'><strong>donee</strong></span> <span class='ocrx_word' id='word_1_260' title='bbox 2069 1897 2104 1960; x_wconf 92' lang='lat' dir='ltr'><strong>in</strong></span> <span class='ocrx_word' id='word_1_261' title='bbox 2126 1918 2201 1980; x_wconf 88' lang='lat' dir='ltr'><strong>gra-</strong></span> 
     </span>
     <span class='ocr_line' id='line_1_19' title="bbox 200 1979 2203 2068; baseline -0.002 -18"><span class='ocrx_word' id='word_1_262' title='bbox 200 1983 394 2060; x_wconf 87' lang='lat' dir='ltr'><strong>mercedem,</strong></span> <span class='ocrx_word' id='word_1_263' title='bbox 417 1985 482 2047; x_wconf 92' lang='lat' dir='ltr'><strong>nisi</strong></span> <span class='ocrx_word' id='word_1_264' title='bbox 503 2003 601 2063; x_wconf 89' lang='lat' dir='ltr'><strong>quam</strong></span> <span class='ocrx_word' id='word_1_265' title='bbox 622 1980 677 2045; x_wconf 90' lang='lat' dir='ltr'><strong>ille</strong></span> <span class='ocrx_word' id='word_1_266' title='bbox 699 1981 905 2064; x_wconf 81' lang='lat' dir='ltr'><strong>promiserit?</strong></span> <span class='ocrx_word' id='word_1_267' title='bbox 942 1981 1077 2047; x_wconf 86' lang='lat' dir='ltr'><strong>Habent</strong></span> <span class='ocrx_word' id='word_1_268' title='bbox 1098 2003 1175 2065; x_wconf 90' lang='lat' dir='ltr'><strong>ergo</strong></span> <span class='ocrx_word' id='word_1_269' title='bbox 1228 1983 1308 2046; x_wconf 90' lang='lat' dir='ltr'><strong>tiam</strong></span> <span class='ocrx_word' id='word_1_270' title='bbox 1335 2002 1395 2062; x_wconf 89' lang='lat' dir='ltr'><strong>per</strong></span> <span class='ocrx_word' id='word_1_271' title='bbox 1422 1979 1594 2045; x_wconf 81' lang='lat' dir='ltr'><strong>Christum</strong></span> <span class='ocrx_word' id='word_1_272' title='bbox 1621 1984 1804 2048; x_wconf 89' lang='lat' dir='ltr'><strong>restituitur</strong></span> <span class='ocrx_word' id='word_1_273' title='bbox 1826 1983 1936 2068; x_wconf 85' lang='lat' dir='ltr'><strong>(Rom.</strong></span> <span class='ocrx_word' id='word_1_274' title='bbox 1957 1989 1985 2061; x_wconf 83' lang='lat'><strong>5,</strong></span> <span class='ocrx_word' id='word_1_275' title='bbox 2005 1982 2049 2066; x_wconf 85' lang='lat'><strong>8).</strong></span> <span class='ocrx_word' id='word_1_276' title='bbox 2094 1981 2203 2062; x_wconf 79' lang='lat' dir='ltr'><strong>Quem</strong></span> 
     </span>
     <span class='ocr_line' id='line_1_20' title="bbox 200 2067 2204 2151; baseline -0 -17"><span class='ocrx_word' id='word_1_277' title='bbox 200 2070 235 2135; x_wconf 94' lang='lat' dir='ltr'><strong>id</strong></span> <span class='ocrx_word' id='word_1_278' title='bbox 261 2093 303 2134; x_wconf 86' lang='lat' dir='ltr'><strong>ex</strong></span> <span class='ocrx_word' id='word_1_279' title='bbox 330 2069 396 2134; x_wconf 94' lang='lat' dir='ltr'><strong>Dei</strong></span> <span class='ocrx_word' id='word_1_280' title='bbox 427 2069 655 2144; x_wconf 89' lang='lat' dir='ltr'><strong>beneficentia,</strong></span> <span class='ocrx_word' id='word_1_281' title='bbox 689 2067 773 2149; x_wconf 93' lang='lat' dir='ltr'><strong>quod</strong></span> <span class='ocrx_word' id='word_1_282' title='bbox 803 2077 836 2131; x_wconf 91' lang='lat' dir='ltr'><strong>et</strong></span> <span class='ocrx_word' id='word_1_283' title='bbox 862 2068 1006 2132; x_wconf 88' lang='lat' dir='ltr'><strong>iustitiae</strong></span> <span class='ocrx_word' id='word_1_284' title='bbox 1027 2068 1121 2132; x_wconf 91' lang='lat' dir='ltr'><strong>titulo</strong></span> <span class='ocrx_word' id='word_1_285' title='bbox 1143 2076 1177 2132; x_wconf 91' lang='lat' dir='ltr'><strong>et</strong></span> <span class='ocrx_word' id='word_1_286' title='bbox 1228 2089 1305 2150; x_wconf 90' lang='lat' dir='ltr'><strong>ergo</strong></span> <span class='ocrx_word' id='word_1_287' title='bbox 1327 2067 1489 2131; x_wconf 89' lang='lat' dir='ltr'><strong>Dominus</strong></span> <span class='ocrx_word' id='word_1_288' title='bbox 1512 2067 1547 2129; x_wconf 91' lang='lat' dir='ltr'><strong>in</strong></span> <span class='ocrx_word' id='word_1_289' title='bbox 1565 2068 1824 2133; x_wconf 88' lang='lat' dir='ltr'><strong>coniunctionem</strong></span> <span class='ocrx_word' id='word_1_290' title='bbox 1845 2071 1968 2151; x_wconf 85' lang='lat' dir='ltr'><strong>recipit,</strong></span> <span class='ocrx_word' id='word_1_291' title='bbox 1992 2090 2066 2133; x_wconf 92' lang='lat' dir='ltr'><strong>eum</strong></span> <span class='ocrx_word' id='word_1_292' title='bbox 2085 2068 2204 2133; x_wconf 91' lang='lat' dir='ltr'><strong>dicitur</strong></span> 
     </span>
     <span class='ocr_line' id='line_1_21' title="bbox 199 2153 2203 2239; baseline -0.001 -18"><span class='ocrx_word' id='word_1_293' title='bbox 199 2154 349 2221; x_wconf 89' lang='lat' dir='ltr'><strong>mercede</strong></span> <span class='ocrx_word' id='word_1_294' title='bbox 372 2154 470 2238; x_wconf 90' lang='lat' dir='ltr'><strong>digna</strong></span> <span class='ocrx_word' id='word_1_295' title='bbox 493 2153 662 2218; x_wconf 89' lang='lat' dir='ltr'><strong>habentur.</strong></span> <span class='ocrx_word' id='word_1_296' title='bbox 709 2154 820 2235; x_wconf 88' lang='lat' dir='ltr'><strong>Atque</strong></span> <span class='ocrx_word' id='word_1_297' title='bbox 842 2153 921 2218; x_wconf 91' lang='lat' dir='ltr'><strong>adeo</strong></span> <span class='ocrx_word' id='word_1_298' title='bbox 950 2153 1011 2219; x_wconf 89' lang='lat' dir='ltr'><strong>hac</strong></span> <span class='ocrx_word' id='word_1_299' title='bbox 1033 2175 1100 2218; x_wconf 91' lang='lat' dir='ltr'><strong>una</strong></span> <span class='ocrx_word' id='word_1_300' title='bbox 1122 2175 1175 2218; x_wconf 87' lang='lat' dir='ltr'><strong>ra-</strong></span> <span class='ocrx_word' id='word_1_301' title='bbox 1228 2154 1418 2230; x_wconf 88' lang='lat' dir='ltr'><strong>iuetificare;</strong></span> <span class='ocrx_word' id='word_1_302' title='bbox 1446 2153 1523 2234; x_wconf 89' lang='lat' dir='ltr'><strong>quia</strong></span> <span class='ocrx_word' id='word_1_303' title='bbox 1551 2173 1610 2218; x_wconf 92' lang='lat' dir='ltr'><strong>nee</strong></span> <span class='ocrx_word' id='word_1_304' title='bbox 1639 2155 1783 2237; x_wconf 83' lang='lat' dir='ltr'><strong>recipere</strong></span> <span class='ocrx_word' id='word_1_305' title='bbox 1811 2157 1846 2218; x_wconf 92' lang='lat' dir='ltr'><strong>in</strong></span> <span class='ocrx_word' id='word_1_306' title='bbox 1874 2157 2029 2239; x_wconf 89' lang='lat' dir='ltr'><strong>gratiam,</strong></span> <span class='ocrx_word' id='word_1_307' title='bbox 2055 2176 2115 2218; x_wconf 92' lang='lat' dir='ltr'><strong>nee</strong></span> <span class='ocrx_word' id='word_1_308' title='bbox 2142 2155 2203 2219; x_wconf 92' lang='lat' dir='ltr'><strong>sibi</strong></span> 
     </span>
     <span class='ocr_line' id='line_1_22' title="bbox 200 2238 2202 2327; baseline -0.001 -20"><span class='ocrx_word' id='word_1_309' title='bbox 200 2243 289 2327; x_wconf 79' lang='lat' dir='ltr'><strong>tiope</strong></span> <span class='ocrx_word' id='word_1_310' title='bbox 309 2240 429 2317; x_wconf 90' lang='lat' dir='ltr'><strong>valent,</strong></span> <span class='ocrx_word' id='word_1_311' title='bbox 451 2239 530 2303; x_wconf 91' lang='lat' dir='ltr'><strong>dum</strong></span> <span class='ocrx_word' id='word_1_312' title='bbox 551 2260 610 2321; x_wconf 91' lang='lat' dir='ltr'><strong>per</strong></span> <span class='ocrx_word' id='word_1_313' title='bbox 631 2239 702 2320; x_wconf 90' lang='lat' dir='ltr'><strong>ipsa</strong></span> <span class='ocrx_word' id='word_1_314' title='bbox 723 2240 925 2322; x_wconf 89' lang='lat' dir='ltr'><strong>propositum</strong></span> <span class='ocrx_word' id='word_1_315' title='bbox 942 2247 1001 2318; x_wconf 90' lang='lat' dir='ltr'><strong>est,</strong></span> <span class='ocrx_word' id='word_1_316' title='bbox 1024 2239 1175 2304; x_wconf 89' lang='lat' dir='ltr'><strong>obedien-</strong></span> <span class='ocrx_word' id='word_1_317' title='bbox 1228 2238 1405 2321; x_wconf 89' lang='lat' dir='ltr'><strong>adiungere</strong></span> <span class='ocrx_word' id='word_1_318' title='bbox 1431 2245 1554 2319; x_wconf 91' lang='lat' dir='ltr'><strong>potest,</strong></span> <span class='ocrx_word' id='word_1_319' title='bbox 1584 2240 1663 2321; x_wconf 91' lang='lat' dir='ltr'><strong>quin</strong></span> <span class='ocrx_word' id='word_1_320' title='bbox 1686 2261 1727 2304; x_wconf 81' lang='lat' dir='ltr'><strong>ex</strong></span> <span class='ocrx_word' id='word_1_321' title='bbox 1751 2248 1919 2322; x_wconf 88' lang='lat' dir='ltr'><strong>peccatore</strong></span> <span class='ocrx_word' id='word_1_322' title='bbox 1946 2242 2068 2304; x_wconf 91' lang='lat' dir='ltr'><strong>iustum</strong></span> <span class='ocrx_word' id='word_1_323' title='bbox 2096 2240 2202 2305; x_wconf 84' lang='lat' dir='ltr'><strong>faciat</strong></span> 
     </span>
     <span class='ocr_line' id='line_1_23' title="bbox 198 2322 2201 2409; baseline -0.002 -16"><span class='ocrx_word' id='word_1_324' title='bbox 198 2328 280 2393; x_wconf 90' lang='lat' dir='ltr'><strong>tiam</strong></span> <span class='ocrx_word' id='word_1_325' title='bbox 301 2326 374 2391; x_wconf 91' lang='lat' dir='ltr'><strong>Deo</strong></span> <span class='ocrx_word' id='word_1_326' title='bbox 396 2325 558 2390; x_wconf 89' lang='lat' dir='ltr'><strong>exhibere.</strong></span> <span class='ocrx_word' id='word_1_327' title='bbox 604 2322 715 2404; x_wconf 77' lang='lat' dir='ltr'><strong>Quare</strong></span> <span class='ocrx_word' id='word_1_328' title='bbox 736 2332 773 2388; x_wconf 92' lang='lat' dir='ltr'><strong>ut</strong></span> <span class='ocrx_word' id='word_1_329' title='bbox 797 2324 913 2407; x_wconf 91' lang='lat' dir='ltr'><strong>probet</strong></span> <span class='ocrx_word' id='word_1_330' title='bbox 935 2325 1012 2390; x_wconf 91' lang='lat' dir='ltr'><strong>alibi</strong></span> <span class='ocrx_word' id='word_1_331' title='bbox 1034 2323 1124 2409; x_wconf 80' lang='lat' dir='ltr'><strong>(Gal.</strong></span> <span class='ocrx_word' id='word_1_332' title='bbox 1145 2329 1174 2402; x_wconf 92' lang='lat'><strong>3,</strong></span> <span class='ocrx_word' id='word_1_333' title='bbox 1227 2324 1322 2389; x_wconf 90' lang='lat' dir='ltr'><strong>Istud</strong></span> <span class='ocrx_word' id='word_1_334' title='bbox 1354 2322 1504 2389; x_wconf 89' lang='lat' dir='ltr'><strong>addimus</strong></span> <span class='ocrx_word' id='word_1_335' title='bbox 1536 2325 1608 2388; x_wconf 89' lang='lat' dir='ltr'><strong>fieri</strong></span> <span class='ocrx_word' id='word_1_336' title='bbox 1640 2346 1698 2407; x_wconf 91' lang='lat' dir='ltr'><strong>per</strong></span> <span class='ocrx_word' id='word_1_337' title='bbox 1729 2334 1936 2408; x_wconf 89' lang='lat' dir='ltr'><strong>peecatorum</strong></span> <span class='ocrx_word' id='word_1_338' title='bbox 1968 2327 2201 2390; x_wconf 86' lang='lat' dir='ltr'><strong>remissionem.</strong></span> 
     </span>
     <span class='ocr_line' id='line_1_24' title="bbox 203 2409 2203 2498; baseline -0.001 -21"><span class='ocrx_word' id='word_1_339' title='bbox 203 2412 258 2498; x_wconf 82' lang='lat'><strong>17)</strong></span> <span class='ocrx_word' id='word_1_340' title='bbox 285 2411 448 2494; x_wconf 89' lang='lat' dir='ltr'><strong>apostolus</strong></span> <span class='ocrx_word' id='word_1_341' title='bbox 469 2410 640 2474; x_wconf 87' lang='lat' dir='ltr'><strong>Abraham</strong></span> <span class='ocrx_word' id='word_1_342' title='bbox 668 2410 838 2475; x_wconf 87' lang='lat' dir='ltr'><strong>iustificari</strong></span> <span class='ocrx_word' id='word_1_343' title='bbox 867 2432 909 2474; x_wconf 86' lang='lat' dir='ltr'><strong>ex</strong></span> <span class='ocrx_word' id='word_1_344' title='bbox 936 2411 1088 2493; x_wconf 88' lang='lat' dir='ltr'><strong>operibus</strong></span> <span class='ocrx_word' id='word_1_345' title='bbox 1108 2432 1176 2475; x_wconf 91' lang='lat' dir='ltr'><strong>non</strong></span> <span class='ocrx_word' id='word_1_346' title='bbox 1227 2411 1260 2474; x_wconf 95' lang='lat' dir='ltr'>N</span> <span class='ocrx_word' id='word_1_347' title='bbox 1261 2431 1314 2474; x_wconf 92' lang='lat' dir='ltr'><strong>am</strong></span> <span class='ocrx_word' id='word_1_348' title='bbox 1336 2411 1364 2474; x_wconf 90' lang='lat' dir='ltr'><strong>si</strong></span> <span class='ocrx_word' id='word_1_349' title='bbox 1385 2409 1426 2474; x_wconf 87' lang='lat' dir='ltr'><strong>ab</strong></span> <span class='ocrx_word' id='word_1_350' title='bbox 1448 2410 1599 2492; x_wconf 90' lang='lat' dir='ltr'><strong>operibus</strong></span> <span class='ocrx_word' id='word_1_351' title='bbox 1620 2413 1833 2477; x_wconf 84' lang='lat' dir='ltr'><strong>aestimentur</strong></span> <span class='ocrx_word' id='word_1_352' title='bbox 1851 2434 1931 2495; x_wconf 92' lang='lat' dir='ltr'><strong>quos</strong></span> <span class='ocrx_word' id='word_1_353' title='bbox 1959 2413 2020 2477; x_wconf 91' lang='lat' dir='ltr'><strong>sibi</strong></span> <span class='ocrx_word' id='word_1_354' title='bbox 2041 2413 2203 2476; x_wconf 90' lang='lat' dir='ltr'><strong>Dominus</strong></span> 
     </span>
     <span class='ocr_line' id='line_1_25' title="bbox 200 2494 2202 2582; baseline -0.001 -19"><span class='ocrx_word' id='word_1_355' title='bbox 200 2499 353 2582; x_wconf 89' lang='lat' dir='ltr'><strong>potuisse,</strong></span> <span class='ocrx_word' id='word_1_356' title='bbox 377 2497 504 2580; x_wconf 88' lang='lat' dir='ltr'><strong>allegat,</strong></span> <span class='ocrx_word' id='word_1_357' title='bbox 527 2497 630 2560; x_wconf 86' lang='lat' dir='ltr'><strong>ferme</strong></span> <span class='ocrx_word' id='word_1_358' title='bbox 647 2495 895 2580; x_wconf 83' lang='lat' dir='ltr'><strong>quadringentis</strong></span> <span class='ocrx_word' id='word_1_359' title='bbox 913 2494 1045 2560; x_wconf 92' lang='lat' dir='ltr'><strong>demum</strong></span> <span class='ocrx_word' id='word_1_360' title='bbox 1067 2505 1099 2561; x_wconf 92' lang='lat' dir='ltr'><strong>et</strong></span> <span class='ocrx_word' id='word_1_361' title='bbox 1117 2497 1176 2560; x_wconf 91' lang='lat' dir='ltr'><strong>tri·</strong></span> <span class='ocrx_word' id='word_1_362' title='bbox 1228 2495 1461 2573; x_wconf 88' lang='lat' dir='ltr'><strong>reconciliavit,</strong></span> <span class='ocrx_word' id='word_1_363' title='bbox 1492 2497 1697 2578; x_wconf 88' lang='lat' dir='ltr'><strong>reperientur</strong></span> <span class='ocrx_word' id='word_1_364' title='bbox 1724 2499 1904 2562; x_wconf 88' lang='lat' dir='ltr'><strong>etiamnum</strong></span> <span class='ocrx_word' id='word_1_365' title='bbox 1925 2520 1960 2563; x_wconf 89' lang='lat' dir='ltr'><strong>re</strong></span> <span class='ocrx_word' id='word_1_366' title='bbox 1982 2519 2062 2563; x_wconf 87' lang='lat' dir='ltr'><strong>vera</strong></span> <span class='ocrx_word' id='word_1_367' title='bbox 2090 2518 2202 2580; x_wconf 86' lang='lat' dir='ltr'><strong>pecea-</strong></span> 
     </span>
     <span class='ocr_line' id='line_1_26' title="bbox 198 2580 2202 2670; baseline -0.001 -21"><span class='ocrx_word' id='word_1_368' title='bbox 198 2585 290 2670; x_wconf 83' lang='lat' dir='ltr'><strong>ginta</strong></span> <span class='ocrx_word' id='word_1_369' title='bbox 317 2584 411 2648; x_wconf 88' lang='lat' dir='ltr'><strong>annis</strong></span> <span class='ocrx_word' id='word_1_370' title='bbox 436 2590 510 2665; x_wconf 90' lang='lat' dir='ltr'><strong>post</strong></span> <span class='ocrx_word' id='word_1_371' title='bbox 537 2602 727 2664; x_wconf 90' lang='lat' dir='ltr'><strong>percussum</strong></span> <span class='ocrx_word' id='word_1_372' title='bbox 764 2580 878 2646; x_wconf 86' lang='lat' dir='ltr'><strong>foedus</strong></span> <span class='ocrx_word' id='word_1_373' title='bbox 904 2582 1006 2646; x_wconf 91' lang='lat' dir='ltr'><strong>latam</strong></span> <span class='ocrx_word' id='word_1_374' title='bbox 1032 2603 1102 2647; x_wconf 90' lang='lat' dir='ltr'><strong>esse</strong></span> <span class='ocrx_word' id='word_1_375' title='bbox 1129 2583 1175 2646; x_wconf 89' lang='lat' dir='ltr'><strong>le-</strong></span> <span class='ocrx_word' id='word_1_376' title='bbox 1229 2588 1328 2660; x_wconf 82' lang='lat' dir='ltr'><strong>tores;</strong></span> <span class='ocrx_word' id='word_1_377' title='bbox 1361 2601 1442 2664; x_wconf 88' lang='lat' dir='ltr'><strong>quos</strong></span> <span class='ocrx_word' id='word_1_378' title='bbox 1473 2587 1583 2646; x_wconf 89' lang='lat' dir='ltr'><strong>tamen</strong></span> <span class='ocrx_word' id='word_1_379' title='bbox 1615 2590 1746 2665; x_wconf 88' lang='lat' dir='ltr'><strong>peceato</strong></span> <span class='ocrx_word' id='word_1_380' title='bbox 1780 2584 1902 2649; x_wconf 87' lang='lat' dir='ltr'><strong>solutos</strong></span> <span class='ocrx_word' id='word_1_381' title='bbox 1934 2605 2095 2666; x_wconf 89' lang='lat' dir='ltr'><strong>purosque</strong></span> <span class='ocrx_word' id='word_1_382' title='bbox 2131 2604 2202 2647; x_wconf 88' lang='lat' dir='ltr'><strong>esse</strong></span> 
     </span>
     <span class='ocr_line' id='line_1_27' title="bbox 199 2665 2201 2755; baseline -0.002 -19"><span class='ocrx_word' id='word_1_383' title='bbox 199 2691 282 2755; x_wconf 87' lang='lat' dir='ltr'><strong>gem.</strong></span> <span class='ocrx_word' id='word_1_384' title='bbox 338 2669 500 2733; x_wconf 89' lang='lat' dir='ltr'><strong>Riderent</strong></span> <span class='ocrx_word' id='word_1_385' title='bbox 537 2665 722 2731; x_wconf 88' lang='lat' dir='ltr'><strong>huiusmodi</strong></span> <span class='ocrx_word' id='word_1_386' title='bbox 764 2674 993 2751; x_wconf 86' lang='lat' dir='ltr'><strong>argumentum</strong></span> <span class='ocrx_word' id='word_1_387' title='bbox 1022 2669 1175 2751; x_wconf 87' lang='lat' dir='ltr'><strong>imperiti,</strong></span> <span class='ocrx_word' id='word_1_388' title='bbox 1227 2674 1363 2732; x_wconf 88' lang='lat' dir='ltr'><strong>certet.</strong></span> <span class='ocrx_word' id='word_1_389' title='bbox 1398 2665 1536 2731; x_wconf 81' lang='lat' dir='ltr'><strong>Constat</strong></span> <span class='ocrx_word' id='word_1_390' title='bbox 1555 2669 1673 2751; x_wconf 91' lang='lat' dir='ltr'><strong>itaque,</strong></span> <span class='ocrx_word' id='word_1_391' title='bbox 1697 2690 1777 2752; x_wconf 90' lang='lat' dir='ltr'><strong>quos</strong></span> <span class='ocrx_word' id='word_1_392' title='bbox 1795 2669 1887 2734; x_wconf 92' lang='lat' dir='ltr'><strong>Deus</strong></span> <span class='ocrx_word' id='word_1_393' title='bbox 1908 2670 2114 2752; x_wconf 87' lang='lat' dir='ltr'><strong>amplectitur</strong></span> <span class='ocrx_word' id='word_1_394' title='bbox 2134 2689 2201 2732; x_wconf 91' lang='lat' dir='ltr'><strong>non</strong></span> 
     </span>
     <span class='ocr_line' id='line_1_28' title="bbox 198 2752 2202 2840; baseline -0.001 -19"><span class='ocrx_word' id='word_1_395' title='bbox 198 2755 283 2840; x_wconf 91' lang='lat' dir='ltr'><strong>quod</strong></span> <span class='ocrx_word' id='word_1_396' title='bbox 305 2761 382 2819; x_wconf 89' lang='lat' dir='ltr'><strong>ante</strong></span> <span class='ocrx_word' id='word_1_397' title='bbox 403 2753 699 2836; x_wconf 89' lang='lat' dir='ltr'><strong>promulgationem</strong></span> <span class='ocrx_word' id='word_1_398' title='bbox 716 2752 798 2837; x_wconf 89' lang='lat' dir='ltr'><strong>legis</strong></span> <span class='ocrx_word' id='word_1_399' title='bbox 818 2754 984 2835; x_wconf 87' lang='lat' dir='ltr'><strong>potuerint</strong></span> <span class='ocrx_word' id='word_1_400' title='bbox 1000 2775 1071 2819; x_wconf 90' lang='lat' dir='ltr'><strong>esse</strong></span> <span class='ocrx_word' id='word_1_401' title='bbox 1088 2755 1176 2820; x_wconf 92' lang='lat' dir='ltr'><strong>iusta</strong></span> <span class='ocrx_word' id='word_1_402' title='bbox 1263 2754 1324 2818; x_wconf 85' lang='lat' dir='ltr'><strong>‘ter</strong></span> <span class='ocrx_word' id='word_1_403' title='bbox 1355 2753 1428 2817; x_wconf 90' lang='lat' dir='ltr'><strong>fieri</strong></span> <span class='ocrx_word' id='word_1_404' title='bbox 1458 2753 1576 2831; x_wconf 80' lang='lat' dir='ltr'><strong>iustus,</strong></span> <span class='ocrx_word' id='word_1_405' title='bbox 1609 2755 1673 2818; x_wconf 90' lang='lat' dir='ltr'><strong>nisi</strong></span> <span class='ocrx_word' id='word_1_406' title='bbox 1701 2754 1789 2837; x_wconf 94' lang='lat' dir='ltr'><strong>quod</strong></span> <span class='ocrx_word' id='word_1_407' title='bbox 1816 2756 1968 2821; x_wconf 87' lang='lat' dir='ltr'><strong>abstersis</strong></span> <span class='ocrx_word' id='word_1_408' title='bbox 1996 2766 2202 2838; x_wconf 88' lang='lat' dir='ltr'><strong>peecatorum</strong></span> 
     </span>
     <span class='ocr_line' id='line_1_29' title="bbox 198 2838 2202 2926; baseline -0.002 -18"><span class='ocrx_word' id='word_1_409' title='bbox 198 2862 304 2926; x_wconf 91' lang='lat' dir='ltr'><strong>opera.</strong></span> <span class='ocrx_word' id='word_1_410' title='bbox 339 2838 407 2905; x_wconf 84' lang='lat' dir='ltr'><strong>Sed</strong></span> <span class='ocrx_word' id='word_1_411' title='bbox 428 2841 505 2922; x_wconf 91' lang='lat' dir='ltr'><strong>quia</strong></span> <span class='ocrx_word' id='word_1_412' title='bbox 525 2839 676 2922; x_wconf 89' lang='lat' dir='ltr'><strong>oporibus</strong></span> <span class='ocrx_word' id='word_1_413' title='bbox 696 2838 828 2904; x_wconf 90' lang='lat' dir='ltr'><strong>nonnisi</strong></span> <span class='ocrx_word' id='word_1_414' title='bbox 848 2860 890 2903; x_wconf 83' lang='lat' dir='ltr'><strong>ex</strong></span> <span class='ocrx_word' id='word_1_415' title='bbox 907 2840 972 2904; x_wconf 92' lang='lat' dir='ltr'><strong>Dei</strong></span> <span class='ocrx_word' id='word_1_416' title='bbox 989 2841 1175 2906; x_wconf 89' lang='lat' dir='ltr'><strong>testimonie</strong></span> <span class='ocrx_word' id='word_1_417' title='bbox 1227 2839 1417 2904; x_wconf 89' lang='lat' dir='ltr'><strong>remissione</strong></span> <span class='ocrx_word' id='word_1_418' title='bbox 1454 2839 1592 2904; x_wconf 88' lang='lat' dir='ltr'><strong>maculis</strong></span> <span class='ocrx_word' id='word_1_419' title='bbox 1631 2841 1861 2922; x_wconf 89' lang='lat' dir='ltr'><strong>purificantur:</strong></span> <span class='ocrx_word' id='word_1_420' title='bbox 1902 2849 1940 2906; x_wconf 93' lang='lat' dir='ltr'><strong>ut</strong></span> <span class='ocrx_word' id='word_1_421' title='bbox 1970 2842 2045 2906; x_wconf 90' lang='lat' dir='ltr'><strong>talis</strong></span> <span class='ocrx_word' id='word_1_422' title='bbox 2077 2841 2202 2906; x_wconf 89' lang='lat' dir='ltr'><strong>iustitia</strong></span> 
     </span>
     <span class='ocr_line' id='line_1_30' title="bbox 198 2924 2114 3010; baseline -0.002 -16"><span class='ocrx_word' id='word_1_423' title='bbox 198 2949 236 2994; x_wconf 87' lang='lat' dir='ltr'><strong>ae</strong></span> <span class='ocrx_word' id='word_1_424' title='bbox 265 2926 454 3010; x_wconf 86' lang='lat' dir='ltr'><strong>dignatione</strong></span> <span class='ocrx_word' id='word_1_425' title='bbox 476 2931 605 2989; x_wconf 89' lang='lat' dir='ltr'><strong>tantum</strong></span> <span class='ocrx_word' id='word_1_426' title='bbox 626 2925 732 2990; x_wconf 90' lang='lat' dir='ltr'><strong>inesse</strong></span> <span class='ocrx_word' id='word_1_427' title='bbox 753 2926 911 2989; x_wconf 91' lang='lat' dir='ltr'><strong>momenti</strong></span> <span class='ocrx_word' id='word_1_428' title='bbox 937 2934 1087 3004; x_wconf 90' lang='lat' dir='ltr'><strong>noverat,</strong></span> <span class='ocrx_word' id='word_1_429' title='bbox 1115 2946 1175 3009; x_wconf 92' lang='lat' dir='ltr'><strong>pro</strong></span> <span class='ocrx_word' id='word_1_430' title='bbox 1226 2945 1292 2990; x_wconf 89' lang='lat' dir='ltr'><strong>uno</strong></span> <span class='ocrx_word' id='word_1_431' title='bbox 1314 2925 1413 2990; x_wconf 89' lang='lat' dir='ltr'><strong>verbo</strong></span> <span class='ocrx_word' id='word_1_432' title='bbox 1435 2924 1592 3007; x_wconf 89' lang='lat' dir='ltr'><strong>appellari</strong></span> <span class='ocrx_word' id='word_1_433' title='bbox 1613 2934 1712 3008; x_wconf 91' lang='lat' dir='ltr'><strong>queat</strong></span> <span class='ocrx_word' id='word_1_434' title='bbox 1731 2934 1939 3010; x_wconf 88' lang='lat' dir='ltr'><strong>peecatorum</strong></span> <span class='ocrx_word' id='word_1_435' title='bbox 1960 2928 2114 2992; x_wconf 90' lang='lat' dir='ltr'><strong>remissio.</strong></span> 
     </span>
     <span class='ocr_line' id='line_1_31' title="bbox 199 3009 2202 3096; baseline -0.002 -15"><span class='ocrx_word' id='word_1_436' title='bbox 199 3013 345 3081; x_wconf 85' lang='lat' dir='ltr'><strong>confesso</strong></span> <span class='ocrx_word' id='word_1_437' title='bbox 368 3011 552 3092; x_wconf 91' lang='lat' dir='ltr'><strong>assumpsit,</strong></span> <span class='ocrx_word' id='word_1_438' title='bbox 576 3019 652 3074; x_wconf 87' lang='lat' dir='ltr'><strong>ante</strong></span> <span class='ocrx_word' id='word_1_439' title='bbox 674 3010 781 3095; x_wconf 90' lang='lat' dir='ltr'><strong>legem</strong></span> <span class='ocrx_word' id='word_1_440' title='bbox 802 3011 871 3075; x_wconf 90' lang='lat' dir='ltr'><strong>vim</strong></span> <span class='ocrx_word' id='word_1_441' title='bbox 892 3011 1090 3077; x_wconf 89' lang='lat' dir='ltr'><strong>iustificandi</strong></span> <span class='ocrx_word' id='word_1_442' title='bbox 1108 3033 1175 3077; x_wconf 92' lang='lat' dir='ltr'><strong>non</strong></span> <span class='ocrx_word' id='word_1_443' title='bbox 1315 3013 1363 3074; x_wconf 84' lang='lat'><strong>13.</strong></span> <span class='ocrx_word' id='word_1_444' title='bbox 1413 3009 1599 3093; x_wconf 90' lang='lat' dir='ltr'><strong>Utrumque</strong></span> <span class='ocrx_word' id='word_1_445' title='bbox 1627 3011 1745 3076; x_wconf 91' lang='lat' dir='ltr'><strong>herum</strong></span> <span class='ocrx_word' id='word_1_446' title='bbox 1776 3013 1995 3095; x_wconf 83' lang='lat' dir='ltr'><strong>pulcherrime</strong></span> <span class='ocrx_word' id='word_1_447' title='bbox 2025 3014 2128 3096; x_wconf 89' lang='lat' dir='ltr'><strong>liquet</strong></span> <span class='ocrx_word' id='word_1_448' title='bbox 2159 3035 2202 3077; x_wconf 83' lang='lat' dir='ltr'><strong>ex</strong></span> 
     </span>
     <span class='ocr_line' id='line_1_32' title="bbox 198 3094 2201 3182; baseline -0.001 -18"><span class='ocrx_word' id='word_1_449' title='bbox 198 3098 361 3164; x_wconf 87' lang='lat' dir='ltr'><strong>habuisse.</strong></span> <span class='ocrx_word' id='word_1_450' title='bbox 406 3095 576 3162; x_wconf 88' lang='lat' dir='ltr'><strong>Habemus</strong></span> <span class='ocrx_word' id='word_1_451' title='bbox 599 3118 658 3161; x_wconf 89' lang='lat' dir='ltr'><strong>eur</strong></span> <span class='ocrx_word' id='word_1_452' title='bbox 678 3117 777 3179; x_wconf 89' lang='lat' dir='ltr'><strong>opera</strong></span> <span class='ocrx_word' id='word_1_453' title='bbox 797 3096 880 3181; x_wconf 89' lang='lat' dir='ltr'><strong>legis</strong></span> <span class='ocrx_word' id='word_1_454' title='bbox 901 3098 1095 3162; x_wconf 91' lang='lat' dir='ltr'><strong>nominatim</strong></span> <span class='ocrx_word' id='word_1_455' title='bbox 1117 3120 1175 3163; x_wconf 85' lang='lat' dir='ltr'><strong>ex·</strong></span> <span class='ocrx_word' id='word_1_456' title='bbox 1225 3098 1298 3163; x_wconf 90' lang='lat' dir='ltr'><strong>istis</strong></span> <span class='ocrx_word' id='word_1_457' title='bbox 1314 3094 1411 3161; x_wconf 87' lang='lat' dir='ltr'><strong>Pauli</strong></span> <span class='ocrx_word' id='word_1_458' title='bbox 1431 3096 1540 3161; x_wconf 90' lang='lat' dir='ltr'><strong>verbis</strong></span> <span class='ocrx_word' id='word_1_459' title='bbox 1564 3096 1599 3182; x_wconf 79' lang='lat'><strong>(2</strong></span> <span class='ocrx_word' id='word_1_460' title='bbox 1612 3096 1686 3162; x_wconf 90' lang='lat' dir='ltr'><strong>Cer.</strong></span> <span class='ocrx_word' id='word_1_461' title='bbox 1708 3104 1736 3177; x_wconf 82' lang='lat'><strong>5,</strong></span> <span class='ocrx_word' id='word_1_462' title='bbox 1759 3096 1827 3181; x_wconf 84' lang='lat'>19):</span> <span class='ocrx_word' id='word_1_463' title='bbox 1851 3107 1922 3164; x_wconf 90' lang='lat' dir='ltr'><strong>erat</strong></span> <span class='ocrx_word' id='word_1_464' title='bbox 1940 3100 2032 3164; x_wconf 92' lang='lat' dir='ltr'><strong>Deus</strong></span> <span class='ocrx_word' id='word_1_465' title='bbox 2049 3100 2084 3163; x_wconf 95' lang='lat' dir='ltr'><strong>in</strong></span> <span class='ocrx_word' id='word_1_466' title='bbox 2103 3098 2201 3164; x_wconf 89' lang='lat' dir='ltr'><strong>Chri-</strong></span> 
     </span>
     <span class='ocr_line' id='line_1_33' title="bbox 198 3180 2201 3269; baseline -0 -20"><span class='ocrx_word' id='word_1_467' title='bbox 198 3185 334 3268; x_wconf 88' lang='lat' dir='ltr'><strong>primat,</strong></span> <span class='ocrx_word' id='word_1_468' title='bbox 373 3180 452 3247; x_wconf 93' lang='lat' dir='ltr'><strong>dum</strong></span> <span class='ocrx_word' id='word_1_469' title='bbox 485 3181 557 3247; x_wconf 93' lang='lat' dir='ltr'><strong>vult</strong></span> <span class='ocrx_word' id='word_1_470' title='bbox 594 3181 659 3247; x_wconf 88' lang='lat' dir='ltr'><strong>illis</strong></span> <span class='ocrx_word' id='word_1_471' title='bbox 693 3181 864 3248; x_wconf 87' lang='lat' dir='ltr'><strong>detrahere</strong></span> <span class='ocrx_word' id='word_1_472' title='bbox 897 3184 1174 3264; x_wconf 82' lang='lat' dir='ltr'><strong>iustificationem3</strong></span> <span class='ocrx_word' id='word_1_473' title='bbox 1226 3189 1285 3263; x_wconf 91' lang='lat' dir='ltr'><strong>sto,</strong></span> <span class='ocrx_word' id='word_1_474' title='bbox 1306 3180 1467 3247; x_wconf 89' lang='lat' dir='ltr'><strong>mundum</strong></span> <span class='ocrx_word' id='word_1_475' title='bbox 1489 3182 1551 3247; x_wconf 93' lang='lat' dir='ltr'><strong>sibi</strong></span> <span class='ocrx_word' id='word_1_476' title='bbox 1572 3183 1794 3264; x_wconf 88' lang='lat' dir='ltr'><strong>reconcilians,</strong></span> <span class='ocrx_word' id='word_1_477' title='bbox 1819 3207 1886 3249; x_wconf 93' lang='lat' dir='ltr'><strong>nen</strong></span> <span class='ocrx_word' id='word_1_478' title='bbox 1907 3186 2072 3269; x_wconf 90' lang='lat' dir='ltr'><strong>imputans</strong></span> <span class='ocrx_word' id='word_1_479' title='bbox 2093 3185 2201 3249; x_wconf 93' lang='lat' dir='ltr'><strong>homi-</strong></span> 
     </span>
     <span class='ocr_line' id='line_1_34' title="bbox 219 3266 2201 3353; baseline -0.001 -17"><span class='ocrx_word' id='word_1_480' title='bbox 219 3270 275 3336; x_wconf 90' lang='lat' dir='ltr'><strong>uia</strong></span> <span class='ocrx_word' id='word_1_481' title='bbox 294 3268 408 3334; x_wconf 78' lang='lat' dir='ltr'><strong>scilieet</strong></span> <span class='ocrx_word' id='word_1_482' title='bbox 429 3267 468 3333; x_wconf 91' lang='lat' dir='ltr'><strong>de</strong></span> <span class='ocrx_word' id='word_1_483' title='bbox 491 3267 556 3332; x_wconf 90' lang='lat' dir='ltr'><strong>illis</strong></span> <span class='ocrx_word' id='word_1_484' title='bbox 576 3267 652 3333; x_wconf 89' lang='lat' dir='ltr'><strong>solis</strong></span> <span class='ocrx_word' id='word_1_485' title='bbox 674 3269 895 3334; x_wconf 87' lang='lat' dir='ltr'><strong>controversia</strong></span> <span class='ocrx_word' id='word_1_486' title='bbox 912 3270 1038 3335; x_wconf 90' lang='lat' dir='ltr'><strong>moveri</strong></span> <span class='ocrx_word' id='word_1_487' title='bbox 1058 3277 1172 3352; x_wconf 89' lang='lat' dir='ltr'><strong>potest.</strong></span> <span class='ocrx_word' id='word_1_488' title='bbox 1225 3270 1322 3335; x_wconf 92' lang='lat' dir='ltr'><strong>nibus</strong></span> <span class='ocrx_word' id='word_1_489' title='bbox 1343 3289 1403 3333; x_wconf 87' lang='lat' dir='ltr'><strong>sua</strong></span> <span class='ocrx_word' id='word_1_490' title='bbox 1424 3266 1555 3347; x_wconf 84' lang='lat' dir='ltr'><strong>delicta,</strong></span> <span class='ocrx_word' id='word_1_491' title='bbox 1578 3275 1612 3334; x_wconf 90' lang='lat' dir='ltr'><strong>et</strong></span> <span class='ocrx_word' id='word_1_492' title='bbox 1633 3269 1782 3352; x_wconf 90' lang='lat' dir='ltr'><strong>deposuit</strong></span> <span class='ocrx_word' id='word_1_493' title='bbox 1801 3269 1888 3353; x_wconf 89' lang='lat' dir='ltr'><strong>apud</strong></span> <span class='ocrx_word' id='word_1_494' title='bbox 1909 3293 1968 3336; x_wconf 90' lang='lat' dir='ltr'><strong>nos</strong></span> <span class='ocrx_word' id='word_1_495' title='bbox 1990 3272 2128 3336; x_wconf 89' lang='lat' dir='ltr'><strong>verbum</strong></span> <span class='ocrx_word' id='word_1_496' title='bbox 2150 3292 2201 3335; x_wconf 90' lang='lat' dir='ltr'><strong>re-</strong></span> 
     </span>
     <span class='ocr_line' id='line_1_35' title="bbox 198 3291 2200 3441; baseline 0 -21"><span class='ocrx_word' id='word_1_497' title='bbox 198 3291 406 3438; x_wconf 61' lang='lat' dir='ltr'><strong>Cnanquam,</strong></span> <span class='ocrx_word' id='word_1_498' title='bbox 436 3361 469 3419; x_wconf 91' lang='lat' dir='ltr'><strong>et</strong></span> <span class='ocrx_word' id='word_1_499' title='bbox 490 3355 560 3419; x_wconf 82' lang='lat' dir='ltr'><strong>sine</strong></span> <span class='ocrx_word' id='word_1_500' title='bbox 594 3353 786 3434; x_wconf 90' lang='lat' dir='ltr'><strong>adiectione,</strong></span> <span class='ocrx_word' id='word_1_501' title='bbox 815 3354 977 3437; x_wconf 89' lang='lat' dir='ltr'><strong>quaelibet</strong></span> <span class='ocrx_word' id='word_1_502' title='bbox 1008 3355 1174 3421; x_wconf 89' lang='lat' dir='ltr'><strong>interdum</strong></span> <span class='ocrx_word' id='word_1_503' title='bbox 1226 3353 1468 3421; x_wconf 88' lang='lat' dir='ltr'><strong>conciliationis.</strong></span> <span class='ocrx_word' id='word_1_504' title='bbox 1498 3354 1629 3419; x_wconf 92' lang='lat' dir='ltr'><strong>Deinde</strong></span> <span class='ocrx_word' id='word_1_505' title='bbox 1651 3376 1814 3420; x_wconf 89' lang='lat' dir='ltr'><strong>summam</strong></span> <span class='ocrx_word' id='word_1_506' title='bbox 1835 3378 1914 3422; x_wconf 87' lang='lat' dir='ltr'><strong>suae</strong></span> <span class='ocrx_word' id='word_1_507' title='bbox 1936 3357 2108 3441; x_wconf 89' lang='lat' dir='ltr'><strong>legationis</strong></span> <span class='ocrx_word' id='word_1_508' title='bbox 2125 3357 2200 3422; x_wconf 85' lang='lat' dir='ltr'><strong>sub-</strong></span> 
     </span>
     <span class='ocr_line' id='line_1_36' title="bbox 199 3439 2200 3527; baseline 0 -21"><span class='ocrx_word' id='word_1_509' title='bbox 199 3463 297 3526; x_wconf 87' lang='lat' dir='ltr'><strong>opera</strong></span> <span class='ocrx_word' id='word_1_510' title='bbox 319 3441 454 3523; x_wconf 84' lang='lat' dir='ltr'><strong>exeipit,</strong></span> <span class='ocrx_word' id='word_1_511' title='bbox 481 3447 520 3504; x_wconf 91' lang='lat' dir='ltr'><strong>ut</strong></span> <span class='ocrx_word' id='word_1_512' title='bbox 546 3461 647 3521; x_wconf 91' lang='lat' dir='ltr'><strong>quum</strong></span> <span class='ocrx_word' id='word_1_513' title='bbox 669 3439 808 3505; x_wconf 91' lang='lat' dir='ltr'><strong>Davidis</strong></span> <span class='ocrx_word' id='word_1_514' title='bbox 829 3442 1012 3506; x_wconf 89' lang='lat' dir='ltr'><strong>testimonio</strong></span> <span class='ocrx_word' id='word_1_515' title='bbox 1034 3443 1173 3507; x_wconf 90' lang='lat' dir='ltr'><strong>beatitu-</strong></span> <span class='ocrx_word' id='word_1_516' title='bbox 1226 3441 1287 3505; x_wconf 91' lang='lat' dir='ltr'><strong>dit:</strong></span> <span class='ocrx_word' id='word_1_517' title='bbox 1311 3463 1395 3517; x_wconf 89' lang='lat' dir='ltr'><strong>eum,</strong></span> <span class='ocrx_word' id='word_1_518' title='bbox 1418 3439 1475 3521; x_wconf 92' lang='lat' dir='ltr'><strong>qui</strong></span> <span class='ocrx_word' id='word_1_519' title='bbox 1495 3448 1666 3521; x_wconf 88' lang='lat' dir='ltr'><strong>peecatum</strong></span> <span class='ocrx_word' id='word_1_520' title='bbox 1687 3462 1753 3505; x_wconf 92' lang='lat' dir='ltr'><strong>non</strong></span> <span class='ocrx_word' id='word_1_521' title='bbox 1775 3443 1875 3522; x_wconf 88' lang='lat' dir='ltr'><strong>novit,</strong></span> <span class='ocrx_word' id='word_1_522' title='bbox 1888 3442 1914 3527; x_wconf 88' lang='lat'><strong>¹)</strong></span> <span class='ocrx_word' id='word_1_523' title='bbox 1935 3464 1995 3525; x_wconf 91' lang='lat' dir='ltr'><strong>pro</strong></span> <span class='ocrx_word' id='word_1_524' title='bbox 2016 3444 2109 3508; x_wconf 90' lang='lat' dir='ltr'><strong>nobis</strong></span> <span class='ocrx_word' id='word_1_525' title='bbox 2126 3464 2200 3524; x_wconf 90' lang='lat' dir='ltr'><strong>pee-</strong></span> 
     </span>
     <span class='ocr_line' id='line_1_37' title="bbox 147 3525 2200 3611; baseline -0 -18"><span class='ocrx_word' id='word_1_526' title='bbox 147 3594 150 3599; x_wconf 75' lang='grc'>,</span> <span class='ocrx_word' id='word_1_527' title='bbox 200 3527 311 3593; x_wconf 88' lang='lat' dir='ltr'><strong>dinem</strong></span> <span class='ocrx_word' id='word_1_528' title='bbox 333 3526 459 3591; x_wconf 90' lang='lat' dir='ltr'><strong>homini</strong></span> <span class='ocrx_word' id='word_1_529' title='bbox 485 3526 646 3610; x_wconf 86' lang='lat' dir='ltr'><strong>assignari</strong></span> <span class='ocrx_word' id='word_1_530' title='bbox 664 3525 742 3592; x_wconf 91' lang='lat' dir='ltr'><strong>dicit</strong></span> <span class='ocrx_word' id='word_1_531' title='bbox 759 3525 870 3609; x_wconf 87' lang='lat' dir='ltr'><strong>(Rem.</strong></span> <span class='ocrx_word' id='word_1_532' title='bbox 889 3532 919 3605; x_wconf 81' lang='lat'><strong>4,</strong></span> <span class='ocrx_word' id='word_1_533' title='bbox 940 3527 984 3611; x_wconf 87' lang='grc'><strong>6),</strong></span> <span class='ocrx_word' id='word_1_534' title='bbox 1007 3529 1060 3593; x_wconf 91' lang='lat' dir='ltr'><strong>eui</strong></span> <span class='ocrx_word' id='word_1_535' title='bbox 1081 3529 1174 3593; x_wconf 92' lang='lat' dir='ltr'><strong>Deus</strong></span> <span class='ocrx_word' id='word_1_536' title='bbox 1226 3534 1335 3593; x_wconf 89' lang='lat' dir='ltr'><strong>catum</strong></span> <span class='ocrx_word' id='word_1_537' title='bbox 1357 3525 1441 3603; x_wconf 85' lang='lat' dir='ltr'><strong>feeit,</strong></span> <span class='ocrx_word' id='word_1_538' title='bbox 1465 3531 1503 3588; x_wconf 90' lang='lat' dir='ltr'><strong>ut</strong></span> <span class='ocrx_word' id='word_1_539' title='bbox 1523 3526 1648 3591; x_wconf 90' lang='lat' dir='ltr'><strong>iustitia</strong></span> <span class='ocrx_word' id='word_1_540' title='bbox 1669 3528 1734 3592; x_wconf 91' lang='lat' dir='ltr'><strong>Dei</strong></span> <span class='ocrx_word' id='word_1_541' title='bbox 1755 3528 1960 3594; x_wconf 88' lang='lat' dir='ltr'><strong>efficeremur</strong></span> <span class='ocrx_word' id='word_1_542' title='bbox 1980 3530 2015 3592; x_wconf 92' lang='lat' dir='ltr'><strong>in</strong></span> <span class='ocrx_word' id='word_1_543' title='bbox 2037 3528 2100 3593; x_wconf 91' lang='lat' dir='ltr'><strong>illo.</strong></span> <span class='ocrx_word' id='word_1_544' title='bbox 2143 3529 2200 3592; x_wconf 91' lang='lat' dir='ltr'><strong>Iu·</strong></span> 
     </span>
     <span class='ocr_line' id='line_1_38' title="bbox 195 3611 2198 3698; baseline -0.001 -19"><span class='ocrx_word' id='word_1_545' title='bbox 195 3614 265 3680; x_wconf 92' lang='lat' dir='ltr'><strong>sine</strong></span> <span class='ocrx_word' id='word_1_546' title='bbox 287 3613 438 3695; x_wconf 86' lang='lat' dir='ltr'><strong>operibus</strong></span> <span class='ocrx_word' id='word_1_547' title='bbox 459 3612 599 3695; x_wconf 88' lang='lat' dir='ltr'><strong>imputat</strong></span> <span class='ocrx_word' id='word_1_548' title='bbox 620 3613 787 3677; x_wconf 90' lang='lat' dir='ltr'><strong>iustitiam.</strong></span> <span class='ocrx_word' id='word_1_549' title='bbox 833 3613 957 3678; x_wconf 79' lang='lat' dir='ltr'><strong>Facere</strong></span> <span class='ocrx_word' id='word_1_550' title='bbox 979 3635 1057 3698; x_wconf 90' lang='lat' dir='ltr'><strong>ergo</strong></span> <span class='ocrx_word' id='word_1_551' title='bbox 1074 3614 1173 3678; x_wconf 92' lang='lat' dir='ltr'><strong>nullis</strong></span> <span class='ocrx_word' id='word_1_552' title='bbox 1226 3613 1348 3679; x_wconf 90' lang='lat' dir='ltr'><strong>stitiam</strong></span> <span class='ocrx_word' id='word_1_553' title='bbox 1371 3617 1404 3676; x_wconf 91' lang='lat' dir='ltr'><strong>et</strong></span> <span class='ocrx_word' id='word_1_554' title='bbox 1436 3611 1730 3677; x_wconf 88' lang='lat' dir='ltr'><strong>reconciliationem</strong></span> <span class='ocrx_word' id='word_1_555' title='bbox 1752 3614 1806 3679; x_wconf 92' lang='lat' dir='ltr'><strong>hic</strong></span> <span class='ocrx_word' id='word_1_556' title='bbox 1832 3615 2014 3697; x_wconf 88' lang='lat' dir='ltr'><strong>promiscue</strong></span> <span class='ocrx_word' id='word_1_557' title='bbox 2041 3615 2198 3693; x_wconf 87' lang='lat' dir='ltr'><strong>nominat,</strong></span> 
     </span>
     <span class='ocr_line' id='line_1_39' title="bbox 195 3696 2200 3782; baseline -0.001 -17"><span class='ocrx_word' id='word_1_558' title='bbox 195 3699 321 3765; x_wconf 84' lang='lat' dir='ltr'><strong>cavillis</strong></span> <span class='ocrx_word' id='word_1_559' title='bbox 338 3704 481 3780; x_wconf 90' lang='lat' dir='ltr'><strong>possunt,</strong></span> <span class='ocrx_word' id='word_1_560' title='bbox 504 3699 584 3780; x_wconf 91' lang='lat' dir='ltr'><strong>quin</strong></span> <span class='ocrx_word' id='word_1_561' title='bbox 601 3698 788 3782; x_wconf 80' lang='lat' dir='ltr'><strong>generalem</strong></span> <span class='ocrx_word' id='word_1_562' title='bbox 805 3697 1005 3774; x_wconf 81' lang='lat' dir='ltr'><strong>exclusivum</strong></span> <span class='ocrx_word' id='word_1_563' title='bbox 1028 3699 1173 3765; x_wconf 90' lang='lat' dir='ltr'><strong>obtinea-</strong></span> <span class='ocrx_word' id='word_1_564' title='bbox 1226 3707 1263 3763; x_wconf 92' lang='lat' dir='ltr'><strong>ut</strong></span> <span class='ocrx_word' id='word_1_565' title='bbox 1291 3699 1431 3763; x_wconf 87' lang='lat' dir='ltr'><strong>alterum</strong></span> <span class='ocrx_word' id='word_1_566' title='bbox 1458 3696 1518 3761; x_wconf 88' lang='lat' dir='ltr'><strong>sub</strong></span> <span class='ocrx_word' id='word_1_567' title='bbox 1546 3696 1647 3762; x_wconf 90' lang='lat' dir='ltr'><strong>altero</strong></span> <span class='ocrx_word' id='word_1_568' title='bbox 1677 3699 1821 3764; x_wconf 90' lang='lat' dir='ltr'><strong>vicissim</strong></span> <span class='ocrx_word' id='word_1_569' title='bbox 1848 3701 2008 3765; x_wconf 87' lang='lat' dir='ltr'><strong>contineri</strong></span> <span class='ocrx_word' id='word_1_570' title='bbox 2036 3699 2200 3781; x_wconf 89' lang='lat' dir='ltr'><strong>intelliga-</strong></span> 
     </span>
     <span class='ocr_line' id='line_1_40' title="bbox 194 3781 2199 3868; baseline 0 -20"><span class='ocrx_word' id='word_1_571' title='bbox 194 3805 277 3849; x_wconf 90' lang='lat' dir='ltr'><strong>mus.</strong></span> <span class='ocrx_word' id='word_1_572' title='bbox 322 3785 373 3848; x_wconf 91' lang='lat' dir='ltr'><strong>Ae</strong></span> <span class='ocrx_word' id='word_1_573' title='bbox 400 3785 523 3848; x_wconf 79' lang='lat' dir='ltr'><strong>trustra</strong></span> <span class='ocrx_word' id='word_1_574' title='bbox 550 3785 649 3849; x_wconf 85' lang='lat' dir='ltr'><strong>etiarn</strong></span> <span class='ocrx_word' id='word_1_575' title='bbox 675 3784 827 3848; x_wconf 86' lang='lat' dir='ltr'><strong>frivolam</strong></span> <span class='ocrx_word' id='word_1_576' title='bbox 856 3785 1069 3850; x_wconf 89' lang='lat' dir='ltr'><strong>subtilitatem</strong></span> <span class='ocrx_word' id='word_1_577' title='bbox 1097 3807 1173 3868; x_wconf 90' lang='lat' dir='ltr'><strong>cap-</strong></span> <span class='ocrx_word' id='word_1_578' title='bbox 1225 3807 1308 3850; x_wconf 91' lang='lat' dir='ltr'><strong>mus.</strong></span> <span class='ocrx_word' id='word_1_579' title='bbox 1358 3781 1497 3849; x_wconf 90' lang='lat' dir='ltr'><strong>Modum</strong></span> <span class='ocrx_word' id='word_1_580' title='bbox 1531 3789 1641 3847; x_wconf 90' lang='lat' dir='ltr'><strong>autem</strong></span> <span class='ocrx_word' id='word_1_581' title='bbox 1675 3785 1894 3868; x_wconf 88' lang='lat' dir='ltr'><strong>assequendae</strong></span> <span class='ocrx_word' id='word_1_582' title='bbox 1925 3786 2022 3850; x_wconf 90' lang='lat' dir='ltr'><strong>huius</strong></span> <span class='ocrx_word' id='word_1_583' title='bbox 2055 3785 2199 3849; x_wconf 91' lang='lat' dir='ltr'><strong>iustitiae</strong></span> 
     </span>
     <span class='ocr_line' id='line_1_41' title="bbox 194 3868 2199 3954; baseline 0 -19"><span class='ocrx_word' id='word_1_584' title='bbox 194 3877 282 3948; x_wconf 90' lang='lat' dir='ltr'><strong>tant,</strong></span> <span class='ocrx_word' id='word_1_585' title='bbox 312 3870 481 3935; x_wconf 88' lang='lat' dir='ltr'><strong>iustificari</strong></span> <span class='ocrx_word' id='word_1_586' title='bbox 502 3890 561 3934; x_wconf 94' lang='lat' dir='ltr'><strong>nos</strong></span> <span class='ocrx_word' id='word_1_587' title='bbox 583 3871 652 3935; x_wconf 88' lang='lat' dir='ltr'><strong>sola</strong></span> <span class='ocrx_word' id='word_1_588' title='bbox 673 3869 754 3947; x_wconf 92' lang='lat' dir='ltr'><strong>fide,</strong></span> <span class='ocrx_word' id='word_1_589' title='bbox 783 3891 866 3952; x_wconf 91' lang='lat' dir='ltr'><strong>quae</strong></span> <span class='ocrx_word' id='word_1_590' title='bbox 887 3890 947 3952; x_wconf 92' lang='lat' dir='ltr'><strong>per</strong></span> <span class='ocrx_word' id='word_1_591' title='bbox 968 3871 1172 3937; x_wconf 89' lang='lat' dir='ltr'><strong>dilectionem</strong></span> <span class='ocrx_word' id='word_1_592' title='bbox 1209 3870 1332 3948; x_wconf 69' lang='lat' dir='ltr'><strong>docet,</strong></span> <span class='ocrx_word' id='word_1_593' title='bbox 1361 3868 1440 3934; x_wconf 91' lang='lat' dir='ltr'><strong>dum</strong></span> <span class='ocrx_word' id='word_1_594' title='bbox 1467 3868 1559 3933; x_wconf 83' lang='lat' dir='ltr'><strong>nobis</strong></span> <span class='ocrx_word' id='word_1_595' title='bbox 1587 3869 1705 3935; x_wconf 87' lang='lat' dir='ltr'><strong>delicta</strong></span> <span class='ocrx_word' id='word_1_596' title='bbox 1730 3892 1798 3935; x_wconf 92' lang='lat' dir='ltr'><strong>non</strong></span> <span class='ocrx_word' id='word_1_597' title='bbox 1824 3873 2035 3954; x_wconf 86' lang='lat' dir='ltr'><strong>imputantur.</strong></span> <span class='ocrx_word' id='word_1_598' title='bbox 2086 3868 2199 3949; x_wconf 78' lang='lat' dir='ltr'><strong>Quare</strong></span> 
     </span>
     <span class='ocr_line' id='line_1_42' title="bbox 194 3952 2199 4040; baseline -0.001 -19"><span class='ocrx_word' id='word_1_599' title='bbox 194 3961 358 4039; x_wconf 75' lang='lat' dir='ltr'><strong>operatur,</strong></span> <span class='ocrx_word' id='word_1_600' title='bbox 383 3964 420 4019; x_wconf 93' lang='lat' dir='ltr'><strong>ut</strong></span> <span class='ocrx_word' id='word_1_601' title='bbox 441 3956 565 4020; x_wconf 90' lang='lat' dir='ltr'><strong>nitatur</strong></span> <span class='ocrx_word' id='word_1_602' title='bbox 586 3956 720 4022; x_wconf 90' lang='lat' dir='ltr'><strong>caritate</strong></span> <span class='ocrx_word' id='word_1_603' title='bbox 742 3956 874 4020; x_wconf 89' lang='lat' dir='ltr'><strong>iustitia.</strong></span> <span class='ocrx_word' id='word_1_604' title='bbox 919 3956 1079 4022; x_wconf 85' lang='lat' dir='ltr'><strong>Fatemur</strong></span> <span class='ocrx_word' id='word_1_605' title='bbox 1099 3959 1171 4040; x_wconf 88' lang='lat' dir='ltr'><strong>qui-</strong></span> <span class='ocrx_word' id='word_1_606' title='bbox 1224 3977 1267 4023; x_wconf 93' lang='lat' dir='ltr'><strong>ne</strong></span> <span class='ocrx_word' id='word_1_607' title='bbox 1298 3954 1434 4039; x_wconf 86' lang='lat' dir='ltr'><strong>posthae</strong></span> <span class='ocrx_word' id='word_1_608' title='bbox 1463 3952 1605 4033; x_wconf 89' lang='lat' dir='ltr'><strong>dubites,</strong></span> <span class='ocrx_word' id='word_1_609' title='bbox 1639 3956 1798 4039; x_wconf 90' lang='lat' dir='ltr'><strong>quomedo</strong></span> <span class='ocrx_word' id='word_1_610' title='bbox 1830 3979 1889 4022; x_wconf 90' lang='lat' dir='ltr'><strong>nos</strong></span> <span class='ocrx_word' id='word_1_611' title='bbox 1919 3956 2011 4021; x_wconf 92' lang='lat' dir='ltr'><strong>Deus</strong></span> <span class='ocrx_word' id='word_1_612' title='bbox 2036 3955 2199 4034; x_wconf 85' lang='lat' dir='ltr'><strong>iustificat,</strong></span> 
     </span>
     <span class='ocr_line' id='line_1_43' title="bbox 103 4040 2200 4126; baseline 0 -20"><span class='ocrx_word' id='word_1_613' title='bbox 103 4103 106 4114; x_wconf 90' lang='grc'>,</span> <span class='ocrx_word' id='word_1_614' title='bbox 194 4040 269 4108; x_wconf 90' lang='lat' dir='ltr'><strong>dem</strong></span> <span class='ocrx_word' id='word_1_615' title='bbox 292 4061 366 4105; x_wconf 92' lang='lat' dir='ltr'><strong>cum</strong></span> <span class='ocrx_word' id='word_1_616' title='bbox 387 4041 507 4119; x_wconf 90' lang='lat' dir='ltr'><strong>Paulo,</strong></span> <span class='ocrx_word' id='word_1_617' title='bbox 523 4063 597 4126; x_wconf 9' lang='lat' dir='ltr'><strong>*non</strong></span> <span class='ocrx_word' id='word_1_618' title='bbox 618 4042 718 4107; x_wconf 91' lang='lat' dir='ltr'><strong>aliam</strong></span> <span class='ocrx_word' id='word_1_619' title='bbox 739 4041 839 4106; x_wconf 90' lang='lat' dir='ltr'><strong>fidem</strong></span> <span class='ocrx_word' id='word_1_620' title='bbox 860 4043 1050 4121; x_wconf 87' lang='lat' dir='ltr'><strong>iustificare,</strong></span> <span class='ocrx_word' id='word_1_621' title='bbox 1073 4065 1172 4126; x_wconf 91' lang='lat' dir='ltr'><strong>quam</strong></span> <span class='ocrx_word' id='word_1_622' title='bbox 1224 4063 1327 4125; x_wconf 90' lang='lat' dir='ltr'><strong>quum</strong></span> <span class='ocrx_word' id='word_1_623' title='bbox 1354 4040 1448 4106; x_wconf 90' lang='lat' dir='ltr'><strong>audis</strong></span> <span class='ocrx_word' id='word_1_624' title='bbox 1481 4041 1691 4107; x_wconf 88' lang='lat' dir='ltr'><strong>reconciliare</strong></span> <span class='ocrx_word' id='word_1_625' title='bbox 1720 4063 1779 4108; x_wconf 88' lang='lat' dir='ltr'><strong>nos</strong></span> <span class='ocrx_word' id='word_1_626' title='bbox 1806 4043 1883 4122; x_wconf 90' lang='lat' dir='ltr'><strong>sibi,</strong></span> <span class='ocrx_word' id='word_1_627' title='bbox 1916 4062 1982 4106; x_wconf 95' lang='lat' dir='ltr'><strong>non</strong></span> <span class='ocrx_word' id='word_1_628' title='bbox 2008 4041 2200 4123; x_wconf 91' lang='lat' dir='ltr'><strong>imputando</strong></span> 
     </span>
     <span class='ocr_line' id='line_1_44' title="bbox 192 4124 2200 4212; baseline 0 -20"><span class='ocrx_word' id='word_1_629' title='bbox 192 4127 285 4192; x_wconf 90' lang='lat' dir='ltr'><strong>illam</strong></span> <span class='ocrx_word' id='word_1_630' title='bbox 313 4128 447 4191; x_wconf 88' lang='lat' dir='ltr'><strong>caritate</strong></span> <span class='ocrx_word' id='word_1_631' title='bbox 474 4128 652 4208; x_wconf 90' lang='lat' dir='ltr'><strong>efficacem;</strong></span> <span class='ocrx_word' id='word_1_632' title='bbox 681 4126 738 4192; x_wconf 86' lang='lat' dir='ltr'><strong>sed</strong></span> <span class='ocrx_word' id='word_1_633' title='bbox 768 4128 810 4193; x_wconf 93' lang='lat' dir='ltr'><strong>ab</strong></span> <span class='ocrx_word' id='word_1_634' title='bbox 838 4128 896 4192; x_wconf 93' lang='lat' dir='ltr'><strong>illa</strong></span> <span class='ocrx_word' id='word_1_635' title='bbox 925 4130 1068 4194; x_wconf 89' lang='lat' dir='ltr'><strong>caritatis</strong></span> <span class='ocrx_word' id='word_1_636' title='bbox 1101 4130 1171 4194; x_wconf 87' lang='lat' dir='ltr'><strong>effi·</strong></span> <span class='ocrx_word' id='word_1_637' title='bbox 1224 4127 1349 4193; x_wconf 89' lang='lat' dir='ltr'><strong>delicta.</strong></span> <span class='ocrx_word' id='word_1_638' title='bbox 1395 4124 1453 4192; x_wconf 81' lang='lat' dir='ltr'><strong>Sic</strong></span> <span class='ocrx_word' id='word_1_639' title='bbox 1473 4125 1514 4189; x_wconf 90' lang='lat' dir='ltr'><strong>ad</strong></span> <span class='ocrx_word' id='word_1_640' title='bbox 1536 4124 1702 4193; x_wconf 76' lang='lat' dir='ltr'><strong>Romanoe</strong></span> <span class='ocrx_word' id='word_1_641' title='bbox 1727 4127 1771 4212; x_wconf 83' lang='lat'><strong>(4,</strong></span> <span class='ocrx_word' id='word_1_642' title='bbox 1791 4126 1826 4212; x_wconf 90' lang='grc'><strong>6)</strong></span> <span class='ocrx_word' id='word_1_643' title='bbox 1848 4127 1986 4193; x_wconf 86' lang='lat' dir='ltr'><strong>Davidis</strong></span> <span class='ocrx_word' id='word_1_644' title='bbox 2014 4129 2200 4193; x_wconf 90' lang='lat' dir='ltr'><strong>testimonio</strong></span> 
     </span>
     <span class='ocr_line' id='line_1_45' title="bbox 191 4212 2198 4297; baseline -0.001 -17"><span class='ocrx_word' id='word_1_645' title='bbox 191 4214 282 4280; x_wconf 87' lang='lat' dir='ltr'><strong>cacia</strong></span> <span class='ocrx_word' id='word_1_646' title='bbox 314 4212 510 4278; x_wconf 88' lang='lat' dir='ltr'><strong>iustificaudi</strong></span> <span class='ocrx_word' id='word_1_647' title='bbox 543 4215 611 4279; x_wconf 92' lang='lat' dir='ltr'><strong>vim</strong></span> <span class='ocrx_word' id='word_1_648' title='bbox 643 4235 710 4279; x_wconf 92' lang='lat' dir='ltr'><strong>non</strong></span> <span class='ocrx_word' id='word_1_649' title='bbox 744 4215 852 4278; x_wconf 88' lang='lat' dir='ltr'><strong>sumit.</strong></span> <span class='ocrx_word' id='word_1_650' title='bbox 908 4214 981 4278; x_wconf 93' lang='lat' dir='ltr'><strong>Imo</strong></span> <span class='ocrx_word' id='word_1_651' title='bbox 1011 4236 1077 4280; x_wconf 94' lang='lat' dir='ltr'><strong>non</strong></span> <span class='ocrx_word' id='word_1_652' title='bbox 1106 4214 1171 4279; x_wconf 90' lang='lat' dir='ltr'><strong>alia</strong></span> <span class='ocrx_word' id='word_1_653' title='bbox 1223 4214 1352 4296; x_wconf 87' lang='lat' dir='ltr'><strong>probat,</strong></span> <span class='ocrx_word' id='word_1_654' title='bbox 1392 4212 1518 4278; x_wconf 91' lang='lat' dir='ltr'><strong>homini</strong></span> <span class='ocrx_word' id='word_1_655' title='bbox 1551 4215 1707 4296; x_wconf 87' lang='lat' dir='ltr'><strong>imputari</strong></span> <span class='ocrx_word' id='word_1_656' title='bbox 1746 4214 1904 4279; x_wconf 88' lang='lat' dir='ltr'><strong>iustitiam</strong></span> <span class='ocrx_word' id='word_1_657' title='bbox 1935 4214 2006 4279; x_wconf 88' lang='lat' dir='ltr'><strong>sine</strong></span> <span class='ocrx_word' id='word_1_658' title='bbox 2038 4214 2198 4297; x_wconf 90' lang='lat' dir='ltr'><strong>operibus,</strong></span> 
     </span>
     <span class='ocr_line' id='line_1_46' title="bbox 192 4299 2198 4383; baseline -0.001 -18"><span class='ocrx_word' id='word_1_659' title='bbox 192 4300 319 4365; x_wconf 88' lang='lat' dir='ltr'><strong>ratione</strong></span> <span class='ocrx_word' id='word_1_660' title='bbox 341 4300 510 4379; x_wconf 90' lang='lat' dir='ltr'><strong>iustificat,</strong></span> <span class='ocrx_word' id='word_1_661' title='bbox 533 4301 597 4365; x_wconf 91' lang='lat' dir='ltr'><strong>nisi</strong></span> <span class='ocrx_word' id='word_1_662' title='bbox 619 4301 695 4381; x_wconf 90' lang='lat' dir='ltr'><strong>quia</strong></span> <span class='ocrx_word' id='word_1_663' title='bbox 716 4300 751 4363; x_wconf 93' lang='lat' dir='ltr'><strong>in</strong></span> <span class='ocrx_word' id='word_1_664' title='bbox 773 4301 1099 4366; x_wconf 90' lang='lat' dir='ltr'><strong>communicationem</strong></span> <span class='ocrx_word' id='word_1_665' title='bbox 1120 4301 1170 4365; x_wconf 91' lang='lat' dir='ltr'><strong>iu·</strong></span> <span class='ocrx_word' id='word_1_666' title='bbox 1222 4301 1300 4383; x_wconf 90' lang='lat' dir='ltr'><strong>quia</strong></span> <span class='ocrx_word' id='word_1_667' title='bbox 1321 4300 1376 4364; x_wconf 91' lang='lat' dir='ltr'><strong>ille</strong></span> <span class='ocrx_word' id='word_1_668' title='bbox 1398 4299 1530 4364; x_wconf 89' lang='lat' dir='ltr'><strong>beatum</strong></span> <span class='ocrx_word' id='word_1_669' title='bbox 1550 4301 1741 4381; x_wconf 90' lang='lat' dir='ltr'><strong>prenuntiat</strong></span> <span class='ocrx_word' id='word_1_670' title='bbox 1762 4300 1943 4379; x_wconf 90' lang='lat' dir='ltr'><strong>hominem,</strong></span> <span class='ocrx_word' id='word_1_671' title='bbox 1966 4299 2058 4366; x_wconf 90' lang='lat' dir='ltr'><strong>cuius</strong></span> <span class='ocrx_word' id='word_1_672' title='bbox 2085 4300 2198 4363; x_wconf 90' lang='lat' dir='ltr'><strong>remis-</strong></span> 
     </span>
     <span class='ocr_line' id='line_1_47' title="bbox 128 4382 2198 4469; baseline -0.001 -18"><span class='ocrx_word' id='word_1_673' title='bbox 128 4382 138 4405; x_wconf 63' lang='lat'><strong>*</strong></span> <span class='ocrx_word' id='word_1_674' title='bbox 193 4386 300 4451; x_wconf 89' lang='lat' dir='ltr'><strong>stitiae</strong></span> <span class='ocrx_word' id='word_1_675' title='bbox 323 4383 448 4450; x_wconf 79' lang='lat' dir='ltr'><strong>Christi</strong></span> <span class='ocrx_word' id='word_1_676' title='bbox 474 4408 533 4451; x_wconf 90' lang='lat' dir='ltr'><strong>nes</strong></span> <span class='ocrx_word' id='word_1_677' title='bbox 557 4384 698 4464; x_wconf 88' lang='lat' dir='ltr'><strong>inducit;</strong></span> <span class='ocrx_word' id='word_1_678' title='bbox 726 4385 847 4468; x_wconf 88' lang='lat' dir='ltr'><strong>alioqui</strong></span> <span class='ocrx_word' id='word_1_679' title='bbox 873 4387 1038 4451; x_wconf 84' lang='lat' dir='ltr'><strong>excideret</strong></span> <span class='ocrx_word' id='word_1_680' title='bbox 1066 4383 1100 4449; x_wconf 91' lang='lat' dir='ltr'><strong>id</strong></span> <span class='ocrx_word' id='word_1_681' title='bbox 1121 4393 1169 4449; x_wconf 91' lang='lat' dir='ltr'><strong>to-</strong></span> <span class='ocrx_word' id='word_1_682' title='bbox 1223 4407 1278 4451; x_wconf 91' lang='lat' dir='ltr'><strong>sae</strong></span> <span class='ocrx_word' id='word_1_683' title='bbox 1305 4394 1383 4450; x_wconf 92' lang='lat' dir='ltr'><strong>sunt</strong></span> <span class='ocrx_word' id='word_1_684' title='bbox 1408 4386 1610 4468; x_wconf 86' lang='lat' dir='ltr'><strong>iniquitates,</strong></span> <span class='ocrx_word' id='word_1_685' title='bbox 1640 4386 1733 4452; x_wconf 92' lang='lat' dir='ltr'><strong>euius</strong></span> <span class='ocrx_word' id='word_1_686' title='bbox 1759 4394 1846 4451; x_wconf 88' lang='lat' dir='ltr'><strong>tecta</strong></span> <span class='ocrx_word' id='word_1_687' title='bbox 1867 4395 1944 4451; x_wconf 90' lang='lat' dir='ltr'><strong>sunt</strong></span> <span class='ocrx_word' id='word_1_688' title='bbox 1970 4393 2118 4469; x_wconf 89' lang='lat' dir='ltr'><strong>peccata,</strong></span> <span class='ocrx_word' id='word_1_689' title='bbox 2146 4385 2198 4449; x_wconf 92' lang='lat' dir='ltr'><strong>eui</strong></span> 
     </span>
     <span class='ocr_line' id='line_1_48' title="bbox 192 4469 2198 4556; baseline -0.001 -20"><span class='ocrx_word' id='word_1_690' title='bbox 192 4477 280 4550; x_wconf 88' lang='lat' dir='ltr'><strong>tum,</strong></span> <span class='ocrx_word' id='word_1_691' title='bbox 310 4469 396 4554; x_wconf 94' lang='lat' dir='ltr'><strong>quod</strong></span> <span class='ocrx_word' id='word_1_692' title='bbox 428 4479 520 4537; x_wconf 89' lang='lat' dir='ltr'><strong>tanta</strong></span> <span class='ocrx_word' id='word_1_693' title='bbox 546 4473 752 4537; x_wconf 90' lang='lat' dir='ltr'><strong>contentione</strong></span> <span class='ocrx_word' id='word_1_694' title='bbox 780 4472 944 4554; x_wconf 89' lang='lat' dir='ltr'><strong>apostolus</strong></span> <span class='ocrx_word' id='word_1_695' title='bbox 972 4477 1076 4556; x_wconf 87' lang='lat' dir='ltr'><strong>urget.</strong></span> <span class='ocrx_word' id='word_1_696' title='bbox 1127 4471 1170 4534; x_wconf 88' lang='lat' dir='ltr'><strong>Ei</strong></span> <span class='ocrx_word' id='word_1_697' title='bbox 1222 4473 1387 4537; x_wconf 88' lang='lat' dir='ltr'><strong>Dominus</strong></span> <span class='ocrx_word' id='word_1_698' title='bbox 1407 4492 1474 4536; x_wconf 93' lang='lat' dir='ltr'><strong>non</strong></span> <span class='ocrx_word' id='word_1_699' title='bbox 1495 4472 1672 4553; x_wconf 90' lang='lat' dir='ltr'><strong>imputavit</strong></span> <span class='ocrx_word' id='word_1_700' title='bbox 1690 4472 1815 4537; x_wconf 91' lang='lat' dir='ltr'><strong>delicta.</strong></span> <span class='ocrx_word' id='word_1_701' title='bbox 1860 4471 2106 4537; x_wconf 88' lang='lat' dir='ltr'><strong>Beatitudinem</strong></span> <span class='ocrx_word' id='word_1_702' title='bbox 2123 4491 2198 4553; x_wconf 89' lang='lat' dir='ltr'><strong>prc-</strong></span> 
     </span>
     <span class='ocr_line' id='line_1_49' title="bbox 192 4556 2198 4641; baseline -0.001 -19"><span class='ocrx_word' id='word_1_703' title='bbox 192 4558 248 4640; x_wconf 90' lang='lat' dir='ltr'><strong>qui</strong></span> <span class='ocrx_word' id='word_1_704' title='bbox 271 4564 439 4639; x_wconf 89' lang='lat' dir='ltr'><strong>operatur,</strong></span> <span class='ocrx_word' id='word_1_705' title='bbox 468 4560 514 4623; x_wconf 90' lang='lat' dir='ltr'><strong>ait</strong></span> <span class='ocrx_word' id='word_1_706' title='bbox 536 4558 645 4640; x_wconf 86' lang='lat' dir='ltr'><strong>(Rom.</strong></span> <span class='ocrx_word' id='word_1_707' title='bbox 665 4563 695 4636; x_wconf 88' lang='grc'><strong>4,</strong></span> <span class='ocrx_word' id='word_1_708' title='bbox 715 4556 767 4641; x_wconf 88' lang='grc'><strong>4),</strong></span> <span class='ocrx_word' id='word_1_709' title='bbox 793 4578 859 4621; x_wconf 91' lang='lat' dir='ltr'><strong>nen</strong></span> <span class='ocrx_word' id='word_1_710' title='bbox 881 4559 1063 4640; x_wconf 86' lang='lat' dir='ltr'><strong>imputatur</strong></span> <span class='ocrx_word' id='word_1_711' title='bbox 1083 4577 1170 4621; x_wconf 88' lang='lat' dir='ltr'><strong>mer·</strong></span> <span class='ocrx_word' id='word_1_712' title='bbox 1222 4559 1275 4624; x_wconf 92' lang='lat' dir='ltr'><strong>cul</strong></span> <span class='ocrx_word' id='word_1_713' title='bbox 1297 4558 1395 4623; x_wconf 92' lang='lat' dir='ltr'><strong>dubio</strong></span> <span class='ocrx_word' id='word_1_714' title='bbox 1416 4577 1476 4639; x_wconf 92' lang='lat' dir='ltr'><strong>pro</strong></span> <span class='ocrx_word' id='word_1_715' title='bbox 1501 4558 1627 4622; x_wconf 89' lang='lat' dir='ltr'><strong>iustitia</strong></span> <span class='ocrx_word' id='word_1_716' title='bbox 1648 4557 1715 4623; x_wconf 91' lang='lat' dir='ltr'><strong>illie</strong></span> <span class='ocrx_word' id='word_1_717' title='bbox 1736 4558 1835 4640; x_wconf 88' lang='lat' dir='ltr'><strong>ponit.</strong></span> <span class='ocrx_word' id='word_1_718' title='bbox 1881 4558 1967 4622; x_wconf 88' lang='lat' dir='ltr'><strong>Eam</strong></span> <span class='ocrx_word' id='word_1_719' title='bbox 1988 4579 2089 4639; x_wconf 89' lang='lat' dir='ltr'><strong>quum</strong></span> <span class='ocrx_word' id='word_1_720' title='bbox 2111 4577 2198 4622; x_wconf 90' lang='lat' dir='ltr'><strong>asse-</strong></span> 
     </span>
     <span class='ocr_line' id='line_1_50' title="bbox 192 4641 2198 4728; baseline -0.003 -19"><span class='ocrx_word' id='word_1_721' title='bbox 192 4663 245 4709; x_wconf 88' lang='lat' dir='ltr'><strong>ces</strong></span> <span class='ocrx_word' id='word_1_722' title='bbox 267 4642 446 4707; x_wconf 89' lang='lat' dir='ltr'><strong>seeundum</strong></span> <span class='ocrx_word' id='word_1_723' title='bbox 469 4645 623 4728; x_wconf 87' lang='lat' dir='ltr'><strong>gratiam,</strong></span> <span class='ocrx_word' id='word_1_724' title='bbox 648 4642 705 4708; x_wconf 88' lang='lat' dir='ltr'><strong>sed</strong></span> <span class='ocrx_word' id='word_1_725' title='bbox 727 4641 906 4708; x_wconf 90' lang='lat' dir='ltr'><strong>secundum</strong></span> <span class='ocrx_word' id='word_1_726' title='bbox 929 4642 1082 4707; x_wconf 89' lang='lat' dir='ltr'><strong>debitum.</strong></span> <span class='ocrx_word' id='word_1_727' title='bbox 1127 4643 1170 4706; x_wconf 88' lang='lat' dir='ltr'><strong>Ei</strong></span> <span class='ocrx_word' id='word_1_728' title='bbox 1221 4651 1274 4708; x_wconf 90' lang='lat' dir='ltr'><strong>rat</strong></span> <span class='ocrx_word' id='word_1_729' title='bbox 1305 4644 1340 4707; x_wconf 94' lang='lat' dir='ltr'><strong>in</strong></span> <span class='ocrx_word' id='word_1_730' title='bbox 1372 4645 1562 4709; x_wconf 87' lang='lat' dir='ltr'><strong>remissione</strong></span> <span class='ocrx_word' id='word_1_731' title='bbox 1593 4651 1801 4726; x_wconf 89' lang='lat' dir='ltr'><strong>peccatorum</strong></span> <span class='ocrx_word' id='word_1_732' title='bbox 1826 4645 2018 4721; x_wconf 89' lang='lat' dir='ltr'><strong>consistere,</strong></span> <span class='ocrx_word' id='word_1_733' title='bbox 2052 4663 2120 4707; x_wconf 93' lang='lat' dir='ltr'><strong>nen</strong></span> <span class='ocrx_word' id='word_1_734' title='bbox 2149 4649 2198 4706; x_wconf 89' lang='lat' dir='ltr'><strong>est</strong></span> 
     </span>
     <span class='ocr_line' id='line_1_51' title="bbox 192 4727 2196 4812; baseline -0.002 -18"><span class='ocrx_word' id='word_1_735' title='bbox 192 4749 269 4794; x_wconf 88' lang='lat' dir='ltr'><strong>vero</strong></span> <span class='ocrx_word' id='word_1_736' title='bbox 292 4731 435 4810; x_wconf 92' lang='lat' dir='ltr'><strong>quinon</strong></span> <span class='ocrx_word' id='word_1_737' title='bbox 458 4738 620 4812; x_wconf 88' lang='lat' dir='ltr'><strong>operatur,</strong></span> <span class='ocrx_word' id='word_1_738' title='bbox 643 4729 700 4793; x_wconf 90' lang='lat' dir='ltr'><strong>sed</strong></span> <span class='ocrx_word' id='word_1_739' title='bbox 724 4727 1169 4810; x_wconf 86' lang='lat' dir='ltr'><strong>ereditineumquiiusti·</strong></span> <span class='ocrx_word' id='word_1_740' title='bbox 1221 4751 1280 4795; x_wconf 91' lang='lat' dir='ltr'><strong>cur</strong></span> <span class='ocrx_word' id='word_1_741' title='bbox 1313 4729 1410 4793; x_wconf 91' lang='lat' dir='ltr'><strong>aliter</strong></span> <span class='ocrx_word' id='word_1_742' title='bbox 1448 4730 1554 4812; x_wconf 90' lang='lat' dir='ltr'><strong>ipsam</strong></span> <span class='ocrx_word' id='word_1_743' title='bbox 1588 4728 1789 4793; x_wconf 89' lang='lat' dir='ltr'><strong>definiamus.</strong></span> <span class='ocrx_word' id='word_1_744' title='bbox 1846 4729 1989 4794; x_wconf 88' lang='lat' dir='ltr'><strong>Proinde</strong></span> <span class='ocrx_word' id='word_1_745' title='bbox 2021 4728 2196 4794; x_wconf 84' lang='lat' dir='ltr'><strong>Zacharias</strong></span> 
     </span>
     <span class='ocr_line' id='line_1_52' title="bbox 190 4811 2196 4898; baseline -0.001 -19"><span class='ocrx_word' id='word_1_746' title='bbox 190 4815 269 4880; x_wconf 87' lang='lat' dir='ltr'><strong>ficat</strong></span> <span class='ocrx_word' id='word_1_747' title='bbox 301 4815 454 4896; x_wconf 91' lang='lat' dir='ltr'><strong>impium,</strong></span> <span class='ocrx_word' id='word_1_748' title='bbox 494 4817 676 4897; x_wconf 90' lang='lat' dir='ltr'><strong>imputatur</strong></span> <span class='ocrx_word' id='word_1_749' title='bbox 710 4835 771 4879; x_wconf 89' lang='lat' dir='ltr'><strong>sua</strong></span> <span class='ocrx_word' id='word_1_750' title='bbox 807 4811 889 4877; x_wconf 89' lang='lat' dir='ltr'><strong>fides</strong></span> <span class='ocrx_word' id='word_1_751' title='bbox 921 4813 962 4877; x_wconf 89' lang='lat' dir='ltr'><strong>ad</strong></span> <span class='ocrx_word' id='word_1_752' title='bbox 999 4814 1166 4880; x_wconf 89' lang='lat' dir='ltr'><strong>iustitiam.</strong></span> <span class='ocrx_word' id='word_1_753' title='bbox 1220 4823 1315 4896; x_wconf 90' lang='lat' dir='ltr'><strong>pater</strong></span> <span class='ocrx_word' id='word_1_754' title='bbox 1343 4813 1478 4880; x_wconf 89' lang='lat' dir='ltr'><strong>Ioannis</strong></span> <span class='ocrx_word' id='word_1_755' title='bbox 1500 4816 1671 4898; x_wconf 88' lang='lat' dir='ltr'><strong>Baptistae</strong></span> <span class='ocrx_word' id='word_1_756' title='bbox 1703 4815 1919 4898; x_wconf 85' lang='lat' dir='ltr'><strong>cognitionem</strong></span> <span class='ocrx_word' id='word_1_757' title='bbox 1941 4814 2055 4880; x_wconf 89' lang='lat' dir='ltr'><strong>salutis</strong></span> <span class='ocrx_word' id='word_1_758' title='bbox 2081 4814 2116 4876; x_wconf 91' lang='lat' dir='ltr'><strong>in</strong></span> <span class='ocrx_word' id='word_1_759' title='bbox 2144 4833 2196 4876; x_wconf 88' lang='lat' dir='ltr'><strong>re·</strong></span> 
     </span>
     <span class='ocr_line' id='line_1_53' title="bbox 190 4898 2195 4985; baseline -0.002 -20"><span class='ocrx_word' id='word_1_760' title='bbox 190 4899 368 4965; x_wconf 88' lang='lat' dir='ltr'><strong>Poteratne</strong></span> <span class='ocrx_word' id='word_1_761' title='bbox 390 4901 573 4966; x_wconf 90' lang='lat' dir='ltr'><strong>evidentius</strong></span> <span class='ocrx_word' id='word_1_762' title='bbox 594 4901 692 4983; x_wconf 92' lang='lat' dir='ltr'><strong>loqui,</strong></span> <span class='ocrx_word' id='word_1_763' title='bbox 714 4919 812 4981; x_wconf 89' lang='lat' dir='ltr'><strong>quam</strong></span> <span class='ocrx_word' id='word_1_764' title='bbox 834 4899 881 4963; x_wconf 88' lang='lat' dir='ltr'><strong>sie</strong></span> <span class='ocrx_word' id='word_1_765' title='bbox 903 4899 1050 4983; x_wconf 77' lang='lat' dir='ltr'><strong>agendo?</strong></span> <span class='ocrx_word' id='word_1_766' title='bbox 1084 4901 1168 4966; x_wconf 92' lang='lat' dir='ltr'><strong>Nul-</strong></span> <span class='ocrx_word' id='word_1_767' title='bbox 1221 4900 1375 4965; x_wconf 88' lang='lat' dir='ltr'><strong>missione</strong></span> <span class='ocrx_word' id='word_1_768' title='bbox 1406 4908 1615 4984; x_wconf 88' lang='lat' dir='ltr'><strong>peccatorum</strong></span> <span class='ocrx_word' id='word_1_769' title='bbox 1652 4901 1792 4984; x_wconf 86' lang='lat' dir='ltr'><strong>positam</strong></span> <span class='ocrx_word' id='word_1_770' title='bbox 1824 4902 1912 4966; x_wconf 90' lang='lat' dir='ltr'><strong>canit</strong></span> <span class='ocrx_word' id='word_1_771' title='bbox 1944 4901 2040 4985; x_wconf 60' lang='lat' dir='ltr'><strong>(Iane.</strong></span> <span class='ocrx_word' id='word_1_772' title='bbox 2072 4902 2099 4978; x_wconf 95' lang='lat' dir='ltr'><strong>l,</strong></span> <span class='ocrx_word' id='word_1_773' title='bbox 2129 4898 2195 4982; x_wconf 73' lang='grc' dir='ltr'><strong>Π).</strong></span> 
     </span>
     <span class='ocr_line' id='line_1_54' title="bbox 190 4983 2196 5070; baseline -0.001 -20"><span class='ocrx_word' id='word_1_774' title='bbox 190 4984 256 5050; x_wconf 91' lang='lat' dir='ltr'><strong>lam</strong></span> <span class='ocrx_word' id='word_1_775' title='bbox 278 5007 349 5050; x_wconf 86' lang='lat' dir='ltr'><strong>esse</strong></span> <span class='ocrx_word' id='word_1_776' title='bbox 376 4985 452 5050; x_wconf 89' lang='lat' dir='ltr'><strong>fidei</strong></span> <span class='ocrx_word' id='word_1_777' title='bbox 480 4987 653 5064; x_wconf 89' lang='lat' dir='ltr'><strong>iustitiam,</strong></span> <span class='ocrx_word' id='word_1_778' title='bbox 681 4986 745 5050; x_wconf 92' lang='lat' dir='ltr'><strong>nisi</strong></span> <span class='ocrx_word' id='word_1_779' title='bbox 768 4985 824 5050; x_wconf 90' lang='lat' dir='ltr'><strong>nbi</strong></span> <span class='ocrx_word' id='word_1_780' title='bbox 847 4983 939 5049; x_wconf 91' lang='lat' dir='ltr'><strong>nulla</strong></span> <span class='ocrx_word' id='word_1_781' title='bbox 961 4994 1038 5050; x_wconf 92' lang='lat' dir='ltr'><strong>sunt</strong></span> <span class='ocrx_word' id='word_1_782' title='bbox 1059 5007 1167 5070; x_wconf 90' lang='lat' dir='ltr'><strong>opera,</strong></span> <span class='ocrx_word' id='word_1_783' title='bbox 1221 4983 1331 5065; x_wconf 79' lang='lat' dir='ltr'><strong>Quam</strong></span> <span class='ocrx_word' id='word_1_784' title='bbox 1352 4987 1502 5070; x_wconf 88' lang='lat' dir='ltr'><strong>regulam</strong></span> <span class='ocrx_word' id='word_1_785' title='bbox 1525 4992 1682 5069; x_wconf 87' lang='lat' dir='ltr'><strong>sequutus</strong></span> <span class='ocrx_word' id='word_1_786' title='bbox 1703 4985 1843 5067; x_wconf 90' lang='lat' dir='ltr'><strong>Paulus,</strong></span> <span class='ocrx_word' id='word_1_787' title='bbox 1866 4988 1902 5050; x_wconf 91' lang='lat' dir='ltr'><strong>in</strong></span> <span class='ocrx_word' id='word_1_788' title='bbox 1924 4987 2076 5052; x_wconf 91' lang='lat' dir='ltr'><strong>concione</strong></span> <span class='ocrx_word' id='word_1_789' title='bbox 2097 5005 2196 5068; x_wconf 88' lang='lat' dir='ltr'><strong>quam</strong></span> 
     </span>
     <span class='ocr_line' id='line_1_55' title="bbox 190 5068 1167 5153; baseline 0.004 -19"><span class='ocrx_word' id='word_1_790' title='bbox 190 5071 309 5153; x_wconf 89' lang='lat' dir='ltr'><strong>quibus</strong></span> <span class='ocrx_word' id='word_1_791' title='bbox 331 5069 488 5135; x_wconf 88' lang='lat' dir='ltr'><strong>debeatur</strong></span> <span class='ocrx_word' id='word_1_792' title='bbox 508 5092 648 5150; x_wconf 91' lang='lat' dir='ltr'><strong>merces;</strong></span> <span class='ocrx_word' id='word_1_793' title='bbox 677 5092 715 5136; x_wconf 90' lang='lat' dir='ltr'><strong>ac</strong></span> <span class='ocrx_word' id='word_1_794' title='bbox 736 5078 809 5134; x_wconf 91' lang='lat' dir='ltr'><strong>tum</strong></span> <span class='ocrx_word' id='word_1_795' title='bbox 832 5068 963 5135; x_wconf 91' lang='lat' dir='ltr'><strong>demum</strong></span> <span class='ocrx_word' id='word_1_796' title='bbox 984 5072 1084 5137; x_wconf 91' lang='lat' dir='ltr'><strong>fidem</strong></span> <span class='ocrx_word' id='word_1_797' title='bbox 1105 5073 1167 5137; x_wconf 91' lang='lat' dir='ltr'><strong>im·</strong></span> 
     </span>
     <span class='ocr_line' id='line_1_56' title="bbox 190 5156 1168 5242; baseline 0.004 -24"><span class='ocrx_word' id='word_1_798' title='bbox 190 5157 300 5238; x_wconf 88' lang='lat' dir='ltr'><strong>putari</strong></span> <span class='ocrx_word' id='word_1_799' title='bbox 326 5157 361 5219; x_wconf 84' lang='lat' dir='ltr'><strong>in</strong></span> <span class='ocrx_word' id='word_1_800' title='bbox 388 5159 563 5237; x_wconf 86' lang='lat' dir='ltr'><strong>iustitiam,</strong></span> <span class='ocrx_word' id='word_1_801' title='bbox 588 5158 645 5223; x_wconf 93' lang='lat' dir='ltr'><strong>ubi</strong></span> <span class='ocrx_word' id='word_1_802' title='bbox 672 5178 731 5240; x_wconf 90' lang='lat' dir='ltr'><strong>per</strong></span> <span class='ocrx_word' id='word_1_803' title='bbox 752 5156 934 5222; x_wconf 90' lang='lat' dir='ltr'><strong>indebitam</strong></span> <span class='ocrx_word' id='word_1_804' title='bbox 957 5160 1097 5242; x_wconf 82' lang='lat' dir='ltr'><strong>gratiam</strong></span> <span class='ocrx_word' id='word_1_805' title='bbox 1117 5159 1168 5222; x_wconf 91' lang='lat' dir='ltr'><strong>iu-</strong></span> 
     </span>
     <span class='ocr_line' id='line_1_57' title="bbox 189 5242 1623 5330; baseline 0.003 -24"><span class='ocrx_word' id='word_1_806' title='bbox 189 5242 281 5307; x_wconf 77' lang='lat' dir='ltr'><strong>saida</strong></span> <span class='ocrx_word' id='word_1_807' title='bbox 300 5243 472 5308; x_wconf 75' lang='lat' dir='ltr'><strong>confertur.</strong></span> <span class='ocrx_word' id='word_1_808' title='bbox 1291 5260 1320 5330; x_wconf 93' lang='lat' dir='ltr'><strong>l)</strong></span> <span class='ocrx_word' id='word_1_809' title='bbox 1336 5266 1451 5315; x_wconf 86' lang='lat' dir='ltr'><strong>neverat</strong></span> <span class='ocrx_word' id='word_1_810' title='bbox 1469 5256 1538 5312; x_wconf 79' lang='lat' dir='ltr'><strong>loeo</strong></span> <span class='ocrx_word' id='word_1_811' title='bbox 1554 5273 1623 5329; x_wconf 79' lang='lat' dir='ltr'><strong>seqq.</strong></span> 
     </span>
    </p>
   </div>
   <div class='ocr_carea' id='block_1_5' title="bbox 0 0 2370 6024">
    <p class='ocr_par' dir='ltr' id='par_1_5' title="bbox 0 0 2370 6024">
     <span class='ocr_line' id='line_1_58' title="bbox 0 0 2370 6024; baseline 0 0"><span class='ocrx_word' id='word_1_812' title='bbox 0 0 2370 6024; x_wconf 95' lang='lat' dir='ltr'><strong> </strong></span> 
     </span>
    </p>
   </div>
  </div>
 </body>
</html>
