4732 6030
136 341 204 404 237
795 336 894 403 Off.
919 339 979 404 Vl.
1023 339 1088 403 DE
1110 338 1294 403 IJIBERP.
1317 335 1498 404 onmes.
2094 343 2156 403 238

224 526 403 592 Proximus
443 535 521 591 sunt
559 527 766 609 magistratui
805 528 840 591 in
872 526 992 610 politiis
1025 526 1123 610 leges,
1180 524 1220 611 [p.
1235 526 1309 617 491]
1335 529 1397 593 alio
1420 529 1588 612 spectabat
1606 549 1706 611 quam
1724 529 1781 609 qui
1801 530 1921 611 optime
1940 530 2065 594 servari
2083 549 2159 611 pos-

137 612 335 678 validiasimi
356 634 467 678 rerum
489 612 694 695 publicarum
715 614 818 691 nervi,
841 613 904 692 vel,
927 611 1124 695 quomodoa
1179 623 1229 680 set
1246 636 1285 679 ea
1305 615 1377 698 ipsa
1399 616 1533 693 caritas,
1563 635 1646 697 quae
1667 621 1803 678 aeterna
1822 615 1886 679 Dei
1907 614 1980 698 lege
1999 615 2158 697 praecipi-

138 698 300 764 (licerone
327 706 504 778 vocantur,
533 700 677 776 animae,
706 700 776 763 sine
803 699 921 782 quibus
946 699 1123 764 consistere
1177 708 1241 779 tur,
1265 700 1306 765 ab
1327 702 1397 783 ipso
1414 707 1526 765 tamen
1554 699 1735 765 dilectionis
1768 707 1940 783 praecepte
1967 699 2159 767 (1191199999

137 785 256 868 nequit
270 785 493 868 magistratus,
516 783 790 867 quemadmodum
807 806 867 850 nec
884 786 974 868 ipsae
991 804 1124 848 rursum
1177 785 1334 868 quiddam
1361 786 1511 852 habebat.

116 871 211 936 Δ9199
234 871 441 953 magistratu.
485 870 630 937 Proinde
658 869 742 934 nihil
770 870 834 935 dici
855 871 964 935 verius
986 877 1122 952 poterat,
1263 870 1549 952 Quemadmodum
1570 893 1660 955 ergo,
1685 872 1777 937 salva
1798 879 1832 936 91
1852 872 2007 937 incolumi
2028 873 2158 955 pietate,

142 953 183 1044 [9.
196 954 275 1042 499]
300 977 400 1039 quam
420 973 551 1021 mutum
572 977 643 1022 esse
663 978 720 1020 ma
744 957 750 970 '
770 961 893 1020 tratum
914 956 1030 1039 legem,
1052 975 1123 1019 ma
1177 958 1329 1042 abrogari
1344 965 1523 1040 potuerunt
1540 959 1771 1036 caeremoniae,
1794 959 1842 1022 ita
1860 965 1893 1022 et
1909 957 2088 1023 iudiciariis
2106 957 2159 1025 his

141 1043 318 1127 9191991999
338 1042 446 1127 legem
467 1063 539 1107 esso
561 1042 679 1107 viram.
742 1042 806 1106 uod
828 1051 939 1107 autem
960 1041 1125 1107 dicturum
1177 1045 1462 1110 constitutionibus
1484 1043 1630 1122 sublatis,
1652 1051 1811 1126 perpetua
1831 1045 1976 1109 caritatis
1998 1044 2105 1110 officia
2125 1051 2160 1110 at

140 1150 194 1194 me
214 1127 333 1210 recepi,
356 1129 475 1211 quibus
495 1128 624 1212 legibus
641 1128 869 1194 constituenda
885 1130 929 1192 sit
945 1127 1125 1193 christiana
1177 1137 1351 1212 praecepta
1374 1151 1507 1194 manere
1534 1135 1680 1212 possunt.
1726 1128 1822 1212 Quod
1850 1130 1878 1194 si
1904 1151 2020 1195 verum
2048 1138 2098 1196 est
2118 1130 2159 1195 li·

106 1214 267 1298 ·politia:
300 1235 368 1279 non
396 1221 447 1279 991
468 1237 527 1280 our
556 1214 689 1297 longam
718 1213 758 1279 de
785 1216 907 1296 optimo
935 1214 1047 1297 legum
1068 1234 1125 1296 ge-
1176 1216 1286 1281 bertas
1314 1222 1401 1281 certe
1428 1216 1566 1299 singulis
1595 1216 1748 1299 gentibus
1780 1215 1895 1281 relicta
1921 1222 1972 1280 est
1998 1215 2159 1282 condendi

142 1321 223 1366 nere
244 1299 498 1382 disputationem
519 1301 592 1382 quis
613 1308 776 1382 expectet,
805 1321 888 1382 quae
910 1307 944 1364 et
964 1301 1126 1363 immensa
1177 1323 1258 1384 quas
1280 1303 1342 1367 sibi
1359 1301 1538 1367 conducere
1555 1300 1758 1384 providerint
1775 1301 1874 1385 leges,
1892 1323 1975 1384 quae
1993 1309 2104 1367 tamen
2116 1302 2159 1369 ad

142 1387 229 1452 foret
253 1407 315 1451 nec
343 1387 524 1469 praesentis
551 1394 637 1451 esset
662 1386 856 1469 argumenti.
905 1386 1026 1450 Paucis
1051 1391 1124 1448 tan·
1177 1393 1368 1470 perpetuam
1381 1387 1472 1452 illam
1494 1387 1638 1452 caritatis
1658 1388 1808 1471 regulam
1829 1389 2013 1471 exigantur,
2037 1388 2157 1453 91199-

142 1480 217 1536 tum
238 1478 270 1536 91
295 1473 391 1554 quasi
418 1472 453 1536 in
476 1479 668 1538 transcursu
688 1472 820 1549 notabo,
852 1472 969 1554 quibus
997 1470 1124 1553 legibus
1176 1493 1232 1537 ma
1248 1471 1380 1557 quidem
1396 1473 1534 1551 varient,
1553 1473 1714 1537 rationem
1733 1471 1878 1538 habeant
1894 1472 2042 1538 eandem.
2070 1473 2158 1540 Nam

141 1559 197 1641 pie
217 1577 328 1623 coram
350 1558 422 1622 Deo
447 1559 497 1621 uti
517 1557 621 1640 possit
648 1564 683 1623 et
702 1558 790 1622 inter
811 1558 960 1622 homines
981 1558 1043 1621 rite
1066 1555 1124 1619 ad·
1149 1584 1152 1629 i
1176 1560 1333 1624 barbaras
1360 1558 1434 1624 illas
1462 1568 1495 1623 et
1521 1560 1607 1625 feras
1628 1559 1732 1641 leges,
1761 1559 1873 1641 quales
1899 1560 2047 1639 fuerunt,
2074 1580 2159 1643 quae

141 1643 332 1708 ministrari.
363 1642 461 1724 Quod
477 1645 576 1708 etiam
593 1645 700 1726 ipsum
719 1664 853 1725 prorsus
870 1643 998 1708 silentio
1015 1651 1124 1706 trans·
1149 1643 1152 1731 ]
1176 1645 1265 1710 fures
1285 1645 1408 1709 honore
1424 1645 1713 1727 prosequebantur,
1736 1666 1820 1727 quae
1837 1645 2036 1727 promiscuos
2054 1647 2158 1712 coitus

141 1728 320 1807 misissem,
349 1730 413 1794 nisi
440 1728 656 1813 intelligerem
683 1730 864 1812 periculose
887 1730 941 1794 hic
971 1749 991 1792 a
1012 1728 1125 1792 multis
1176 1731 1422 1812 permittebant,
1446 1731 1591 1813 aliaeque
1611 1730 1715 1795 multo
1735 1739 1807 1794 tum
1828 1731 1985 1796 foediores
2005 1738 2077 1794 tum
2100 1732 2157 1797 ab·

142 1815 298 1880 aberrem
356 1813 447 1881 Sunt
478 1816 565 1880 enim
607 1816 664 1898 qui
694 1823 782 1880 recte
814 1815 1027 1898 compositam
1054 1833 1125 1878 esse
1178 1816 1356 1895 surdiores,
1396 1838 1455 1899 pro
1492 1817 1620 1900 legibus
1659 1815 1826 1881 habendas
1866 1817 2000 1881 minime
2032 1838 2156 1897 censeo,

1350 1901 1460 1967 uidem
1482 1903 1659 1968 abhorrent
1681 1903 1721 1968 ab
1743 1903 1833 1967 omni
1854 1924 1922 1967 non
1942 1902 2067 1968 iustitia
2088 1925 2159 1968 mo·

142 1987 371 2053 (communibus
393 1988 540 2071 gentium
556 1986 684 2070 legibus
705 1988 839 2072 regitur.
877 1985 971 2067 Quae
993 1991 1124 2050 senten·
1178 1987 1228 2066 do,
1252 1987 1310 2053 sed
1328 1925 1536 2052 bumanitato
1553 1990 1653 2053 etiam
1673 1994 1706 2052 et
1723 1989 1982 2055 mansuetudine.
2012 1988 2053 2053 Id
2070 1986 2157 2071 quod

141 2074 190 2138 tia
209 2093 311 2155 quam
331 2073 512 2156 periculosa
538 2074 582 2138 sit
609 2079 641 2138 et
662 2072 866 2150 turbulenta,
898 2071 1041 2138 viderint
1059 2071 1123 2150 alii,
1178 2073 1248 2138 dixi
1267 2074 1403 2156 planum
1424 2075 1496 2152 fiet,
1524 2075 1553 2140 si
1581 2075 1617 2138 in
1643 2074 1770 2158 legibus
1798 2075 1947 2140 omnibus
1975 2073 2038 2139 duo
2065 2075 2157 2155 haec,

140 2157 226 2223 mihi
256 2158 376 2223 1919999
407 2181 478 2224 esse
506 2166 539 2223 ct
570 2158 737 2233 stolidam,
771 2159 1011 2224 demonstrasse
1046 2157 1125 2222 99119
1177 2166 1216 2223 91
1237 2159 1337 2238 (19991,
1360 2160 1559 2224 intueamur:
1588 2159 1671 2243 legis
1693 2160 1970 2240 constitutionem,
1994 2167 2027 2225 et
2048 2162 2158 2244 aequi·

141 2246 214 2309 crit
263 2245 328 2310 Est
360 2255 471 2310 autem
499 2243 703 2310 observanda
737 2245 873 2329 vulgata
899 2244 957 2309 illa
984 2244 1124 2326 partitio,
1178 2253 1288 2325 tatem,
1312 2247 1403 2311 cuius
1425 2247 1552 2310 ratione
1574 2246 1759 2311 constitutio
1782 2247 1854 2329 ipsa
1874 2247 1999 2310 nititur.
2035 2247 2158 2330 Aequi·

141 2351 229 2415 qnae
248 2331 440 2397 universam
460 2331 526 2396 Dei
547 2331 668 2414 legem,
698 2351 757 2413 per
778 2331 895 2395 Mosen
916 2329 1125 2395 administra
1177 2338 1243 2411 tas,
1273 2332 1349 2414 quia
1370 2332 1531 2396 naturalis
1557 2339 1621 2409 991,
1651 2353 1718 2395 999
1737 2332 1801 2396 9191
1828 2354 1896 2397 una
1918 2333 2065 2397 omnium
2087 2354 2157 2399 esse

141 2430 231 2495 tam,
251 2417 287 2480 in
312 2438 434 2495 mores,
460 2417 694 2493 caeremonias,
722 2415 854 2494 iudicia,
878 2415 1058 2494 distribuit,
1087 2436 1125 2480 ae
1176 2425 1297 2500 potest;
1325 2417 1397 2482 ideo
1418 2426 1451 2482 91
1466 2417 1594 2501 legibus
1616 2417 1781 2496 omnibus,
1804 2438 1863 2500 pro
1883 2419 2005 2500 negotii
2027 2440 2157 2502 genere,

142 2502 362 2585 dispiciendas
384 2503 533 2586 singulae
549 2509 669 2585 partes,
686 2510 723 2566 ut
740 2502 918 2567 habeamus
930 2500 1007 2584 quid
1025 2522 1067 2565 ex
1084 2502 1125 2565 iis
1177 2503 1292 2568 eadem
1318 2504 1482 2587 proposita
1515 2525 1586 2569 esse
1615 2502 1718 2568 debet.
1771 2500 2044 2582 Oodstitutiones,
2079 2505 2157 2587 quia

141 2587 187 2653 ad
207 2610 268 2654 nce
286 2590 458 2672 pertineat,
480 2589 559 2673 quid
579 2589 698 2654 minus.
1178 2590 1439 2655 circumstantias
1456 2589 1601 2654 adnexas
1618 2588 1749 2666 habent,
1772 2610 1793 2653 a
1810 2588 1927 2671 quibus
1943 2609 2003 2671 pro
2023 2587 2064 2675 [9.
2077 2587 2154 2677 499]

143 1901 381 1983 rempublicam
402 1912 533 1985 negent,
556 1923 648 1983 quae,
671 1901 829 1985 neglectis
851 1901 954 1966 Mosis
975 1899 1123 1983 politicis,
1177 1901 1307 1984 quando

228 2675 299 2740 Nec
325 2675 459 2740 interim
479 2675 666 2758 quempiam
692 2681 838 2739 moretur
865 2673 919 2739 hic
941 2673 1123 2755 scrupulus,
1176 2682 1270 2758 parte
1291 2674 1470 2758 pendeant,
1494 2675 1590 2740 modo
1610 2676 1646 2740 in
1667 2673 1809 2740 eundern
1828 2675 2000 2760 aequitatis
2022 2695 2183 2758 scopum·
2253 2753 2258 2762 .

141 2759 231 2844 quod
257 2759 301 2826 ad
327 2783 436 2826 mores
456 2762 556 2826 etiam
584 2760 704 2826 iudicia
725 2768 759 2826 91
780 2759 1002 2825 caeremoniae
1023 2758 1123 2841 perti·
1177 2781 1289 2826 omnes
1310 2763 1434 2845 pariter
1460 2760 1647 2840 intendant,
1676 2760 1822 2826 diuersas
1849 2782 1920 2825 csse
1948 2759 2033 2824 nihil
2054 2761 2154 2826 obest

140 2853 235 2910 nent
278 2846 416 2913 Veteres
437 2848 539 2925 enim,
568 2846 623 2929 qui
645 2848 853 2930 partitionem
872 2845 959 2910 hanc
980 2843 1123 2910 tradide-
1177 2846 1251 2911 Iam
1271 2869 1347 2913 cum
1366 2848 1432 2914 Dei
1450 2847 1566 2932 legem,
1591 2868 1689 2931 quam
1712 2846 1870 2912 moralem
1891 2867 2054 2924 vocamus,
2078 2866 2155 2911 con·

142 2940 234 3010 runt,
254 2934 383 2998 tametsi
406 2933 487 2998 duas
506 2934 586 2998 istas
602 2934 798 3015 posteriores
815 2937 925 3014 partes
946 2950 1014 2994 non
1030 2931 1123 3014 igno·
1177 2939 1243 2997 stat
1269 2953 1336 2998 non
1363 2933 1453 2998 aliud
1481 2955 1566 3011 esse,
1594 2955 1693 3016 quam
1717 2932 1877 2998 naturalis
1902 2933 1985 3016 legis
2012 2932 2155 2998 testimo-

142 3018 267 3082 rabant
285 3019 371 3085 circa
392 3040 499 3084 mores
520 3019 660 3096 versari,
689 3020 766 3101 quia
794 3026 905 3082 tamen
932 3016 1124 3083 991919999-
1176 3019 1269 3083 nium
1291 3020 1414 3084 919199
1437 3020 1668 3098 999991991199,
1697 3040 1781 3102 quae
1803 3018 1974 3083 hominum
1995 3019 2114 3083 animis
2136 3039 2157 3084 9

141 3103 235 3169 ribus
254 3106 378 3169 mutari
398 3112 432 3170 et
453 3105 604 3187 abrogari
627 3101 668 3190 [p.
687 3102 764 3191 499]
788 3110 953 3186 99199991,
983 3102 1123 3169 morales
1175 3105 1427 3189 Deoinsculpta
1443 3111 1502 3185 cst,
1524 3105 1709 3171 1919199199
1729 3104 1770 3169 de
1791 3125 1856 3187 qua
1874 3126 1963 3170 nunc
1984 3104 2155 3187 loquimur,

142 3210 209 3254 non
231 3189 404 3271 dixerunt;
425 3191 566 3273 primam
582 3190 675 3255 illam
696 3198 824 3274 partem
839 3189 1047 3272 peculiariter
1065 3209 1123 3272 ap·
1176 3192 1348 3274 aequitatis
1369 3192 1452 3256 ratio
1473 3193 1509 3255 in
1530 3193 1601 3274 ipsa
1622 3192 1803 3274 perscripta
1825 3197 1883 3256 est
1926 3190 2070 3255 Proinde
2088 3190 2157 3256 sola

142 3275 310 3358 pellarnnt
330 3298 368 3342 eo
389 3277 537 3354 nomine,
566 3277 648 3343 citra
675 3298 775 3360 quam
803 3298 870 3342 non
898 3280 1024 3341 constet
1043 3296 1124 3341 vera
1175 3296 1302 3360 quoque
1328 3278 1399 3360 ipsa
1426 3278 1538 3361 legum
1558 3278 1706 3342 omnium
1732 3284 1766 3341 91
1792 3297 1908 3359 scopus
1934 3283 1968 3340 et
1989 3276 2103 3359 regula
2124 3284 2159 3341 et

142 3382 273 3427 morum
294 3363 458 3428 sanctitas.
503 3363 577 3427 Lex
598 3363 709 3444 itaque
728 3362 861 3427 moralis
884 3360 937 3448 (ut
956 3359 1034 3425 inde
1055 3361 1123 3444 pri-
1176 3364 1336 3427 terminus
1357 3364 1409 3443 sit,
1431 3369 1564 3446 oportet
1606 3363 1661 3428 Ad
1678 3384 1752 3428 cam
1773 3360 1923 3446 regulam
1944 3381 2156 3443 quaecunque

143 3469 234 3513 mum
255 3448 468 3532 incipiamus)
490 3470 565 3521 cum
587 3448 713 3514 duobus
730 3448 889 3531 capitibus
907 3448 1123 3526 contineatur,
1175 3449 1334 3515 formatae
1355 3456 1453 3513 erunt
1473 3448 1571 3533 leges,
1595 3470 1678 3531 quae
1698 3450 1736 3513 in
1758 3470 1834 3513 curn
1852 3469 1986 3530 scopum
2003 3447 2154 3523 directae,

144 3554 284 3616 quorum
310 3534 451 3600 alterum
475 3555 560 3616 pura
580 3536 690 3599 Deum
716 3534 781 3599 fide
808 3543 842 3600 et
861 3535 982 3616 pietate
1007 3533 1122 3611 colere,
1175 3556 1259 3617 quae
1281 3556 1318 3600 eo
1341 3536 1481 3599 termino
1502 3535 1670 3614 limitatae,
1693 3555 1761 3598 non
1784 3540 1835 3599 est
1855 3556 1914 3599 cur
1935 3554 1956 3597 a
1978 3532 2071 3597 nobis
2093 3532 2155 3597 im-

144 3619 285 3686 alterum
313 3621 440 3686 sincera
473 3620 622 3685 homines
649 3620 819 3686 dilectione
846 3618 1015 3701 complecti
1045 3620 1123 3684 sim-
1175 3621 1363 3703 probentur,
1386 3629 1551 3705 utcunque
1574 3620 1627 3685 vel
1648 3619 1762 3703 alege
1783 3617 1994 3696 iudaicavel
2016 3619 2156 3683 interae

144 3705 275 3789 pliciter
301 3707 405 3785 iubet,
435 3728 514 3772 vera
545 3714 595 3771 est
616 3714 812 3789 aeternaque
834 3705 976 3770 iustitiae
998 3705 1122 3789 regula,
1175 3707 1265 3788 ipsae
1288 3707 1369 3771 91199
1387 3706 1549 3772 differant.
1579 3707 1653 3771 Lex
1670 3706 1736 3771 Dei
1752 3705 1854 3771 furari
1871 3704 2030 3786 prohibet
2061 3702 2156 3784 Quae

144 3793 293 3875 gentium
324 3794 473 3857 omnium
510 3814 548 3857 ac
586 3798 771 3874 temporum
809 3791 997 3856 hominibus
1028 3812 1123 3874 prae·
1175 3792 1272 3856 furtis
1299 3794 1476 3857 constituta
1497 3793 1597 3857 fuerit
1617 3812 1723 3874 poena
1750 3791 1787 3855 in
1814 3790 1927 3873 politia
1947 3789 2154 3867 Iudaeorum,

143 3879 280 3961 scripta,
302 3879 359 3960 qui
380 3877 422 3943 ad
444 3879 509 3943 Dei
530 3878 733 3942 voluntatem
753 3879 857 3943 vitam
878 3899 972 3942 suam
994 3897 1124 3959 compo·
1175 3876 1287 3942 videre
1307 3885 1357 3943 991
1383 3879 1419 3942 19
1440 3876 1556 3942 Exodo
1579 3875 1699 3962 (Exod
1724 3875 1788 3959 22).
1834 3875 1985 3940 Aliarum
2008 3877 2155 3967 gentium

143 3985 224 4029 nere
244 3964 364 4031 volent.
410 3962 580 4046 Siquidem
607 3963 689 4030 haec
715 3971 850 4028 aeterna
878 3971 928 4029 est
950 3970 983 4028 et
1003 3965 1123 4027 immu-
1176 3964 1416 4029 vetustissimae
1444 3964 1534 4047 leges
1555 3963 1681 4027 furtum
1707 3961 1805 4044 duplo
1827 3961 2015 4044 puniebant.
2061 3960 2155 4041 Quae

143 4049 253 4116 tabilis
275 4051 346 4115 eius
366 4049 533 4128 voluntas,
562 4056 600 4114 ut
621 4072 641 4114 a
662 4051 756 4116 nobis
776 4051 847 4132 ipse
865 4049 997 4132 quidem
1018 4047 1123 4112 omni·
1176 4056 1288 4130 postea
1310 4057 1444 4115 secutae
1456 4057 1548 4128 sunt,
1577 4048 1803 4113 discreverunt
1827 4049 1915 4111 inter
1934 4047 2153 4125 manifestum,

143 4136 207 4202 bus
234 4135 375 4213 colatur,
402 4157 464 4200 nos
490 4157 568 4200 vero
596 4142 711 4202 mutuo
737 4137 824 4200 inter
850 4157 910 4200 nos
939 4134 1122 4218 diligamus.
1176 4143 1210 4199 et
1239 4156 1307 4200 non
1335 4136 1554 4201 manifestum
1604 4133 1700 4199 Aliae
1725 4133 1767 4198 ad
1796 4133 1932 4197 exilium
1964 4152 2154 4217 progressae

144 4220 409 4298 Caoremonialis,
429 4221 627 4286 Iudaeorum
641 4221 843 4305 paedagogia
858 4220 1021 4305 mimae.
1036 4224 1063 4284 3.
1076 4219 1122 4303 4),
1176 4226 1262 4300 sunt,
1285 4221 1368 4286 aliae
1388 4221 1430 4286 ad
1451 4223 1602 4305 flagrum,
1625 4220 1708 4285 aliae
1726 4218 1865 4302 denique
1885 4217 1927 4283 ad
1944 4221 2059 4302 capitis
2077 4237 2154 4298 sup-

143 4328 210 4389 qna
230 4307 342 4390 populi
368 4307 457 4372 illius
478 4307 643 4389 quandam
666 4307 758 4372 velut
778 4307 953 4390 pueritiam
972 4327 1124 4372 exercere
1175 4307 1317 4390 plicium.
1366 4307 1505 4372 Falsum
1530 4307 1752 4371 testimonium
1779 4305 1909 4370 talionis
1936 4326 2042 4387 poena
2067 4303 2155 4367 inter

142 4392 289 4458 Domino
309 4394 416 4458 risum
439 4401 502 4470 est,
530 4392 631 4458 donec
652 4395 780 4458 veniret
801 4404 930 4475 tempus
951 4391 1033 4456 illud
1054 4391 1123 4474 ple·
1175 4393 1314 4458 Iudwos
1342 4394 1544 4476 plectebatur
1561 4392 1674 4478 (Deut
1697 4389 1769 4475 19);
1798 4391 1874 4456 alibi
1902 4391 1996 4473 gravi
2024 4394 2152 4452 tantum

143 4477 318 4557 nitudinis,
352 4500 416 4561 quo
446 4480 639 4562 sapientiam
666 4500 760 4544 suam
790 4479 886 4543 terris
919 4478 1122 4561 adplenum
1174 4480 1363 4562 ignominia,
1388 4479 1466 4544 alibi
1487 4477 1671 4561 suspendio,
1695 4477 1773 4543 alibi
1794 4498 1899 4543 cruce.
1929 4473 2153 4539 Homicidium

143 4563 381 4643 manifestaret,
411 4586 449 4630 ac
477 4566 648 4631 veritatem
675 4565 845 4630 exhiberet
866 4586 979 4629 earum
1001 4585 1121 4642 renim,
1175 4585 1287 4630 omnes
1313 4566 1438 4648 pariter
1459 4564 1548 4649 loges
1575 4564 1736 4649 sangiune
1764 4563 1981 4638 ulciscuntur,
2016 4559 2152 4625 diversis

143 4671 228 4732 quae
255 4656 326 4715 tum
353 4652 470 4734 figuris
497 4649 784 4716 adumbrabantur.
833 4649 1012 4729 Iudicialis,
1040 4649 1122 4732 poli·
1174 4658 1284 4716 tamen
1304 4651 1419 4716 mortis
1446 4650 1629 4734 generibus.
1673 4649 1717 4713 In
1752 4647 1915 4714 adulteros
1950 4645 2027 4710 alibi
2060 4665 2152 4711 seve·

144 4737 209 4802 tiae
229 4735 301 4803 loco
320 4735 387 4802 illis
409 4735 486 4801 data
512 4744 619 4802 certas
641 4736 812 4819 aequitatis
834 4743 868 4800 et
892 4737 1036 4801 iustitiae
1056 4736 1122 4799 for·
1174 4738 1285 4814 riores,
1309 4737 1387 4802 alibi
1407 4736 1546 4802 leviores
1571 4733 1611 4822 [p.
1631 4732 1709 4821 493]
1732 4734 1856 4800 edictae
1877 4737 1956 4796 sunt
1976 4752 2108 4813 poenae.

69 4822 77 4841 '
143 4821 251 4888 mulas
264 4820 431 4903 tradebat,
453 4823 572 4905 quibus
588 4823 781 4887 innocenter
798 4827 832 4885 et
849 4823 957 4904 quiete
978 4823 1066 4887 inter
1087 4843 1122 4886 se
1258 4822 1420 4888 Videmus
1439 4829 1561 4900 tamen,
1578 4828 1616 4886 ut
1636 4819 1794 4886 eiusmodi
1814 4817 2001 4884 diversitate
2018 4817 2053 4881 in
2073 4837 2152 4882 eun·

145 4914 290 4992 agerent.
339 4909 449 4991 Atque
476 4914 514 4972 ut
544 4908 603 4974 illa
629 4908 907 4974 caeremoniarum
933 4907 1122 4973 exercitatio
1175 4907 1250 4973 dem
1278 4929 1390 4974 omnes
1417 4910 1518 4974 finem
1545 4907 1690 4972 tendant
1734 4905 1837 4984 Nam,
1870 4924 1936 4967 uno
1968 4903 2066 4968 simul
2097 4923 2152 4968 ore

145 4993 187 5059 ad
206 4994 338 5077 pietatis
359 4994 491 5078 quidem
504 4993 686 5060 doctrinam
706 4993 835 5077 proprio
854 4995 1046 5076 pertinebat
1069 5000 1122 5057 ut-
1174 5015 1311 5076 poenam
1345 4995 1562 5077 pronuntiant
1584 4993 1620 5056 in
1650 5014 1691 5057 ea
1722 5011 1805 5074 quae
1832 4997 1966 5055 aeterna
1992 4988 2092 5054 Deil

143 5086 218 5163 pote
249 5099 334 5162 quae
364 5079 564 5145 Iudaeorum
596 5080 766 5167 ecelesiam
796 5080 958 5146 retinebat
989 5081 1026 5144 in
1057 5078 1122 5145 Dei
1174 5079 1330 5145 damnata
1341 5088 1419 5147 sunt
1435 5080 1594 5145 facinora:
1613 5098 1731 5159 nempe
1743 5074 1926 5154 homicidia,
1943 5075 2042 5154 furta,
2060 5074 2102 5139 ad
2137 5110 2153 5125 ·

144 5165 235 5231 cultu
256 5186 296 5231 ao
316 5165 491 5250 religione,
521 5167 562 5232 ab
588 5168 660 5249 ipsa
687 5172 798 5231 tamen
822 5165 944 5249 pictate
965 5165 1122 5249 distingui
1174 5167 1266 5245 teria,
1287 5165 1371 5232 falsa
1391 5165 1591 5242 testimonia;
1611 5162 1668 5229 sed
1684 5164 1721 5227 in
1738 5182 1862 5245 poenae
1878 5160 1975 5227 modo
1991 5179 2057 5227 non
2075 5182 2153 5227 con·

143 5257 286 5334 praerat,
313 5251 361 5316 ita
382 5251 679 5329 haeciudicicrum
699 5251 819 5331 forma,
845 5273 1034 5337 quanquam
1053 5271 1122 5316 non
1174 5253 1319 5318 veniunt
1364 5252 1478 5335 Neque
1504 5271 1583 5317 vero
1609 5248 1644 5314 id
1670 5269 1803 5315 necesse
1830 5255 1893 5329 est,
1926 5269 2031 5331 neque
2052 5248 2152 5314 etiam
