4770 6030
233 362 269 421 n
466 383 473 395 ·
878 350 1143 420 marmeno
1166 352 1270 418 11111.
1292 350 1472 445 esame.
1498 355 1591 417 1536.
1660 395 1666 402 .
2201 355 2240 415 12

228 554 379 612 temerat
394 544 811 627 defensionispraasidium:
831 543 1206 625 nondoctrinamipsam
1258 542 1361 606 Porro
1374 543 1507 622 fallitur,
1526 544 1581 625 qui
1600 543 1789 606 diuturnam
1801 544 2049 624 prosperitatem
2071 550 2239 625 exspectat

229 660 399 741 abnegare,
419 657 475 722 sed
492 679 551 740 pro
569 679 648 721 vora
665 657 757 720 tueri.
786 657 851 721 Hic
869 678 959 720 muse
960 655 1063 718 itandi
1080 675 1243 736 qnoque
1237 653 1327 722 eius
1354 655 1461 736 regni,
1490 654 1576 736 quod
1598 655 1661 719 Dei
1689 661 1779 736 scept
1781 676 1831 731 ro,
1860 655 1920 718 hcc
1943 661 2006 732 cst,
2035 661 2147 719 sancto
2168 657 2238 719 cius

228 770 365 835 facultas
387 768 592 851 praeciditur
623 766 735 847 Quare
758 790 823 832 non
844 769 953 849 inique
975 776 1048 849 post
1035 766 1110 841 t,ulo
1130 766 1242 828 ch'
1236 765 1357 853 111111
1384 787 1449 829 111
1477 767 1615 848 regitur,
1644 766 1773 848 quando
1802 766 1938 830 coeleste
1961 767 2129 831 oraculum
2151 768 2238 831 cxci-

229 882 459 958 Invictissime,
486 887 524 943 ut
544 882 706 963 integram
733 901 849 945 causac
873 880 967 943 istius
989 845 1214 960 cognitionem
1258 876 1334 940 dcre
1356 898 1421 941 non
1443 885 1557 959 potest,
1581 899 1643 960 quo
1666 877 1808 942 edictum
1826 885 1888 942 est:
1913 877 2131 959 dissipatum
2122 880 2163 942 11
2180 900 2239 961 po·

123 994 127 1018 ²
228 993 399 1074 suscipias,
427 1013 509 1074 quae
536 975 723 1073 perturhate
750 991 914 1093 hactenus
934 967 1133 1072 nulloque
1125 990 1204 1052 ruris
1256 988 1379 1070 pulum,
1395 994 1432 1066 [p.
1447 996 1477 1065 9]
1489 989 1544 1052 ubi
1561 989 1714 1053 defecerit
1726 988 2019 1072 1111111111(11ο1
2035 992 2099 1073 29).
2126 991 2239 1055 Necte

227 1105 349 1182 ordine,
368 1111 401 1168 et
417 1105 587 1186 impotenti
604 1109 696 1168 aestu
720 1105 831 1202 magie
832 1085 941 1219 qnam
966 1101 1113 1184 legitima
1129 1123 1204 1183 gra
1257 1102 1298 1166 ab
1316 1101 1377 1165 hoc
1395 1101 1501 1192 studio
1519 1100 1678 1165 abducere
1697 1100 1793 1165 debet
1810 1100 2003 1164 humilitatis
2021 1107 2150 1165 nostrae
2162 1123 2239 1167 con·

226 1218 327 1282 vitate
349 1223 489 1280 tractata
511 1222 568 1279 est.
600 1230 719 1326 ’,λζ
762 1223 766 1229 ’
1256 1219 1407 1294 temptas.
1441 1213 1509 1277 Ν11
1527 1212 1666 1295 quidam,
1690 1234 1788 1295 quarn
1805 1213 2036 1294 pauperculi
2012 1235 2113 1277 1111111
2131 1220 2164 1276 ct
2181 1214 2238 1279 ab·
2313 1288 2318 1301 ⁵

312 1328 426 1410 Neque
454 1328 506 1414 hic
533 1348 604 1393 me
613 1311 781 1410 pileatum
806 1325 1024 1389 defensionem
1053 1292 1203 1388 meditari
1255 1325 1330 1388 iacti
1352 1324 1598 1398 homunciones,
1626 1325 1725 1406 probe
1753 1324 1845 1388 nobis
1867 1325 1987 1389 conscii
2010 1346 2129 1389 sumus.
2172 1324 2235 1390 Co-
2328 1369 2337 1378 -

225 1441 392 1505 existimes
405 1460 495 1546 111
469 1418 651 1518 11111111
642 1461 677 1501 11
695 1438 835 1519 patriam
851 1436 991 1500 reditum
1010 1435 1092 1499 111111
1103 1438 1203 1500 confi
1255 1457 1327 1500 ram
1349 1437 1420 1500 Dec
1447 1436 1557 1500 miseri
1583 1442 1782 1518 peccatores,
1812 1436 1846 1498 in
1869 1435 2038 1500 hominum
2060 1443 2235 1519 conspectu

226 1553 309 1617 ciam
311 1572 430 1634 ,quam
440 1533 571 1615 tametsi
570 1571 653 1631 quo
665 1549 757 1613 dccet
767 1549 980 1613 humamtatis
992 1554 1028 1625 [p
1042 1555 1072 1624 7]
1084 1549 1203 1614 affectu
1255 1548 1489 1630 despectissimi
1510 1547 1625 1612 mundi
1648 1546 1691 1629 (si
1710 1545 1772 1632 vis)
1796 1556 2004 1612 excrementa
2025 1548 2237 1632 quaedamst
2315 1556 2319 1563 '

122 1722 126 1730 .
223 1685 408 1747 prosequor,
432 1668 469 1729 ut
490 1684 577 1727 nunc
599 1668 710 1725 tamen
732 1682 785 1725 res
805 1667 896 1738 sunt,
920 1680 959 1725 ea
981 1680 1046 1723 non
1068 1661 1202 1725 moleste
1255 1661 1495 1736 reiectamcnta,
1518 1668 1575 1723 aut
1596 1658 1720 1740 siquid
1741 1659 1848 1724 adhuc
1870 1659 1967 1723 vilius
1985 1661 2146 1725 nominari
2164 1668 2237 1743 pot-

223 1797 325 1841 carco.
360 1775 487 1838 Verum
509 1749 714 1838 chmmunem
736 1773 864 1854 piorum
881 1772 1035 1850 onmium,
1059 1771 1202 1853 adeoque
1255 1779 1318 1848 est,
1352 1779 1402 1850 11,
1433 1792 1496 1853 quo
1523 1770 1610 1852 apud
1641 1771 1750 1835 Deum
1781 1771 1972 1854 gloriemur,
2009 1771 2092 1834 nihil
2124 1779 2234 1852 restet,

128 1960 131 1965 ,
223 1888 328 1969 ipsam
346 1884 470 1950 Christi
492 1904 624 1949 causam
644 1884 847 1964 complector,
870 1905 952 1965 quac
974 1882 1079 1946 modis
1098 1883 1202 1945 omni·
1254 1888 1383 1964 praeter
1410 1904 1510 1946 unam
1538 1881 1607 1945 eius
1637 1881 1905 1960 miscricordiam,
1939 1903 2004 1964 qua
2036 1882 2119 1947 salvi
2144 1883 2246 1949 nullo.

222 1999 283 2062 bus
311 1997 407 2061 hodie
434 1997 468 2060 in
491 2018 593 2080 regno
619 2004 675 2060 tuo
697 1997 857 2077 proscissa
880 2016 918 2061 ac
945 1996 1091 2076 protrita,
1112 1994 1203 2058 velut
1254 2002 1365 2059 nostro
1387 1992 1596 2073 merito'lacti
1615 2014 1742 2071 sumum
1765 1993 1851 2075 apud
1869 1994 2018 2058 homines
2035 2013 2122 2072 vero,
2141 2015 2235 2076 prae-

224 2107 393 2189 deplorata
409 2109 507 2187 iacet;
525 2107 780 2172 Pharisaeorum
798 2106 832 2170 id
849 2106 980 2189 quidem
998 2096 1202 2187 quorundam
1255 2114 1305 2171 ter
1327 2115 1472 2170 nostram
1497 2105 1735 2182 infirmitatem,
1760 2126 1856 2186 quam
1880 2105 1933 2168 111
1954 2107 2116 2183 confiteri,
2145 2128 2234 2173 sum-
2287 2008 2384 2207 ἣ

223 2218 398 2303 tyrannide
419 2220 533 2303 magis,
556 2241 655 2301 quam
676 2228 734 2282 tua
754 2219 957 2283 conscientia.
1002 2215 1069 2282 Sed
1091 2219 1146 2298 qui
1168 2215 1202 2279 id
1254 2240 1309 2283 ma
1330 2219 1415 2283 inter
1437 2239 1491 2281 cos
1512 2216 1691 2300 ignominia
1713 2225 1770 2280 cst
1804 2214 1871 2280 Sed
1892 2218 2073 2282 doctrinam
2089 2225 2236 2285 nestram

222 2332 291 2407 fiat,
313 2330 368 2395 hic
385 2328 492 2396 dicere
512 2330 596 2394 nihil
614 2330 738 2407 attinet,
762 2331 883 2409 afflicta
899 2338 986 2395 certo
1003 2331 1095 2394 iacet.
1129 2329 1201 2392 Hoc
1254 2351 1353 2411 supra
1370 2351 1500 2393 omnem
1516 2327 1631 2391 mundi
1648 2328 1786 2411 gloriam
1804 2329 1984 2407 sublimem,
1996 2352 2095 2413 supra
2105 2351 2236 2396 omnem

223 2443 313 2506 enim
327 2441 539 2524 ,profecerunt
560 2443 661 2524 impii,
684 2448 722 2506 ut
744 2440 869 2506 Christi
888 2442 1010 2506 veritae
1030 2442 1057 2506 si
1080 2463 1145 2505 non
1165 2449 1203 2504 ut
1253 2448 1446 2523 potestatem
1471 2441 1628 2504 invictam
1650 2442 1745 2503 stare
1764 2448 1903 2521 oportet3
1932 2443 2009 2524 quia
2035 2464 2101 2507 non
2122 2449 2236 2508 nostra

221 2554 336 2637 fugata
356 2575 395 2618 ac
417 2553 573 2636 dissipata
594 2555 723 2635 periret,
746 2563 833 2618 certe
856 2560 893 2617 ut
914 2553 1040 2635 sepulta
1060 2559 1093 2616 et
1109 2553 1201 2635 igno·
1253 2563 1317 2630 cst,
1345 2552 1401 2616 scd
1429 2552 1494 2616 Dei
1518 2552 1658 2616 viventis
1685 2573 1722 2616 ac
1750 2550 1875 2616 Christi
1901 2555 1984 2631 eius,
2018 2576 2115 2636 quem
2141 2560 2236 2636 pater

221 2665 297 2730 bilis
312 2665 428 2744 lateat,
450 2665 648 2748 paupercula
664 2686 742 2729 vero
759 2665 920 2744 Ecclesia,
944 2672 1001 2728 aut
1018 2664 1201 2728 crudelibus
1253 2687 1364 2749 regem
1386 2665 1561 2740 constituit,
1585 2672 1621 2726 ut
1643 2685 1663 2726 a
1684 2664 1768 2728 mari
1790 2685 1892 2746 usque
1914 2664 1956 2729 ad
1978 2687 2069 2730 mare
2087 2665 2231 2735 domine-

222 2776 375 2842 caedibus
397 2777 569 2859 absumpta
589 2778 639 2854 sit,
664 2785 720 2841 aut
742 2777 865 2841 exsiliis
883 2777 1005 2853 abacta,
1030 2783 1087 2839 aut
1103 2776 1201 2839 minis
1253 2786 1316 2854 tur,
1341 2776 1621 2841 etafluminibus
1644 2774 1809 2856 usquead
1831 2777 1986 2841 terminos
2014 2778 2101 2843 orbis
2128 2783 2232 2841 terrae

223 2908 261 2953 ac
287 2888 465 2953 terroribus
497 2889 659 2971 perculsa,
695 2911 735 2952 ne
762 2888 888 2953 hiscere
915 2887 1045 2970 quidem
1074 2887 1199 2950 audeat.
1254 2912 1343 2963 rum,
1377 2895 1410 2952 et
1442 2888 1488 2951 sic
1515 2887 1646 2968 quidem
1674 2885 1872 2965 dominetur,
1904 2896 1942 2951 ut
1975 2896 2077 2953 totam
2110 2895 2233 2954 terram

221 2999 269 3063 Et
294 3001 420 3065 instant
441 3001 633 3077 etiamnum,
662 3000 859 3081 quasolent
885 3000 1012 3064 insania
1034 3006 1067 3062 et
1087 3000 1200 3064 feroci·
1254 3023 1329 3066 cum
1354 3000 1458 3064 ferreo
1486 3021 1544 3063 suc
1571 3006 1667 3081 atque
1695 3019 1789 3063 aereo
1814 2999 1943 3077 robore,
1966 3021 2041 3075 eum
2061 3000 2233 3082 splendore

224 3117 300 3186 tate,
322 3111 449 3174 fortiter
469 3112 504 3174 in
521 3112 678 3193 parietem
700 3113 766 3175 iam
787 3112 994 3187 inclinatum,
1018 3117 1050 3175 ot
1071 3111 1201 3174 ruinam
1254 3134 1352 3175 aureo
1383 3120 1417 3175 et
1445 3119 1615 3193 argentee,
1648 3109 1717 3174 sela
1743 3111 1808 3174 orie
1834 3112 1884 3174 sui
1916 3113 2011 3195 virga
2035 3133 2233 3194 percussam,

223 3241 323 3303 quam
342 3223 489 3287 fecarunt
509 3223 741 3288 incumbentes.
786 3223 905 3288 Nullus
931 3223 1063 3286 interim
1084 3222 1200 3304 prodit,
1252 3244 1319 3288 non
1342 3245 1434 3289 secus
1456 3223 1668 3299 comminuat,
1690 3245 1788 3305 quarn
1806 3230 1909 3301 [110]
1930 3223 2068 3306 figulina
2090 3223 2232 3302 1111111,

222 3333 279 3414 qui
300 3333 420 3398 talibus
441 3334 535 3398 furiis
559 3335 774 3415 patrocinium
796 3357 893 3399 suum
914 3341 1063 3416 opponat.
1105 3332 1202 3413 Quod
1253 3334 1527 3417 quemadrncdum
1549 3334 1589 3398 de
1616 3335 1859 3417 magnificentia
1880 3337 1974 3419 regni
1994 3336 2096 3418 ipsius
2119 3336 2234 3401 vatici-

222 3444 333 3526 eiqui
355 3446 486 3509 veritati
512 3447 653 3509 maxime
681 3445 791 3509 favero
821 3444 926 3510 videri
951 3445 1079 3522 volunt,
1108 3446 1201 3528 igno·
1252 3446 1743 3530 111111111111111111111.2.
1777 3447 1839 3511 Ias.
1865 3451 1912 3510 11.
1947 3447 2035 3512 Psal.
2055 3447 2099 3532 2).

223 3554 380 3620 scandum
401 3579 472 3623 esso
493 3549 626 3623 censent
646 3559 748 3621 ‘errori
766 3566 800 3621 et
815 3555 1052 3638 imprudentiae
1070 3559 1201 3640 imperi·
1339 3558 1535 3622 Reclamant
1551 3557 1681 3639 quidem
1700 3557 1887 3636 adversarii,
1908 3558 1990 3624 falso
2006 3580 2066 3624 nos
2083 3566 2235 3641 praeten-

222 3674 331 3731 torum
346 3667 523 3734 hominum.
552 3675 632 3747 [1..8]
644 3667 699 3734 Sic
716 3670 803 3734 enim
813 3649 998 3751 loquuntur,
1015 3691 1158 3733 errorem
1170 3676 1203 3734 et
1254 3668 1479 3735 dereverbum
1488 3670 1562 3745 Dei,
1581 3671 1673 3734 ciuus
1690 3669 1930 3735 sceleratissimi
1948 3671 2049 3734 simus
2067 3677 2235 3754 corrupto-
2287 3679 2290 3683 ’

221 3779 478 3860 imprudentiam
504 3789 657 3847 vocantes
688 3782 903 3845 certissimam
928 3781 994 3845 Dei
1020 3783 1200 3861 veritatem,
1253 3804 1315 3846 res.
1360 3782 1453 3847 Haec
1478 3803 1571 3859 vero,
1600 3802 1699 3863 quam
1724 3782 1854 3846 sitnon
1879 3782 1976 3847 modo
1997 3769 2234 3849 1111111111-

223 3890 390 3972 imperitos
409 3892 564 3982 homines,
584 3914 663 3975 quos
680 3893 842 3957 Dominus
860 3891 1006 3958 coelestis
1024 3894 1202 3975 sapientiae
1253 3894 1387 3972 lumnia,
1411 3893 1468 3958 sed
1487 3893 1624 3976 insignis
1646 3913 1772 3974 quoque
1793 3891 2003 3976 impudentia,
2023 3895 2093 3976 ipse
2110 3894 2234 3960 confes-
2255 3944 2266 3952 .

223 4004 387 4086 mysteriis
410 4003 562 4086 dignatus
591 4010 654 4083 est;
678 4004 757 4067 adeo
779 4026 890 4068 omnes
914 4003 1014 4085 pudet
1031 4004 1200 4088 evangelii.
1255 4006 1379 4069 sionem
1400 4014 1546 4069 nostram
1567 4004 1713 4087 legende,
1736 4026 1795 4086 pro
1817 4014 1876 4070 tua
1896 4005 2070 4087 prudentia
2091 4006 2235 4072 iudicare

309 4114 617 4192 Tuumautemerit,
631 4111 940 4192 ScrcnissimcRex,
953 4137 1129 4194 necaures,
1142 4139 1202 4181 nec
1253 4116 1383 4197 peteris.
1433 4116 1591 4181 Nonnihil
1616 4122 1727 4180 tamen
1744 4117 1807 4182 'hic
1839 4119 1938 4181 otiam
1970 4117 2143 4183 dicendum
2174 4125 2234 4198 ast,

126 4254 127 4258 ¹
221 4225 369 4293 animum
390 4218 501 4289 atam
522 4227 607 4289 iusto
630 4225 808 4306 patrocinio
831 4233 987 4303 avertero,
1010 4229 1203 4306 pracsertim
1255 4227 1341 4309 quod
1367 4228 1427 4293 tibi
1454 4227 1496 4290 ad
1522 4227 1693 4292 lectionem
1721 4229 1827 4310 ipsam
1856 4230 1944 4293 viam
1968 4235 2101 4295 sternat
2145 4231 2235 4295 Pau·

221 4335 280 4403 ubi
299 4334 340 4401 de
362 4357 398 4400 re
420 4344 512 4400 tanta
529 4337 652 4418 agitur,
682 4357 798 4418 nempe
822 4336 981 4419 quomodo
998 4337 1062 4400 Dei
1081 4337 1202 4420 gloriae
1254 4338 1307 4404 lue
1329 4338 1438 4422 (Rom.
1463 4342 1525 4420 12),
1549 4361 1624 4404 cum
1645 4340 1687 4404 ad
1707 4341 1785 4405 fidei
1807 4340 1991 4423 analogiam
2008 4363 2138 4406 omnem
2158 4362 2235 4424 pro-

220 4468 282 4512 eua
301 4455 428 4513 constet
447 4449 482 4511 in
498 4449 595 4512 terris
611 4447 826 4527 incolumitas,
849 4447 1008 4531 quomodo
1024 4471 1117 4513 suam
1131 4449 1201 4533 dig-
1253 4451 1401 4533 phetiam
1422 4452 1596 4514 formatam
1617 4472 1688 4516 esse
1709 4451 1821 4530 voluit,
1845 4453 2060 4517 certissimam
2078 4453 2236 4518 amussim

221 4558 358 4624 nitatem
377 4560 441 4625 Dei
459 4560 581 4624 veritae
599 4557 757 4639 retineat,
773 4560 933 4644 quomodo
950 4581 1090 4643 regnum
1104 4560 1202 4626 Chri-
1254 4562 1375 4644 posuit,
1405 4582 1470 4643 qua
1490 4561 1620 4643 probari
1648 4564 1827 4644 1111111111
1855 4564 2078 4646 interpretatio
2109 4564 2235 4630 debeat

220 4675 273 4731 sto
294 4677 420 4734 sartum
440 4677 625 4753 tectumque
646 4673 733 4737 inter
755 4695 814 4739 nos
831 4678 971 4736 maneat
1015 4672 1127 4755 Digna
1149 4695 1201 4738 res
1255 4673 1309 4738 Ad
1330 4673 1416 4738 hanc
1448 4673 1557 4755 itaque
1589 4673 1666 4737 fidei
1692 4674 1841 4758 regulam
1867 4676 1894 4741 si
1917 4683 2030 4740 nostra
2050 4678 2235 4761 erigantur,

222 4780 355 4847 auribus
376 4784 455 4861 tuis,
480 4783 580 4867 digna
601 4791 659 4848 tua
679 4785 876 4867 cognitione,
900 4782 1000 4866 digna
1021 4790 1077 4847 tuo
1099 4784 1202 4849 tribu·
1254 4787 1290 4850 in
1316 4785 1466 4850 manibus
1494 4792 1544 4849 est
1570 4785 1714 4850 victoria.
1767 4785 1855 4867 Quid
1885 4789 1973 4852 enim
1999 4788 2116 4853 melius
2138 4793 2236 4870 atque

123 4914 126 4918 ·
222 4890 297 4956 nali.
344 4890 512 4976 Siquidem
536 4902 569 4959 et
589 4916 706 4960 verum
727 4917 839 4979 regem
868 4893 949 4959 11111
970 4895 1121 4976 cogitatio
1153 4897 1202 4962 fa-
1256 4897 1362 4978 aptius
1383 4896 1460 4960 fidei
1481 4897 1641 4975 convenit,
1663 4918 1762 4978 quam
1780 4918 1953 4981 agnoscere
1976 4921 2035 4963 nos
2057 4900 2147 4964 omni
2167 4900 2236 4967 vir-

220 5003 281 5069 cit:
311 5026 485 5087 agnoscere
506 5028 541 5072 se
568 5006 603 5070 in
630 5007 724 5090 regni
747 5005 1027 5070 administratione
1048 5007 1112 5070 Dei
1139 5010 1201 5073 mi-
1255 5015 1324 5072 tute
1349 5007 1455 5072 nudos
1481 5014 1519 5072 ut
1540 5029 1560 5070 a
1579 5007 1652 5072 Deo
1673 5009 1867 5088 vestiamur,
1895 5011 1984 5074 omui
2011 5011 2095 5076 bono
2115 5032 2236 5077 vacuos

221 5114 371 5180 sistrum.
406 5117 475 5183 Nae
491 5119 558 5183 iam
575 5139 715 5201 regnum
732 5117 796 5194 illc,
816 5117 873 5181 sed
890 5117 1096 5182 latrocinium
1107 5140 1201 5184 excr-
1254 5127 1292 5185 ut
1324 5121 1365 5185 ab
1397 5121 1467 5201 ipse
1499 5117 1708 5200 impleamur,
1740 5141 1803 5185 nos
1832 5123 1956 5204 peccati
1984 5144 2095 5188 servos
2129 5132 2167 5186 ut
2193 5124 2236 5188 ab

220 5229 360 5310 estqui
387 5249 452 5292 non
479 5230 513 5292 in
540 5229 602 5295 hoc
624 5238 755 5312 regnat,
783 5238 820 5292 ut
840 5228 906 5293 Dei
927 5229 1048 5314 gloriae
1070 5231 1199 5296 serviat.
1254 5233 1324 5314 ipso
1361 5231 1551 5305 liberemur,
1585 5250 1645 5295 nos
1677 5251 1788 5297 caecos
1822 5241 1860 5298 ut
1894 5235 1935 5298 ab
1966 5236 2036 5317 ipso
2071 5234 2237 5300 illumine-
