4770 6030
211 361 275 424 695
786 348 1052 419 INSTITUTIO
1073 352 1177 417 REL.
1200 350 1634 418 6661661666-1664.
2147 352 2209 413 696

210 546 390 629 plurimum
417 543 603 625 profecisse,
636 542 692 624 qui
725 541 785 605 sibi
811 541 990 624 plurimum
1016 540 1187 622 displicere
1238 541 1339 622 operis
1366 541 1565 621 partiuntur:
1586 539 1610 622 ¹)
1642 539 1745 603 nihilo
1771 450 2210 622 6661166666316611

214 630 340 709 (11(11611;
368 650 435 692 666
463 636 500 692 61
524 629 560 691 16
587 627 648 693 1166
676 627 745 691 1616
767 626 902 691 haereat
922 648 982 691 666
1003 626 1091 690 61166
1111 646 1186 707 666-
1239 624 1443 702 (1666166661,
1462 625 1523 688 6161
1543 623 1648 689 videri
1668 625 1783 689 volunt
1803 633 1905 690 totam
1926 631 2066 688 aetatem
2087 626 2123 688 in
2143 627 2209 710 syl-

212 715 395 800 grediatur,
422 713 479 778 sed
506 715 612 797 magis
638 720 677 776 ut
704 711 745 776 ad
772 713 882 777 Deum
909 712 1041 777 festinet
1060 719 1094 776 61
1115 733 1186 776 sus·
1240 711 1386 793 logismis
1418 709 1628 775 contexendis
1657 709 1834 776 detrivisse.
1884 710 2010 774 Verum
2037 711 2064 775 si
2091 712 2163 792 quis
2190 734 2210 776 a

211 802 309 884 piret:
344 820 406 882 quo
437 800 535 863 morti
563 800 713 880 vitaeque
740 797 865 863 Christi
897 799 1039 862 insertus
1071 818 1186 880 perpe·
1239 796 1425 861 definitione
1451 797 1661 860 ratiocinetur
1693 795 1794 880 (quod
1821 818 1924 878 genus
1957 798 2210 879 argumentandi

211 901 303 950 tuam
331 886 565 968 poenitentiam
591 882 781 962 meditetur,
814 892 852 947 61
884 891 971 947 66616
997 904 1064 947 666
1093 884 1187 946 611166
1239 881 1326 964 apud
1348 881 1530 946 dialecticos
1552 880 1654 964 valet)
1680 902 1774 963 66666
1797 882 1936 963 aliquem
1964 888 2113 947 anteacta
2134 905 2209 965 pec-
2237 928 2244 945 .

210 978 364 1055 possunt,
393 991 473 1052 quos
493 971 673 1053 genuinum
700 971 825 1052 666666
846 968 956 1032 odium
977 975 1076 1032 tenet
1120 968 1187 1032 Ne·
1222 966 1467 1045 6616666666,
1491 966 1655 1030 etflenda
1675 989 1741 1032 666
1760 968 1977 1046 committere
1999 989 2092 1048 66666
2113 990 2207 1050 prae-

211 1078 265 1122 mo
288 1057 376 1120 enim
398 1067 566 1138 peccatum
588 1076 733 1137 666666
751 1055 827 1132 61111,
850 1055 914 1119 6161
933 1056 1024 1135 66166
1045 1054 1187 1118 1666666
1239 1055 1335 1118 terite
1357 1054 1445 1117 mala
1462 1053 1627 1136 plangere,
1651 1060 1684 1117 et
1704 1052 1890 1136 plangenda
1906 1074 1972 1116 non
1990 1055 2207 1133 committere3

213 1163 324 1208 amore
346 1151 467 1223 eaptus.
503 1142 596 1205 Haec
613 1141 783 1218 sententia,
805 1148 932 1204 uteret
950 1141 1188 1221 simplicissima
1238 1161 1332 1221 posse
1353 1139 1479 1221 punire,
1501 1138 1585 1220 quod
1608 1137 1731 1203 doleret
1752 1140 1959 1216 commisisse,
1977 1147 2036 1203 etc.
2059 1141 2208 1221 quamvis

210 1229 372 1302 emnium,
402 1229 449 1290 ita
480 1227 562 1290 mihi
589 1248 664 1293 cum
696 1228 874 1308 scripturae
902 1227 1039 1290 veritate
1067 1227 1187 1306 optime
1239 1246 1293 1289 ore
1314 1247 1381 1289 666
1403 1226 1603 1301 confiteatur,
1625 1224 1783 1306 quomodo
1801 1246 1895 1289 suam
1914 1225 2121 1306 partitionem
2136 1233 2208 1290 tue·

212 1314 396 1380 consentire
416 1313 488 1377 visa
509 1321 567 1377 est.
1239 1310 1382 1375 buntur?
1416 1307 1454 1375 Si
1476 1312 1564 1374 enim
1585 1310 1640 1373 ille
1661 1331 1739 1376 vere
1755 1312 1923 1393 poenitens
1941 1332 2008 1374 666
2025 1313 2207 1387 6666161116,

304 1403 351 1462 14.
406 1398 503 1463 Nunc
535 1399 631 1462 venio
665 1397 706 1462 ad
738 1396 932 1462 excutienda
964 1417 1002 1460 66
1032 1418 1114 1479 quae
1148 1396 1188 1460 de
1238 1397 1438 1478 poenitentia
1469 1396 1539 1460 6166
1571 1396 1771 1460 confessione
1799 1417 1869 1460 6666
1892 1402 2006 1477 661661.
2052 1394 2148 1475 Quod
2181 1399 2209 1461 61

213 1485 413 1568 6666116666
440 1483 623 1548 scholastici
656 1483 820 1564 sophistae
853 1481 1071 1560 tradiderimt3
1105 1502 1187 1563 quae
1238 1482 1468 1564 respondeant,
1496 1480 1582 1545 hane
1610 1483 1819 1563 partitionem
1840 1480 1882 1544 ad
1903 1483 2136 1562 poenitentiam
2158 1505 2208 1547 re-

212 1591 313 1652 quam
334 1569 537 1652 paucissimis
558 1570 629 1633 fieri
651 1569 770 1651 poterit
790 1588 995 1650 percurram,
1024 1569 1100 1649 6616
1119 1588 1187 1630 om·
1237 1568 1324 1646 ferri,
1347 1574 1506 1649 quatenus
1528 1574 1577 1631 est
1598 1575 1853 1645 sacramentum,
1875 1566 1928 1632 vel
1950 1566 1991 1630 de
2011 1574 2079 1630 1616
2098 1570 2208 1650 66661-

212 1657 269 1720 616
287 1656 437 1738 persequi
459 1655 588 1719 animus
609 1675 675 1718 666
696 1661 760 1718 est:
784 1675 825 1718 ne
847 1653 1027 1734 1116666166
1046 1652 1186 1731 libellus,
1238 1655 1359 1718 tentiae
1381 1653 1576 1735 perfectione
1597 1652 1745 1736 intelligi,
1768 1674 1866 1736 quam
1884 1654 1951 1717 6616
1968 1652 2209 1719 definitionibus

214 1762 310 1824 quem
333 1740 375 1805 ad
397 1738 568 1804 enchiridii
591 1740 784 1804 brevitatem
807 1740 937 1821 exigere
958 1739 1046 1815 volo,
1069 1739 1103 1801 in
1124 1740 1186 1801 im-
1238 1761 1303 1803 666
1325 1738 1613 1820 comprehendunt,
1632 1760 1698 1803 666
1720 1746 1770 1804 661
1788 1738 1875 1802 unde
1899 1759 2043 1803 accuser:
2067 1740 2208 1821 sibiipsi

213 1848 365 1891 mensum
387 1824 588 1890 extrahatur.
629 1824 841 1903 Ι6111116661
863 1824 981 1906 alioqui
1002 1844 1069 1889 non
1090 1824 1186 1897 valde
1238 1826 1414 1906 imputent,
1448 1825 1504 1906 qui
1534 1846 1599 1887 non
1627 1826 1741 1906 purius
1770 1846 1807 1889 ac
1841 1823 2011 1889 dilucidius
2039 1822 2206 1889 definiunt.

214 1912 406 1995 implicitam
428 1918 477 1974 tot
497 1911 716 1976 voluminibus
735 1910 959 1987 involverunt,
988 1920 1113 1974 61666
1135 1910 1186 1973 fu-
1238 1911 1310 1994 Ego
1340 1919 1441 1987 certe,
1469 1931 1528 1991 pro
1559 1931 1633 1974 mea
1655 1911 1815 1987 crassitie,
1843 1931 1944 1991 quum
1970 1908 2010 1973 de
2037 1931 2073 1973 66
2100 1911 2209 1992 611666

159 2001 171 2010 “
214 2005 308 2062 111666
336 1998 379 2061 611
398 1997 502 2061 facilis
524 1998 645 2073 661166,
669 1997 698 2060 61
718 2005 750 2060 16
771 1995 906 2077 666166
927 1996 963 2058 16
985 2017 1098 2059 eorum
1119 1996 1187 2059 fae·
1239 1996 1430 2078 disputatur,
1450 1995 1491 2060 ad
1508 1996 1613 2077 ipsam
1633 1990 1854 2060 definitionem
1871 1997 1981 2059 omnia
1997 1995 2110 2074 refers,
2128 2018 2210 2078 qnae

214 2105 267 2149 666
305 2083 511 2147 immerseris.
570 2083 736 2165 Principio
777 2083 813 2144 in
851 2080 961 2144 danda
999 2081 1187 2145 definitione
1239 2090 1289 2146 est
1310 2083 1408 2146 totius
1431 2081 1658 2161 disputationis
1680 2081 1777 2146 cardo
1797 2103 1835 2146 ac
1856 2080 2113 2145 fundamentum.
2143 2080 2210 2146 Sed

212 2168 311 2250 plane
337 2167 526 2244 ostendunt,
555 2188 721 2248 nunquam
750 2188 785 2231 se
810 2165 1009 2231 intellexisse
1030 2166 1108 2250 quid
1136 2189 1187 2231 es·
1239 2168 1281 2232 sit
1303 2167 1359 2231 illa
1380 2166 1578 2250 magistralis
1599 2167 1744 2245 lieentia3
1773 2167 1838 2230 166
1858 2174 1967 2248 666166
1989 2167 2077 2248 ipsas
2098 2168 2210 2232 ordine

214 2261 264 2319 set
290 2254 498 2336 poenitentia.
547 2253 722 2335 Arripiunt
748 2254 838 2317 enim
864 2252 1024 2333 quaedam
1051 2275 1069 2317 6
1096 2252 1187 2318 libris
1239 2252 1482 2334 perlustramus.

213 2347 363 2405 veterum
383 2338 526 2416 dicteria,
549 2359 632 2420 quae
653 2339 721 2402 vim
742 2339 960 2420 poenitentiae
977 2339 1111 2402 minime
1130 2359 1188 2402 ex·
1327 2343 1374 2403 16.
1418 2338 1530 2402 Velim
1551 2345 1660 2402 autem
1682 2337 1945 2402 animadvertant
1971 2338 2120 2416 lectores,
2144 2359 2209 2402 666
2301 2408 2305 2419 ,

212 2426 373 2508 primunt:
397 2423 482 2506 quod
498 2425 664 2507 poenitere
681 2425 724 2487 sit
741 2431 890 2488 anteacta
908 2434 1041 2505 peecata
1058 2423 1186 2502 deflere,
1239 2425 1292 2489 hic
1319 2424 1359 2488 de
1388 2425 1471 2489 asini
1497 2425 1615 2488 umbra
1639 2425 1746 2487 rixam
1773 2445 1856 2501 esse,
1886 2423 1943 2487 sed
1970 2445 2041 2487 rem
2062 2425 2209 2488 omnium

214 2519 247 2575 61
278 2509 386 2575 flenda
412 2531 479 2573 non
512 2510 733 2574 committere(
774 2509 874 2586 Item,
908 2508 993 2592 quod
1026 2511 1068 2573 611
1100 2509 1188 2574 mala
1238 2511 1381 2574 maxime
1407 2511 1525 2575 seriam
1552 2510 1699 2573 tractari:
1728 2530 1845 2591 nempe
1866 2507 1907 2573 de
1927 2517 2134 2591 peecatorum
2156 2532 2208 2574 re-

212 2597 389 2678 praeterita
409 2595 580 2678 plangere,
609 2602 641 2658 et
661 2594 848 2678 plangenda
870 2595 990 2658 iterum
1011 2616 1077 2658 non
1099 2616 1187 2660 com·
1237 2597 1399 2661 missione.
1445 2594 1557 2675 Quum
1583 2596 1670 2659 enim
1698 2596 1763 2658 tria
1784 2595 1826 2659 ad
1846 2596 2079 2677 poenitentiam
2099 2596 2206 2677 requi·

211 2682 350 2745 mittere.
399 2681 500 2759 Item,
529 2680 614 2762 quod
642 2682 685 2745 sit
711 2679 872 2762 quaedam
899 2679 1011 2744 dolens
1032 2679 1185 2756 vindicta,
1238 2688 1324 2761 runt,
1348 2681 1629 2763 compunctionem
1650 2681 1764 2758 cordis,
1786 2682 1852 2745 oris
1870 2681 2110 2759 confessionem,
2132 2702 2207 2762 ope-

210 2768 350 2848 6661666
376 2767 413 2830 in
440 2788 475 2831 se
497 2766 582 2849 quod
604 2766 692 2830 dolet
718 2766 925 2830 commisisse.
969 2766 1072 2845 Item,
1101 2766 1187 2848 quod
1238 2768 1284 2832 ris
1312 2767 1579 2843 satisfactionem,
1607 2767 1704 2831 simul
1730 2767 1771 2831 ad
1797 2766 2037 2849 impetrandam
2062 2775 2208 2848 peccato-

212 2852 256 2918 sit
288 2851 379 2917 dolor
411 2851 517 2916 cordis
544 2861 577 2916 et
609 2851 791 2916 amaritudo
825 2852 967 2931 661666,
1000 2873 1059 2933 666
1092 2852 1187 2916 66116
1239 2875 1313 2917 rum
1340 2853 1563 2918 remissionem
1589 2854 1772 2918 necessaria
1796 2874 1866 2918 6666
1895 2851 2019 2916 docent.
2069 2850 2208 2934 Siquid
2271 2860 2274 2866 '

212 2957 296 3020 quae
316 2939 451 3020 quisque
473 2937 642 3015 66661611,
665 2937 717 3002 vel
740 2938 856 3019 quibus
879 2939 1050 3002 consensit.
1092 2938 1187 3002 Haec
1240 2947 1349 3004 autem
1381 2940 1415 3002 in
1437 2945 1505 3002 tota
1532 2944 1644 3002 nostra
1670 2938 1826 3022 religione
1854 2939 1936 3003 scire
1957 2947 2069 3003 nostra
2100 2938 2207 3018 refert,

212 3025 301 3088 enim
322 3030 360 3087 ut
381 3045 401 3087 a
421 3023 567 3105 patribus
580 3022 605 3106 ¹)
632 3023 715 3088 bene
742 3022 830 3088 (11616
850 3022 1065 3088 concedamus
1087 3022 1187 3107 (quod
1238 3025 1272 3089 id
1294 3031 1381 3090 66616
1409 3024 1509 3088 refert
1529 3024 1672 3088 maxime
1693 3024 1875 3107 intelligere
1903 3044 1941 3088 ac
1966 3024 2067 3106 probe
2088 3032 2207 3103 tenere,

213 3109 352 3174 inficiari
383 3116 493 3172 16666
521 3110 720 3174 contentioso
747 3109 878 3174 difficile
905 3130 971 3172 non
993 3109 1093 3192 66661)
1120 3130 1187 3173 666
1238 3132 1303 3193 666
1324 3111 1458 3188 ratione,
1481 3130 1546 3191 qua
1564 3109 1645 3192 lege,
1669 3130 1733 3191 qua
1754 3108 1945 3187 conditione,
1971 3130 2035 3190 666
2055 3110 2208 3176 facilitate

213 3200 325 3259 16666
350 3195 387 3258 in
412 3215 484 3258 eam
510 3201 637 3277 partem
664 3193 869 3272 dicebantur,
897 3200 935 3258 61
954 3195 1184 3276 poenitentiam
1239 3205 1296 3261 aut
1334 3195 1537 3272 difficultate,
1582 3196 1766 3260 obtineatur
1808 3202 2014 3278 peecatorum
2052 3197 2206 3260 remissio.

214 3278 446 3359 describerent3
469 3279 527 3344 sed
548 3287 677 3343 tantum
695 3289 733 3344 ut
754 3301 829 3344 suos
846 3280 1064 3357 hortarentur,
1087 3302 1130 3344 ne
1151 3281 1187 3344 in
1238 3283 1331 3347 Haec
1358 3282 1475 3345 notitia
1501 3282 1565 3346 nisi
1593 3282 1763 3363 perspicua
1785 3288 1936 3362 certaque
1964 3289 2105 3360 constat,
2134 3282 2208 3345 nul·

212 3365 326 3430 eadem
350 3365 467 3430 delicta
494 3387 626 3429 rursum
650 3365 846 3442 inciderent,
869 3387 889 3429 a
910 3366 1027 3447 quibus
1049 3367 1186 3431 extracti
1237 3368 1305 3433 166
1326 3367 1457 3432 666166
1479 3368 1633 3449 requiem,
1655 3367 1781 3431 nullam
1803 3388 1879 3432 6661
1900 3367 1972 3431 Deo
1989 3388 2112 3449 pacem,
2135 3367 2208 3430 661-

212 3458 315 3516 66661.
366 3450 463 3531 Quod
491 3452 518 3515 si
545 3450 650 3534 elogia
671 3450 854 3516 istiusmodi
880 3453 989 3515 omnia
1015 3451 1187 3516 16116661-
1237 3453 1492 3518 16616666166
1528 3460 1585 3517 aut
1618 3454 1825 3518 securitatem
1850 3452 1971 3517 habere
2001 3460 2108 3535 potest
2134 3474 2208 3517 con-

212 3537 316 3602 tiones
344 3545 534 3602 convertere
566 3536 688 3618 placet,
722 3537 787 3600 alia
813 3557 940 3619 quoqne
970 3559 1037 3601 666
1068 3539 1187 3601 minori
1239 3541 1374 3604 66166116
1380 3562 1389 3617 ;
1422 3538 1480 3603 sed
1507 3538 1635 3603 assidue
1661 3537 1815 3621 trepidat,
1848 3538 2039 3616 fluctuatur,
2073 3545 2207 3615 6661661,

212 3623 282 3686 iure
316 3622 477 3687 assuenda
504 3629 605 3686 erant.
652 3621 758 3702 Quale
785 3630 836 3687 est
863 3622 924 3687 hoo
944 3620 1184 3707 Ohrysostomi:
1238 3626 1410 3703 cruciatur,
1434 3624 1616 3701 divertatur,
1645 3623 1766 3704 horret,
1794 3623 1870 3704 odit,
1893 3645 1931 3689 ac
1952 3625 2036 3707 fugit
2056 3645 2208 3705 eonspec-

212 3709 411 3789 6666116666
448 3723 498 3772 661
540 3709 814 3774 medicamentum
855 3716 1024 3791 peccatum
1063 3711 1187 3774 exstin-
1238 3718 1308 3775 tum
1331 3711 1404 3775 Dei.
1436 3708 1533 3789 Quod
1555 3711 1582 3774 si
1605 3710 1645 3774 ab
1667 3709 1719 3774 bis
1741 3710 1977 3775 conditionibus
1997 3709 2117 3791 pendet
2133 3728 2208 3790 pec·

213 3813 331 3875 gneus,
365 3792 486 3858 donum
518 3794 652 3858 coelitus
676 3793 803 3873 datum,
837 3795 942 3860 virtus
976 3793 1185 3873 admirabilis,
1238 3805 1384 3862 catorum
1421 3796 1569 3860 remissio
1602 3796 1717 3877 quibus
1750 3817 1823 3860 eam
1854 3796 1917 3877 ipsi
1943 3794 2090 3877 alligant,
2123 3794 2206 3857 nihil
2293 3854 2300 3865 ,

213 3879 320 3961 gratia
355 3879 424 3942 vim
462 3879 573 3962 legum
610 3901 776 3962 superans.
830 3879 923 3943 Adde
965 3880 1047 3959 qaod
1079 3880 1187 3945 doctri·
1237 3882 1331 3947 nobis
1352 3881 1503 3946 miserius
1529 3901 1590 3945 666
1617 3880 1822 3964 (1661666666.
1867 3879 2117 3958 (munitionem,
2139 3880 2206 3961 pri-

213 3983 270 4040 66,
292 3983 387 4044 quom
409 3970 519 4046 posteo
545 3966 686 4041 trudant,
715 3966 786 4028 16116
814 3965 1043 4046 &teutoniae
1063 3971 1107 4030 661
1129 3966 1188 4030 611
1237 3989 1327 4032 mam
1347 3966 1542 4033 obtinendae
1563 3967 1678 4031 veniae
1695 3976 1823 4054 partem
1839 3966 1970 4043 faciunt,
1993 3985 2129 4047 eamque
2150 3964 2206 4028 de-

212 4054 327 4130 666616
355 4049 492 4114 deterior.
544 4051 597 4114 616
624 4052 705 4114 enim
732 4052 1013 4116 entremenis
1033 4053 1187 4116 eteritis
1237 4053 1339 4118 bitam
1367 4053 1516 4135 6616661,
1540 4051 1601 4117 1166
1624 4059 1687 4132 661,
1717 4053 1838 4117 iustam
1859 4050 2057 4133 61616666;
2079 4051 2136 4116 sed
2157 4052 2207 4114 in-
2258 4111 2265 4121 .

211 4135 370 4199 mordicus
398 4136 503 4216 161161,
532 4141 567 4200 61
592 4136 673 4200 nibil
701 4136 793 4201 611611
813 4157 851 4201 er
877 4138 1038 4201 immersis
1058 4137 1186 4203 volumi»
1237 4140 1333 4203 terim
1360 4159 1428 4203 non
1449 4138 1664 4217 constituunt,
1695 4137 1823 4220 quando
1845 4159 1978 4203 6661666
1999 4138 2117 4220 6116616
2138 4159 2208 4202 esse

211 4218 303 4284 611616
325 4221 462 4304 66111666,
492 4242 586 4302 quom
609 4222 827 4304 poeaitentiam
852 4243 918 4287 esse
938 4223 1186 4305 disciplinatae
1237 4226 1347 4307 possit,
1370 4246 1405 4289 se
1427 4223 1489 4290 1166
1511 4225 1703 4289 contritione
1725 4224 1766 4289 ad
1783 4225 1906 4289 iustum
1922 4223 2208 4288 6666666166-

208 4306 428 4385 oustert'tatem,
450 4327 529 4389 6666
542 4309 663 4389 partim
683 4308 855 4374 (1616661166
875 4309 980 4387 66161,
995 4309 1116 4390 partim
1137 4329 1186 4372 66
1237 4317 1407 4376 11166666.
1448 4310 1514 4375 Hic
1535 4332 1613 4376 vero
1634 4312 1773 4376 miserae
1795 4310 2009 4375 conscientiae
2031 4310 2122 4373 miris
2139 4329 2207 4371 mo-

207 4392 363 4475 61666616
394 4393 626 4476 paoietdiequc
657 4395 744 4458 611116
786 4395 909 4459 6666161.
964 4392 1014 4459 De
1046 4394 1186 4458 interiori
1237 4396 1287 4461 dis
1304 4402 1497 4479 torquentur
1514 4403 1547 4460 61
1565 4398 1782 4480 exagitantur,
1801 4395 1880 4460 dum
1897 4394 1958 4462 sibi
1975 4395 2117 4460 debitam
2134 4416 2208 4476 pec-

207 4479 319 4542 6166116
340 4480 546 4558 renovatione,
575 4500 653 4560 6666
674 4500 779 4546 veram
807 4481 888 4545 61166
908 4480 1186 4545 metaneae
1236 4489 1383 4550 catorum
1404 4483 1630 4547 contritionem
1653 4483 1774 4564 imponi
1795 4481 1923 4560 vident,
1951 4502 2012 4545 nec
2032 4503 2208 4562 assequun-

207 4582 278 4628 cwm
298 4563 401 4642 1661111,
424 4565 541 4628 rabum
562 4565 726 4639 6116611666.
1236 4575 1290 4633 tur
1317 4567 1416 4632 debiti
1443 4588 1645 4646 mensuram,
1674 4574 1711 4632 61
1735 4589 1846 4633 seeum
1873 4566 2046 4632 decernere
2073 4568 2206 4648 possint,

298 4655 344 4714 15.
394 4649 635 4715 Poenitentiam
673 4656 742 4714 tam
783 4657 899 4733 argute
934 4650 1116 4729 definitam,
1149 4652 1183 4715 16
1235 4675 1270 4719 66
1297 4652 1492 4736 persolvisse
1513 4654 1599 4737 quod
1627 4653 1796 4719 debebant.
1841 4651 1879 4717 Si
1902 4652 2058 4729 dixerint,
2087 4651 2206 4714 facien-

209 4736 435 4799 eontritionem
457 4736 571 4814 cordis,
595 4736 828 4801 confessionem
847 4735 920 4813 oris,
944 4736 1185 4817 6611616άὶ6666
1236 4739 1314 4804 (166
1335 4737 1421 4822 quod
1442 4740 1478 4803 in
1499 4741 1593 4805 nobis
1614 4747 1679 4819 est,
1708 4739 1821 4804 eodem
1843 4757 1971 4819 semper
1991 4735 2205 4811 revolvimur;

1235 4825 1363 4908 quando
1381 4826 1469 4889 enim
1487 4825 1619 4890 audebit
1630 4826 1692 4890 sibi
1708 4825 1896 4908 promittere
1911 4822 2080 4904 quispiam,
2094 4840 2206 4884 omnes

1236 4913 1378 4976 serires
1411 4911 1587 4976 contulisse
1609 4910 1651 4975 ad
1677 4909 1821 4994 lugenda
1844 4905 1997 4990 66666161
2040 4904 2105 4970 Ubi
2128 4926 2206 4988 ergo

276 4991 305 5059 1)
322 4991 443 5043 Ρ616166
458 5000 499 5044 661
514 4991 638 5059 Gregorii
656 4995 684 5042 et
698 4992 815 5044 refertur
832 4991 916 5044 11116
934 4999 1049 5045 sentent.
1068 4994 1129 5046 dist.
1141 4992 1181 5046 14.
1236 4996 1291 5060 diu
1313 4996 1596 5075 666666166666,
1614 5004 1648 5061 ot
1668 4996 1774 5079 longis
1798 4991 2028 5059 certaminibus
2045 4992 2206 5056 exercitae

207 5075 229 5109 e.
249 5059 272 5110 1.
308 5060 458 5111 Secundum
485 5059 624 5112 Ambrosii
650 5060 766 5113 refertur
789 5060 844 5112 illic
864 5066 891 5114 et
910 5063 937 5114 16
956 5062 1056 5114 decret.
1075 5063 1137 5114 dist.
1156 5062 1181 5115 3.

207 5126 242 5178 de
259 5130 405 5194 poenitent.
426 5145 447 5179 e.
467 5128 614 5195 poenitent.
634 5129 732 5196 priore.
760 5129 881 5182 Tertium
901 5131 1045 5200 Augustini
1065 5132 1182 5184 refertur
1807 5177 1810 5184 .

207 5195 265 5246 ead.
283 5198 344 5249 dist.
363 5213 385 5248 e.
401 5197 548 5263 poenitent.
564 5207 663 5264 poster.
691 5198 820 5262 Quartum
835 5200 973 5252 Ambrosii
989 5201 1106 5252 refertur
1120 5200 1181 5252 dist.
1302 5201 1332 5264 1)
1350 5203 1409 5254 Lib.
1427 5199 1453 5253 4.
1472 5207 1587 5253 sentent
1607 5199 1647 5253 16.
1671 5216 1693 5252 6.
1714 5199 1737 5251 1.
1761 5199 1795 5250 (16
1813 5196 1960 5265 poenitent.
1979 5195 2041 5249 dist.
2061 5198 2085 5250 1.
2104 5215 2125 5249 e.
2144 5213 2204 5265 per·

206 5261 232 5314 1.
251 5264 284 5315 de
303 5266 449 5332 poenitent.
469 5280 490 5316 6,
511 5281 574 5316 vera
591 5267 739 5333 poenitent.
874 5275 879 5289 “
1233 5269 1304 5323 fecta
1320 5271 1468 5338 poenitent.

205 4890 347 4899 ———-—...
360 4894 366 4898 ..
404 4894 409 4898 .
