4770 6030
191 349 313 415 XXIV
634 402 638 417 .
733 345 997 457 {uastauere
1019 343 1294 410 RELIGIONIS
1318 345 1643 412 uflalsulauau.

191 540 288 621 nique
310 538 497 615 Ludovicus
518 537 662 615 Bonnet,
685 525 838 601 ecelesiae
859 520 1125 627 francofintensis
1147 541 1272 615 pastor,
1300 535 1335 597 in
1357 534 1458 599 diario
1480 535 1585 599 Rcocc
1607 534 1774 598 5111115555
1799 538 1889 622 1851,
1912 535 2015 618 April.
2039 556 2069 617 p.
2090 539 2180 613 232.;

190 651 415 732 15115343.
459 648 572 731 Neque
600 648 653 713 hic
680 646 878 712 omittendus
906 646 1109 712 doctissimus
1138 645 1172 711 J.
1197 645 1229 710 J.
1259 645 1459 729 Herzogius‚
1485 647 1582 712 lexioi
1609 646 1782 730 theologici
1809 646 1926 724 editor,
1955 647 2011 728 qui
2031 648 2181 730 quamvis

190 762 298 826 minus
320 759 459 848 fidenter
480 759 616 825 eandem
638 761 735 824 istam
757 759 950 823 sententiam
973 758 1178 840 amplectitur
1198 757 1305 839 potius
1327 778 1425 839 quam
1447 759 1563 823 asserit
1585 756 1729 841 (1.5Π.
1751 761 1836 841 502).
2060 736 2064 747 ’

343 871 561 954 Spectabilem
583 871 733 953 equidem
754 870 807 934 hie
829 870 930 935 habes
954 863 1289 935 551515155511511551
1316 868 1434 951 alioqui
1460 891 1526 933 non
1554 877 1675 934 temere
1701 868 1985 951 repudiandorum.
2032 866 2182 963 Quorum

87 1055 89 1058 .
189 991 300 1049 151555
322 1004 401 1049 5515
423 984 555 1047 nomina
577 982 681 1065 magis
703 1003 801 1064 quam
823 989 1016 1065 argumenta
1036 980 1199 1062 respicias.
1245 978 1334 1045 Sane
1354 979 1412 1044 vix
1443 979 1559 1044 talium
1586 980 1732 1063 indigeas
1760 982 1788 1046 si
1810 1002 1888 1063 prae
1916 980 2051 1045 caeteris
2073 979 2181 1062 Spon-

190 1095 294 1161 danus
316 1094 495 1160 audiendus
516 1094 629 1172 fuerit,
652 1093 704 1158 151
727 1092 951 1171 Raemondus,
975 1092 1028 1174 qui
1052 1092 1092 1156 de
1114 1091 1196 1157 libro
1218 1091 1273 1154 illo
1301 1090 1397 1155 hodie
1420 1090 1601 1157 desiderato
1623 1092 1668 1157 sic
1690 1092 1867 1175 loquuntur
1893 1099 1931 1156 ut
1958 1093 2066 1173 ipsum
2087 1112 2182 1173 prae·
2240 1141 2244 1145 -

190 1215 315 1272 sentem
335 1207 485 1271 manibus
514 1213 669 1270 tractasse
692 1226 745 1270 eos
768 1204 957 1295 credideris,
985 1204 1049 1268 nisi
1071 1203 1136 1267 alia
1155 1204 1264 1267 omnia
1284 1204 1391 1285 potius
1413 1224 1455 1267 511
1475 1198 1587 1267 551515
1608 1202 1733 1268 cavillis
1754 1203 1825 1267 iure
1846 1204 2049 1269 elicerentur.
2094 1207 2127 1271 N
2128 1228 2180 1272 ar-

189 1330 264 1410 rant
286 1319 374 1383 enim
397 1317 572 1382 Calvinum
595 1316 656 1380 sibi
678 1316 838 1380 emblema
860 1314 1018 1398 delegisse
1047 1314 1192 1398 gladium
1219 1315 1360 1378 flammis
1378 1313 1631 1394 circumdatum,
1655 1314 1764 1379 addito
1786 1313 1914 1397 adagio:
1938 1336 1999 1378 555
2019 1318 2089 1380 ceni
2111 1321 2180 1382 1511
2238 1318 2241 1323 ’

188 1435 248 1494 tere
264 1450 373 1510 pacem
391 1429 448 1492 ’5511
466 1427 616 1510 gladium,
638 1426 734 1509 idque
756 1427 830 1491 libri
852 1427 903 1490 sui
923 1426 1018 1490 titulo
1040 1425 1293 1508 imprimendum
1314 1427 1443 1491 curasse
1450 1449 1458 1503 ;
1488 1446 1614 1508 nempe,
1638 1432 1675 1489 ut
1695 1425 1745 1489 illi
1765 1427 2035 1507 interpretantur,
2063 1429 2108 1494 sic
2130 1431 2181 1494 in·

190 1543 278 1625 genii
303 1541 455 1607 ferociam
491 1538 682 1622 prodentem
706 1545 743 1602 'et
775 1537 954 1602 turbandae
976 1538 1129 1602 eeclesiae
1156 1538 1334 1602 consilium.
1379 1535 1472 1616 Quae
1503 1538 1558 1619 qui
1583 1536 1713 1620 legerit,
1743 1558 1852 1619 nonne
1879 1537 1973 1602 facile
2001 1538 2181 1606 adducetur

189 1661 226 1717 ut
248 1675 323 1718 vere
345 1654 403 1717 tali
424 1651 506 1715 libro
528 1652 672 1732 inspecto
695 1647 910 1731 Spondanum
932 1649 1012 1715 haec
1034 1649 1155 1714 dixisse
1177 1650 1238 1716 sibi
1257 1647 1473 1731 persuadeat?
1518 1649 1644 1713 Verum
1665 1649 1830 1713 enimvero
1852 1669 1973 1732 magna
1994 1650 2049 1716 hic
2068 1673 2179 1742 rerum

186 1766 338 1843 confusio,
362 1773 395 1828 et
417 1759 636 1828 calumniandi
659 1760 803 1824 studium
823 1761 929 1827 maius
951 1783 1049 1843 quam
1069 1760 1150 1824 fides
1173 1761 1334 1827 historica,
1380 1760 1468 1824 Illud
1490 1760 1577 1825 onim
1599 1760 1759 1825 emblema
1780 1781 1846 1824 non
1864 1759 1994 1825 Oalvini
2016 1762 2092 1841 fuit,
2120 1763 2179 1828 sed

188 1877 241 1943 151
262 1874 460 1960 typographi
480 1859 670 1957 gehevensis
691 1871 824 1937 Ioannis
846 1870 989 1936 Gerardi
1010 1871 1124 1957 (etiam
1147 1871 1282 1937 Girardi
1300 1871 1393 1956 dieti)
1415 1874 1472 1955 qui
1493 1873 1735 1937 institutionem
1757 1892 1843 1936 anno
1867 1875 1948 1934 1550
1971 1892 2008 1936 eo
2030 1880 2178 1938 ornatam

133 2061 137 2068 ¹
189 2009 230 2052 ex
252 1987 382 2051 officina
404 2007 463 2050 sua
485 1984 587 2048 edidit
598 1978 798 2066 praeterque
820 2006 894 2049 eam
920 1984 1016 2067 plura
1044 1984 1110 2048 alia
1133 1990 1166 2047 et
1187 1983 1317 2050 Calvini
1339 1990 1372 2049 51
1399 1984 1536 2048 51151515
1557 1984 1725 2066 opuscula,
1754 1983 1806 2048 151
1829 1983 1965 2047 fortasse
1985 1983 2178 2067 bibliopolae

188 2100 280 2165 cuius
307 2097 488 2179 sumptibus
509 2096 567 2160 illa
593 2095 682 2177 prelo
710 2094 963 2161 subiiciebantur
991 2094 1081 2180 (vide
1103 2096 1188 2160 Dav.
1212 2094 1364 2160 Clement
1384 2096 1404 2159 l.
1429 2095 1449 2159 l.
1476 2096 1535 2159 VI.
1563 2093 1638 2178 711).
1689 2093 1863 2159 Caeterum
1885 2092 2061 2159 editionem
2088 2097 2179 2161 illam

188 2210 263 2275 libri
286 2209 461 2275 calviniani
479 2229 577 2290 quam
598 2208 653 2271 isti
673 2208 836 2272 somniant
856 2208 1004 2289 primam,
1026 2208 1055 2271 si
1075 2206 1127 2273 vel
1149 2207 1319 2286 exstiterit,
1341 2229 1408 2271 non
1423 2206 1577 2272 Genavae
1599 2207 1686 2290 typis
1707 2205 1857 2271 mandari
1873 2205 2024 2288 potuisse,
2047 2229 2113 2272 non
2129 2215 2179 2273 551

188 2320 274 2405 quod
295 2340 493 2384 moneamus.
537 2319 600 2383 His
621 2319 722 2401 igitur
743 2319 851 2384 missis
872 2318 978 2401 magis
1000 2319 1085 2383 seria
1107 2318 1269 2382 adeamus.

342 2430 534 2496 Producunt
554 2430 771 2496 recentiorum
792 2429 940 2495 nonnulli
961 2431 1103 2512 primum
1130 2428 1231 2511 ipsius
1251 2430 1357 2494 Bezae
1384 2429 1605 2494 testimonium
1632 2451 1728 2512 quem
1754 2432 1789 2495 in
1817 2433 1887 2496 1115
1907 2432 2039 2498 (1511151
2061 2432 2181 2500 diserte

190 2566 209 2609 a
230 2545 297 2609 suis
320 2543 466 2625 partibus
495 2549 580 2606 stare
602 2541 791 2623 perhibent,
819 2547 965 2605 autorem
987 2563 1066 2605 55115
1087 2541 1221 2633 51151155
1247 2540 1465 2623 spernendum
1492 2542 1528 2604 in
1548 2541 1611 2606 hae
1634 2563 1745 2606 rerum
1764 2544 1938 2624 provincia.
1983 2544 2075 2609 Isin
2097 2545 2181 2611 libro

188 2656 330 2737 primum
352 2654 467 2738 gallice
494 2654 673 2735 conscripto
703 2653 783 2718 haec
806 2651 918 2717 habet:
949 2651 983 2715 It
997 2653 1099 2732 partit
1117 2653 1154 2716 115
1177 2651 1299 2716 Franco
1325 2651 1388 2716 155
1412 2656 1493 2716 1534
1516 2657 1543 2716 ct
1571 2657 1646 2716 55515
1667 2673 1778 2718 mesra
1803 2654 1898 2719 55515
1922 2656 1958 2736 (it
1978 2656 2139 2737 5115111551
2159 2659 2181 2722 11

188 2766 287 2831 115515
308 2787 345 2830 55
361 2764 721 2847 515515151555151151,
751 2783 862 2827 comare
884 2783 927 2825 55
949 2763 1154 2845 55515ρᾶ1555
1181 2762 1515 2845 515555155155155
1537 2763 1703 2844 11555515,
1728 2766 1865 2845 premier
1886 2766 1923 2831 de
1945 2787 1976 2832 oe
1994 2787 2079 2846 1555,
2096 2789 2182 2850 perer

188 2878 232 2942 155
248 2897 385 2959 pauvres
405 2875 509 2956 11115155
525 2865 707 2956 peccares,
730 2874 880 2955 ouxqaets
901 2875 921 2937 5
942 2859 1001 2937 tort
1021 2895 1059 2938 55
1080 2877 1220 2957 torpescit
1242 2875 1269 2938 15
1289 2896 1360 2939 nom
1380 2874 1626 2956 d’oaobuptistes,
1643 2895 1727 2956 pour
1743 2877 1893 2943 s’eeoucer
1910 2899 2015 2944 555515
2031 2880 2074 2944 155
2089 2881 2181 2962 1515-

189 3010 236 3054 555
252 2992 438 3069 protestante
460 2988 513 3052 1155
527 2988 736 3067 persecutione
755 2986 844 3068 qc'on
863 2985 1064 3067 1555151551.
1097 2988 1138 3050 In
1161 2987 1299 3052 editione
1321 2987 1424 3051 latina
1445 3006 1523 3050 vero
1545 2985 1689 3051 5111511515
1710 2987 1797 3052 vitae
1816 2990 1921 3055 serius
1942 2998 2076 3056 exarata
2097 2993 2179 3059 haee

191 3107 318 3165 tantum
341 3098 426 3177 dicit,
450 3100 528 3163 anni
550 3119 684 3163 numero
706 3121 772 3163 non
795 3097 919 3186 addite:
950 3097 1433 3179 &emmeramensem
1454 3098 1554 3163 modis
1575 3097 1715 3177 studeret,
1737 3098 1772 3162 51
1792 3101 1873 3180 qaod
1894 3121 1932 3165 55
1953 3103 2080 3183 51551515
2098 3123 2180 3184 ,555-

188 3213 264 3277 51551
285 3210 404 3275 Bucari
424 3211 467 3274 551
487 3230 558 3275 eum
579 3210 672 3274 511515
694 3215 767 3290 post
794 3230 875 3274 5555
896 3209 1097 3291 11515115551,
1125 3215 1226 3275 155155
1247 3211 1334 3275 cdere
1359 3214 1480 3275 5555155
1500 3214 1544 3274 551
1570 3208 1757 3276 5515115555
1781 3212 1939 3294 religante
1960 3214 2182 3282 1551155555

189 3343 284 3405 qaum
305 3321 435 3400 5555511,
458 3320 818 3404 5555515515551151
841 3322 1057 3386 rudimentum.
1101 3322 1193 3388 Haeo
1214 3324 1309 3387 Bene.
1355 3320 1462 3401 Quem
1484 3321 1584 3405 igitur
1607 3320 1695 3386 haud
1723 3323 1978 3405 improbabiliter
2000 3325 2122 3394 dixeris
2144 3351 2181 3395 re

189 3435 308 3499 iterum
329 3455 491 3517 perpensa
511 3435 546 3496 in
568 3433 723 3516 ambiguo¹
742 3432 899 3512 haesisse,
929 3454 1034 3516 nequo
1056 3440 1238 3515 temporum
1260 3435 1419 3497 rationem
1446 3440 1519 3515 post
1541 3440 1669 3498 tanturn
1689 3434 1899 3500 intervallum
1919 3439 2101 3504 accuratius
2123 3439 2180 3506 de-

189 3546 283 3610 finire
306 3547 456 3629 potuisse.
501 3545 613 3609 Etiam
640 3545 676 3607 in
704 3565 741 3608 eo
769 3544 880 3626 lapsus
907 3566 978 3610 esse
1000 3544 1130 3610 videtur
1151 3544 1236 3627 quod
1262 3544 1340 3608 dicit
1362 3544 1537 3609 Calvinum
1559 3544 1708 3609 Basileae
1728 3545 1965 3631 Wolfgangum
1986 3547 2180 3632 Capitonem

190 3658 330 3721 amicum
350 3658 512 3722 habuisse.
558 3654 664 3735 Quem
685 3662 763 3721 tuno
785 3656 997 3740 Argentorati
1019 3656 1190 3739 degentem
1212 3657 1247 3720 in
1268 3657 1408 3721 transitu
1429 3662 1557 3720 tantum
1585 3655 1674 3721 adire
1695 3658 1813 3739 potiit,
1842 3679 1943 3740 quum
1963 3660 2063 3727 Metis
2084 3664 2181 3730 Basi-

189 3767 274 3832 leam
295 3776 453 3851 pergeret.
488 3769 529 3832 In
551 3768 746 3836 hac‘tamen
768 3769 846 3833 satis
870 3768 986 3833 dubiae
1007 3767 1084 3832 fidei
1105 3769 1292 3832 narratione
1313 3769 1407 3832 multi
1429 3767 1550 3832 Bezam
1572 3774 1693 3833 temere
1708 3755 1839 3851 ¹sequuti
1858 3777 1950 3850 sunt;
1972 3773 2046 3852 imo,
2070 3784 2182 3858 spreta

189 3879 258 3943 eius
280 3880 460 3958 autoritate,
485 3901 608 3944 annum
633 3879 952 3945 15351nstitutionis
970 3879 1113 3945 natalem
1135 3880 1196 3945 sibi
1219 3880 1411 3964 selegerunt,
1434 3880 1557 3946 seilicet
1576 3880 1673 3945 tacite
1694 3889 1938 3962 praesumentes
1955 3882 2062 3949 Bonae
2083 3887 2120 3949 111
2142 3907 2181 3953 eo

189 3989 370 4054 definiendo
403 3990 539 4055 humani
572 3992 693 4073 aliquid
727 3991 889 4057 accidisse.
939 3991 1005 4058 Hic
1033 3993 1122 4057 enim
1148 3990 1188 4056 de
1216 3998 1360 4074 tempore
1384 4013 1447 4056 non
1477 3991 1557 4056 adeo
1579 3990 1748 4071 sollicitus,
1775 4014 1816 4057 ex
1845 3993 2001 4058 memoria
2029 4008 2181 4079 computo

187 4101 281 4179 15515,
304 4101 406 4180 facile,
429 4108 466 4164 ut
487 4103 521 4164 in
543 4124 578 4166 re
599 4103 734 4167 minoris
754 4105 923 4182 momenti,
948 4103 1050 4186 decipi
1072 4110 1223 4186 potuerat
1242 4110 1276 4168 51
1296 4125 1411 4169 revera
1432 4102 1585 4185 deceptus
1607 4109 1664 4182 est,
1687 4125 1788 4185 quum
1808 4106 2073 4186 persequutiones
2092 4109 2180 4192 illac,

187 4234 269 4296 quas
297 4212 529 4278 conscribendo
556 4214 646 4295 operi
678 4235 793 4278 ansam
826 4213 952 4279 dedisse
980 4222 1067 4279 recte
1095 4214 1188 4293 dicit,
1218 4215 1360 4279 maxime
1384 4215 1515 4280 ineunte
1543 4235 1627 4279 anno
1653 4217 1732 4277 1535
1760 4216 1795 4278 15
1818 4215 1928 4279 Gallia
1949 4223 2080 4282 exortae
2102 4220 2179 4287 sint

188 4323 364 4389 Caeterum
395 4324 453 4388 1111
485 4331 534 4388 551
560 4324 645 4405 quod
673 4323 863 4407 diligentem
891 4325 1045 4391 lectorem
1070 4347 1274 4405 moneamus,
1303 4326 1468 4391 cardinem
1495 4327 1674 4391 sententiae
1702 4325 1788 4408 apud
1806 4327 1937 4391 ‘Bezam
1962 4329 1997 4390 in
2025 4350 2063 4394 eo
2083 4336 2180 4413 verti,

188 4436 274 4519 quod
303 4434 474 4513 Calvinus,
508 4435 657 4500 omnibus
684 4436 789 4501 modis
815 4435 917 4501 latere
939 4437 1072 4518 cupiens
1095 4444 1128 4501 et
1154 4459 1266 4502 securo
1288 4439 1353 4501 frui
1374 4439 1452 4516 otio,
1485 4438 1551 4501 iam
1572 4445 1610 4501 ut
1636 4438 1706 4502 orbi
1735 4438 1951 4503 innotesceret
1971 4446 2005 4503 et
2025 4419 2181 4510 ecclesiae

188 4546 244 4610 illo
266 4569 362 4629 opere
384 4546 470 4611 edito
491 4546 664 4628 prodesset,
689 4548 880 4612 necessitate
903 4547 1043 4631 quadam
1064 4547 1155 4613 velut
1177 4548 1332 4615 divinitus
1353 4549 1499 4614 immissa
1520 4547 1654 4613 adactus
1675 4549 1779 4612 fuerit

342 4660 404 4724 Est
424 4664 535 4722 autem
557 4657 646 4722 aliud
667 4666 978 4752 argumentumque
1000 4660 1092 4742 quasi
1120 4660 1294 4726 fortissimo
1314 4661 1414 4726 ariete
1435 4681 1505 4724 rem
1527 4660 1588 4725 sibi
1609 4660 1784 4724 5551551555
1804 4659 1971 4740 1111551111,
1994 4667 2095 4750 ipsius
2117 4670 2181 4735 sci·

188 4767 265 4832 licet
292 4768 422 4834 Caluini
449 4770 685 4849 testimonium,
718 4770 859 4852 primam
885 4771 1102 4838 Institutionis
1131 4773 1305 4838 editionem
1332 4762 1483 4851 ἀνώνυμον
1509 4773 1607 4836 fuisse
1635 4771 1836 4836 affirmantis.
1880 4771 1934 4836 Ita
1965 4772 2053 4836 enim
2079 4772 2183 4837 verba

189 4879 258 4943 eius
280 4880 545 4962 interpretantur.
590 4880 662 4945 Iam
687 4903 788 4963 quum
809 4883 844 4945 in
871 4883 976 4947 fronte
999 4885 1068 4949 eius
1088 4872 1171 4963 libri,
1194 4906 1292 4967 quem
1311 4904 1400 4948 nunc
1429 4882 1690 4965 antiquissimum
1715 4881 1886 4961 habemus,
1915 4904 2035 4947 nomen
2057 4883 2182 4949 autoris

190 4988 339 5056 1115115515
366 4992 508 5075 legatur,
539 4993 721 5058 necessario
751 4993 841 5075 sequi
863 4993 989 5074 dicunt,
1015 4995 1116 5060 alium
1137 4997 1235 5061 1111555
1257 4995 1430 5078 quemdam
1453 4994 1680 5076 antiquiorem,
1704 4993 1796 5058 nobis
1819 4993 1914 5058 hodie
1935 4995 2099 5078 ignotum,
2122 4995 2182 5060 sed

189 5102 322 5165 minime
344 5103 560 5184 ignorandum
587 5127 692 5187 neque
714 5104 908 5188 negandum.
954 5104 1042 5171 Sane
1064 5109 1092 5172 si
1114 5107 1194 5173 haec
1215 5109 1261 5172 ita
1282 5129 1317 5172 se
1339 5107 1510 5185 haberent,
1540 5126 1603 5186 qua
1625 5103 1743 5169 fiducia
1765 5105 1863 5168 etiam
1884 5106 2047 5170 contraria
2069 5105 2182 5174 defen·

190 5210 287 5276 datur
307 5216 468 5278 sententia
489 5216 560 5280 iure
581 5217 717 5280 mireris.
763 5214 831 5281 Sed
851 5217 960 5299 ipsum
980 5220 1087 5301 potius
1110 5219 1284 5284 Calvinum
1304 5192 1481 5283 audiamus.
