4770 6030
199 314 261 376 aar
774 258 1040 371 msuriumc
1060 305 1166 373 1616.
1189 303 1370 377 enarer.
1396 308 1625 371 uae-ran.
2140 309 2201 370 316

1884 406 2202 495 [1361116616.

105 524 106 528 ’
198 503 234 565 16
259 501 329 566 vita
354 499 500 563 humana
519 497 834 578 praestantissimae,
865 497 1006 579 cognitio
1028 516 1087 577 per
1109 496 1174 576 661·
1199 501 1201 505 ’
1228 496 1352 573 dinem,
1379 495 1449 559 sine
1472 517 1536 576 qua
1558 496 1699 561 hominis
1720 497 1888 580 ingenium
1910 497 2070 560 immensa
2091 496 2202 560 66616-

79 592 83 605 “
198 588 300 652 111616
323 586 388 650 Dei
420 582 652 648 communicari
678 581 772 645 nobis
799 580 934 647 dicatur.
984 581 1098 663 Neque
1126 589 1176 646 est
1226 582 1316 647 sione
1338 579 1456 662 repleri
1477 601 1610 646 necesse
1631 589 1693 661 est,
1721 603 1762 645 ne
1784 581 1961 646 olfecerunt
1983 581 2115 664 quidem
2141 605 2201 646 un·

199 695 259 738 cur
279 677 372 754 roget
397 669 573 751 quispiam,
602 665 759 749 quidnam
780 688 855 731 oum
877 668 993 750 spiritu
1015 688 1174 732 commer-
1226 689 1332 750 quam.
1378 665 1433 730 Ad
1460 666 1545 731 hanc
1573 688 1650 750 ergo
1672 669 1844 733 veritatem
1872 689 1932 731 nec
1955 669 2200 750 appropinquat,

199 759 240 824 cii
266 757 389 838 impiis,
425 756 479 837 qui
507 759 585 818 sunt
612 775 632 817 a
659 753 732 816 Deo
758 774 890 835 prorsus
918 752 1037 817 alieni?
1087 753 1174 816 Nam
1226 775 1286 818 666
1308 751 1489 830 contendit,
1517 773 1578 817 nec
1599 753 1742 818 collimat
1764 754 1908 817 humana
1930 755 2027 831 ratio,
2049 763 2087 816 ut
2107 754 2203 818 intel-

198 842 283 926 quod
305 841 424 906 dicitur
445 841 578 923 spiritus
597 839 662 902 Dei
689 839 724 902 in
746 839 822 904 solis
843 838 993 904 fidelibus
1015 839 1172 916 habitare,
1226 838 1308 923 ligat
1335 840 1406 920 quis
1434 839 1477 902 sit
1500 833 1597 903 veru's
1624 840 1731 917 Deus,
1766 840 1912 921 qualisve
1941 861 2020 922 erga
2047 862 2106 904 nos
2131 861 2202 905 esse

198 928 231 992 id
253 925 501 1011 intelligendum
519 925 559 989 de
577 925 694 1008 spiritu
710 926 983 1002 sanctificationis,
1001 946 1061 1006 per
1077 945 1174 1006 quem
1228 925 1316 990 velit.

197 1015 270 1079 Deo
302 1014 365 1095 ipsi
402 1014 436 1075 in
469 1011 591 1093 templa
625 1032 860 1076 consecramur.
916 1011 1030 1093 Neque
1063 1017 1175 1074 tamen
1315 1014 1363 1074 38.
1394 1007 1462 1075 Sed
1479 1011 1556 1092 quia
1573 1010 1656 1074 falsa
1672 1011 1889 1093 perspicaciae
1907 1010 2037 1075 nostrae
2055 1013 2204 1094 opinione

197 1099 270 1165 ideo
297 1101 407 1164 minus
433 1099 553 1180 replet,
580 1105 704 1174 movet,
734 1104 865 1181 vegetat
893 1098 1002 1160 omnia
1029 1095 1174 1160 eiusdem
1227 1096 1309 1161 ebrii
1337 1097 1515 1179 aegerrime
1543 1097 1635 1161 nobis
1661 1096 1850 1178 persuaderi
1873 1098 2025 1175 sinimus,
2056 1098 2146 1162 illam
2167 1099 2203 1161 in

198 1187 333 1268 spiritus
360 1185 496 1262 virtute,
523 1184 620 1266 idque
642 1182 822 1248 secuudum
844 1184 1096 1264 uniuscuiusque
1119 1203 1175 1265 ge·
1227 1182 1325 1247 rebus
1347 1181 1466 1246 divinis
1488 1203 1617 1247 caecam
1639 1203 1773 1264 prorsus
1793 1203 1863 1247 esse
1885 1192 1918 1247 et
1944 1184 2122 1266 stupidam
2152 1206 2204 1249 sa-

198 1273 287 1337 66116
307 1271 547 1353 proprietatem,
570 1290 669 1351 quam
690 1271 721 1333 ei
738 1270 910 1335 creationis
926 1267 999 1353 lege
1017 1269 1173 1333 attribuit.
1228 1268 1302 1348 tius,
1321 1269 1445 1350 661661,
1467 1268 1567 1332 166111
1583 1269 1763 1351 6611616166
1781 1270 1972 1333 testimoniis
1990 1291 2089 1352 quam
2105 1272 2203 1334 ratio·

199 1356 296 1439 Quod
316 1358 343 1421 si
360 1376 420 1420 nos
437 1356 609 1432 Dominus,
627 1356 802 1438 impiorum
819 1375 918 1438 opera
935 1362 969 1418 et
984 1355 1173 1432 ministerio,
1227 1354 1324 1418 nibus
1345 1352 1379 1417 id
1400 1354 1618 1435 comprobare.
1658 1354 1736 1420 Hoc
1757 1354 1976 1436 pulcherrime
1997 1356 2090 1421 docet
2107 1355 2202 1420 Ioan-

198 1445 234 1508 16
261 1442 419 1527 physicis,
449 1441 641 1519 dialecticis,
670 1441 910 1506 mathematicis
933 1448 966 1504 et
986 1440 1120 1522 reliquis
1141 1440 1176 1503 id
1228 1460 1297 1518 666,
1319 1460 1421 1521 quum
1442 1440 1555 1504 scribit
1577 1438 1653 1521 (Eu.
1676 1445 1701 1517 l,
1722 1438 1757 1523 4)
1779 1440 1814 1504 in
1834 1441 1907 1505 Deo
1929 1442 1969 1506 ab
1992 1443 2084 1505 initio
2104 1442 2204 1507 161666

199 1551 318 1612 genus,
347 1527 451 1592 voluit
478 1527 620 1606 adiutos,
649 1549 688 1592 ca
707 1535 853 1605 utamur;
882 1549 923 1591 66
953 1528 982 1591 61
1003 1527 1068 1591 1)61
1090 1525 1177 1589 dona
1228 1527 1347 1602 vitam,
1375 1531 1408 1589 et
1429 1545 1503 1589 eam
1524 1525 1626 1588 vitam
1648 1546 1731 1607 quae
1759 1533 1846 1591 esset
1865 1526 1923 1589 lux
1945 1527 2131 1608 hominum;
2154 1529 2205 1597 lu·

199 1614 285 1679 ultro
307 1614 442 1695 1616616
464 1613 573 1678 oblata
590 1612 805 1696 negligamus,
829 1611 1063 1678 (161666166166
1082 1614 1176 1696 igna-
1229 1632 1299 1675 cem
1322 1610 1408 1674 hanc
1430 1611 1466 1673 in
1488 1611 1631 1675 tenebris
1653 1611 1762 1676 lucere
1780 1617 1814 1676 et
1835 1612 2014 1678 atenebris
2032 1635 2100 1678 non
2117 1635 2205 1679 com-
2323 1642 2334 1668 ο

199 1701 272 1765 1166
306 1707 437 1763 6661166
471 1720 599 1781 poenas.
650 1699 697 1762 At
724 1720 801 1763 vero
833 1720 875 1762 ne
904 1699 976 1780 quis
1010 1698 1177 1762 hominem
1228 1695 1396 1778 prehendi.
1441 1695 1571 1761 Iudicat
1596 1696 1727 1777 quidem
1748 1697 1889 1762 hominis
1912 1701 2056 1763 animam
2077 1700 2203 1784 fulgore

198 1785 295 1851 valde
327 1786 460 1849 beatum
490 1792 595 1866 putet,
633 1805 733 1865 quum
772 1785 831 1850 sub
871 1784 1040 1849 elementis
1079 1784 1177 1847 huius
1230 1782 1360 1847 divinae
1392 1782 1474 1846 lucis
1504 1781 1670 1860 irradiari,
1704 1790 1743 1846 ut
1767 1805 1935 1865 nunquam
1968 1785 2065 1867 plane
2097 1787 2205 1868 aliqua

199 1870 315 1935 muudi
337 1879 430 1934 tanta
451 1871 598 1935 veritatis
626 1869 948 1953 comprehendendae
976 1871 1108 1953 energia
1130 1869 1178 1932 illi
1230 1868 1299 1932 eius
1320 1866 1374 1931 vel
1394 1869 1536 1944 flamma,
1549 1867 1574 1951 ¹)
1602 1868 1655 1932 vel
1684 1869 1800 1934 saltem
1826 1870 1967 1936 scintilla
1994 1871 2203 1950 destituatm3

202 1956 404 2034 conceditur;
427 1956 524 2020 simul
547 1955 732 2020 addendum
755 1966 813 2034 661,
835 1964 938 2020 161616
955 1957 1052 2021 161661
1072 1964 1106 2020 61
1126 1957 1177 2018 in·
1230 1952 1287 2018 sed
1309 1975 1348 2017 ca
1375 1958 1486 2017 tamen
1513 1952 1749 2024 illuminatione
1769 1955 1880 2020 Deum
1905 1978 1972 2021 nou
1993 1958 2205 2039 comprehcn-

183 2040 372 2125 'telligendi
400 2042 467 2106 vim
495 2050 528 2106 et
555 2042 820 2125 intelligentiam,
850 2063 933 2124 quae
960 2041 1037 2106 inde
1065 2063 1176 2106 consc—
1230 2038 1314 2103 dere.
1355 2037 1424 2103 Our
1445 2038 1500 2102 id?
1535 2037 1622 2119 Quia
1641 2041 1710 2104 eius
1732 2062 1879 2120 acumen,
1901 2051 2060 2125 quantum
2081 2043 2124 2109 ad
2141 2045 2206 2108 Dei

202 2129 328 2210 quitur,
361 2148 431 2191 rem
459 2148 529 2192 esse
560 2129 686 2191 fluxam
713 2134 745 2191 ct
771 2127 945 2192 evanidam
972 2149 1082 2192 coram
1108 2128 1177 2192 Do·
1229 2126 1387 2202 notitiam,
1410 2145 1502 2188 mera
1522 2134 1573 2190 est
1594 2126 1706 2208 caligo.
1752 2124 1864 2206 Quum
1886 2130 1974 2192 enim
1996 2130 2129 2211 spiritus
2147 2130 2206 2194 ho-

202 2214 305 2290 mino,
335 2213 390 2277 ubi
417 2234 483 2276 non
511 2213 621 2277 subest
648 2212 787 2278 solidum
808 2215 955 2278 veritatis
982 2212 1178 2277 fundamen·
1229 2211 1334 2275 mines
1357 2210 1500 2293 appellat
1520 2211 1680 2289 tenebras,
1704 2232 1758 2277 eos
1781 2213 1882 2277 semel
1900 2214 2018 2296 spoliat
2035 2217 2123 2280 omni
2141 2217 2205 2298 661-

202 2308 283 2362 tum.
328 2299 507 2363 Verissime
537 2299 625 2362 enim
651 2299 871 2382 Augustinus,
901 2302 953 2364 cui
974 2300 1177 2364 subscribere
1230 2296 1356 2360 ritualis
1385 2296 1621 2390 intelligentiae
1647 2298 1809 2363 facultate.
1861 2297 1972 2379 Quare
1994 2301 2121 2380 fideles,
2150 2303 2205 2385 qui

202 2393 332 2450 coactus
363 2392 413 2447 661
444 2384 603 2467 Magister
640 2386 890 2449 sententiarum:
910 2387 935 2469 ¹)
965 2392 1004 2449 ut
1035 2386 1178 2467 gratuita
1230 2380 1401 2445 Ohristum
1423 2383 1675 2464 amplectrmtur,
1704 2405 1771 2447 non
1791 2406 1832 2448 ex
1852 2387 2079 2468 sanginnibus,
2101 2408 2205 2470 neque

203 2470 328 2534 homini
348 2469 433 2533 dona
452 2477 525 2551 post
545 2470 673 2552 lapsum
697 2469 842 2535 detracta
865 2493 951 2549 esse,
975 2473 1021 2534 ita
1042 2469 1177 2534 661166-
1230 2489 1272 2531 61
1294 2466 1461 2532 voluntate
1483 2469 1591 2533 carnis
1614 2478 1671 2533 aut
1691 2471 1770 2548 viri,
1798 2470 1856 2534 sed
1879 2493 1921 2535 ex
1942 2473 2014 2537 Deo
2037 2480 2130 2538 natos
2153 2496 2204 2538 as·

200 2555 247 2619 lia
268 2556 358 2633 haec,
381 2576 463 2637 quae
485 2557 668 2634 restabant,
690 2567 842 2638 corrupta
863 2558 962 2621 161666
984 2556 1090 2632 doeet;
1112 2579 1178 2620 non
1230 2554 1310 2618 serit
1331 2552 1421 2637 (ibid.
1445 2554 1506 2637 13).
1553 2552 1656 2634 Quasi
1677 2555 1811 2621 diceret:
1835 2554 1993 2623 non'esse
2015 2567 2083 2623 tam
2106 2560 2204 2624 subli-

202 2639 288 2724 quod
309 2662 368 2723 661
389 2662 424 2705 66
445 2642 609 2723 inquinari
631 2643 764 2723 possint,
787 2650 947 2724 quatenus
970 2663 989 2706 a
1009 2642 1081 2707 Deo
1104 2663 1178 2724 pro·
1230 2640 1293 2703 mis
1316 2640 1493 2720 sapientiae
1516 2661 1667 2721 capacem
1689 2662 1836 2720 carnem,
1859 2651 1897 2706 ut
1917 2644 2042 2721 Deum,
2066 2650 2099 2709 et
2119 2644 2204 2727 quod

73 2798 75 2802 ,
201 2728 404 2804 ficiscuntur,
434 2726 491 2791 scd
519 2729 595 2809 quia
621 2727 744 2810 pollute
770 2727 894 2791 homini
921 2749 1004 2810 pura
1030 2750 1099 2792 6666
1122 2727 1178 2791 de·
1230 2725 1294 2789 Dei
1308 2731 1366 2802 est,
1388 2726 1550 2806 suscipiat,
1569 2727 1632 2790 6161
1642 2726 1707 2790 1)61
1721 2728 1837 2809 spiritu
1848 2728 2057 2794 illuminetur.
2082 2729 2226 2811 Quem

202 2814 335 2891 aierunt,
356 2834 398 2877 66
420 2834 518 2894 quam
538 2813 614 2876 inde
637 2813 766 2877 laudem
787 2821 1010 2897 consequatur.
1231 2809 1406 2875 admodum
1427 2811 1608 2875 testabatin·
1629 2811 1782 2878 Christus
1805 2814 1939 2898 (Matth.
1963 2820 2010 2895 16,
2032 2816 2096 2901 17),
2120 2817 2204 2882 1666

289 2903 338 2962 37.
383 2898 480 2962 Ν666
504 2899 732 2980 exponendum
755 2898 902 2981 estquid
926 2899 1178 2965 6616611666-
1231 2897 1404 2979 specialem
1433 2917 1503 2961 6666
1535 2897 1638 2978 661116
1670 2900 1904 2965 revelationem
1935 2901 2021 2983 quod
2054 2924 2074 2967 a
2106 2903 2204 2967 Petro

202 2987 358 3062 naratio,
382 2984 438 3048 ubi
460 2983 502 3047 ad
519 3006 657 3066 regnum
679 2985 743 3049 Dei
764 2993 901 3050 ventum
923 2987 1034 3063 fuerit,
1058 2992 1092 3050 et
1111 2987 1177 3068 spi·
1231 2989 1468 3065 agnosceretur.
1792 3007 1796 3015 ·

85 3100 89 3112 ·
203 3071 355 3134 ritualem
381 3069 473 3132 illam
499 3070 776 3152 perspicientiam,
810 3093 892 3153 quae
918 3072 1023 3136 tribus
1049 3072 1177 3154 potissi·
1318 3072 1367 3131 39.
1412 3066 1451 3133 si
1472 3090 1664 3151 persuasum
1685 3070 1778 3135 nobis
1795 3070 1879 3135 foret
1896 3071 1998 3157 (quod
2018 3082 2113 3139 extra
2129 3095 2204 3138 con-

109 3204 122 3227 ,
202 3167 294 3219 mum
315 3151 410 3220 rebus
431 3163 565 3232 constat,
588 3157 697 3220 Deum
719 3178 823 3235 nosse,
847 3159 916 3222 eius
938 3179 1017 3241 erga
1038 3179 1098 3222 nos
1120 3179 1177 3221 vo-
1230 3153 1800 3239 116161616166666116161)6616166
1824 3165 1955 3222 nestrae
1978 3158 2091 3226 deesse
2112 3159 2204 3243 quid·

202 3241 372 3319 luntatem,
395 3248 429 3304 et
450 3240 639 3305 formandae
660 3242 839 3307 seeundum
860 3243 952 3308 illam
969 3245 1056 3309 vitae
1079 3244 1177 3308 ratio·
1230 3239 1308 3322 quid
1328 3240 1491 3305 Dominus
1513 3240 1623 3306 6166116
1646 3242 1713 3306 6616
1734 3263 1794 3324 661
1815 3243 1966 3325 6611111161
1987 3248 2206 3330 regeneratio-

202 3348 286 3392 nem.
332 3325 418 3391 Cum
440 3328 474 3390 in
496 3328 611 3409 primis
632 3326 765 3407 duobus,
788 3337 858 3393 tum
879 3330 1014 3396 veroin
1037 3329 1178 3394 secundo
1230 3327 1281 3390 nis
1303 3326 1437 3404 confert,
1461 3326 1514 3392 116
1536 3326 1628 3391 nulla
1649 3333 1736 3392 66661
1757 3327 1941 3393 haesitandi
1962 3334 2109 3397 materia.
2149 3330 2204 3397 Sic

201 3414 346 3496 proprie,
380 3415 435 3495 qui
468 3421 545 3477 sunt
577 3414 748 3478 homiuum
778 3415 1045 3498 ingeniosissimi,
1079 3416 1177 3497 talpis
1230 3412 1318 3475 enim
1339 3412 1482 3494 loquitur
1503 3413 1641 3494 populus
1661 3412 1767 3478 fidelis
1784 3414 1871 3496 apud
1888 3417 2082 3498 prophetam
2103 3417 2204 3501 (Psal.

201 3506 279 3564 sunt
301 3500 470 3565 666616166.
503 3499 666 3581 Equidem
687 3522 753 3564 non
770 3502 904 3579 inficior,
927 3502 1065 3583 sparsim
1077 3523 1177 3583 quae·
1230 3496 1372 3582 36‚10):
1402 3498 1557 3579 quoniam
1583 3500 1669 3580 apud
1696 3509 1729 3563 16
1756 3506 1806 3564 661
1832 3500 1904 3566 1666
1932 3503 2020 3568 vitae
2042 3511 2075 3568 et
2099 3504 2205 3568 1616-

202 3585 278 3650 dam
306 3586 393 3668 apud
417 3585 626 3668 philosophos
654 3585 694 3650 de
715 3587 787 3652 Deo
815 3587 929 3652 haberi
957 3588 1036 3652 scite
1058 3595 1091 3651 61
1119 3609 1177 3670 ap·
1228 3584 1317 3649 mine
1344 3592 1399 3647 tuo
1421 3582 1604 3649 videbimus
1630 3585 1751 3650 lumen.
1796 3586 1890 3651 Idem
1918 3594 2057 3654 testatur
2078 3598 2204 3671 aposto·

201 3671 304 3752 posite
332 3672 431 3750 dieta,
462 3670 519 3736 sed
549 3693 631 3753 quae
653 3673 888 3757 vertiginosam
909 3672 1074 3755 quandam
1093 3675 1176 3738 ima
1201 3656 1204 3695 ¹
1228 3668 1281 3734 lus
1303 3691 1403 3751 quum
1431 3671 1478 3733 ait
1505 3668 1537 3754 (l
1561 3669 1635 3734 Cor.
1659 3675 1705 3751 12,
1727 3671 1761 3756 3)
1790 3673 1955 3738 neminem
1980 3695 2075 3756 posse
2097 3674 2203 3739 dicere

201 3756 400 3839 ginationem
422 3778 550 3839 semper
572 3759 736 3841 resipiant.
780 3759 938 3824 Praebuit
959 3758 1090 3841 quidem
1111 3760 1176 3825 11116
1228 3756 1409 3819 Dominum
1430 3756 1550 3835 Iesum,
1573 3757 1637 3822 nisi
1659 3757 1695 3820 in
1712 3758 1829 3840 spiritu
1847 3766 1966 3824 sancto.
2001 3761 2047 3824 Et
2063 3760 2203 3825 Ioannes

200 3841 379 3920 Dominus,
403 3851 559 3925 utsupra
579 3843 787 3923 dictumest,
816 3847 973 3930 exiguum
995 3844 1176 3911 divinitatis
1229 3841 1384 3923 baptista,
1420 3847 1586 3923 stuporem
1619 3841 1851 3926 discipulomm
1879 3843 2008 3925 videns,
2042 3847 2205 3912 exclamat

202 3946 280 3990 suae
302 3934 443 4009 gustum,
466 3950 508 3992 ne
529 3930 749 4012 ignorantiam
770 3932 930 4013 impietati
952 3931 1175 4010 obtenderent,
1229 3926 1333 4009 (Ioan.
1354 3931 1382 4006 3,
1403 3925 1647 4077 2266616661
1663 3950 1757 4010 posse
1775 3930 1919 4012 accipere
1936 3932 2122 4014 quidquam,
2141 3934 2205 3999 uisi

202 4018 235 4077 61
255 4032 310 4076 eos
332 4012 497 4077 interdum
518 4015 561 4078 ad
582 4015 719 4081 dicenda
745 4017 903 4081 nonnulla
923 4017 1067 4099 impulit,
1097 4039 1175 4099 quo-
1229 4010 1342 4076 datum
1364 4013 1411 4076 illi
1469 4013 1531 4078 erit
1552 4012 1699 4096 desuper.
1743 4016 1878 4080 Donum
1901 4023 2010 4081 aulem
2033 4020 2073 4084 ab
2096 4040 2134 4084 60
2153 4020 2203 4083 in·

202 4119 276 4162 rum
297 4097 496 4163 confessione
517 4100 579 4181 ipsi
601 4103 850 4181 convincentem
878 4101 935 4167 sed
956 4104 1003 4167 ita
1023 4102 1177 4168 1111611161
1228 4097 1332 4181 telligi
1354 4097 1394 4164 de
1416 4099 1548 4181 speciali
1569 4099 1815 4180 illuminatione,
1837 4123 1904 4166 nou
1925 4107 2089 4169 communi
2107 4112 2203 4169 natu-
2283 4140 2286 4147 Α

222 4204 285 4249 uae
307 4181 476 4262 videbant,
504 4193 542 4248 ut
562 4187 620 4251 tali
641 4188 762 4252 intuitu
783 4189 918 4252 minime
940 4187 982 4252 ad
1004 4189 1176 4253 veritatem
1228 4205 1284 4247 rae
1307 4183 1389 4263 dote,
1410 4184 1487 4249 inde
1505 4191 1639 4263 constat,
1663 4186 1748 4269 quod
1766 4195 1814 4252 tet
1830 4188 1948 4267 verbis,
1971 4191 2088 4272 quibus
2106 4189 2203 4256 Chri·

226 4271 233 4284 ‘
256 4269 429 4353 gerentur,
453 4271 573 4335 nedum
595 4273 827 4356 pertingerent.
856 4272 1007 4354 Qualiter
1023 4275 1175 4339 nocturni
1227 4277 1314 4334 61616
1333 4269 1577 4335 commendarat
1594 4271 1760 4356 discipulis
1777 4275 1854 4352 suis,
1877 4274 1960 4338 nihil
1978 4297 2014 4341 sc
2030 4276 2203 4358 profecisse

202 4355 333 4440 fulgetri
367 4357 637 4436 coruscationem,
671 4361 727 4440 qui
758 4359 794 4422 16
820 4359 927 4424 medio
960 4381 1039 4442 agro
1072 4366 1130 4438 est,
1145 4358 1174 4441 2)
1227 4357 1443 4437 conqueritur.
1499 4355 1618 4436 Video,
1652 4359 1773 4441 inquit,
1807 4359 1908 4424 verba
1940 4361 2024 4425 nihil
2058 4383 2128 4428 esso
2161 4362 2202 4428 ad

196 4441 294 4526 longe
323 4441 451 4524 lateque
478 4442 520 4506 ad
547 4451 750 4507 momentum
776 4444 879 4523 videt,
909 4444 966 4509 sed
995 4443 1075 4508 adeo
1098 4466 1174 4509 eva-
1226 4449 1353 4507 mentes
1379 4442 1550 4507 hominum
1575 4442 1615 4508 de
1641 4445 1738 4510 rebus
1760 4444 1881 4510 divinis
1906 4447 2112 4529 imbuendas,
2139 4450 2203 4514 nisi

197 4526 273 4591 nido
301 4537 449 4610 aspectu,
483 4535 533 4592 61Δ
550 4536 626 4592 6616
653 4530 756 4594 noctis
784 4530 923 4613 caligine
956 4530 1172 4609 resorbeatur,
1224 4527 1388 4593 Dominus
1416 4549 1475 4610 661
1501 4529 1652 4610 6611111161
1678 4551 1775 4595 66661
1795 4529 2046 4614 intelligentiam
2068 4533 2199 4599 dederit

197 4632 294 4694 quam
312 4613 428 4694 pedem
444 4635 576 4679 movere
593 4621 704 4696 queat;
722 4622 851 4679 tantum
869 4616 960 4681 abest
976 4625 1015 4680 ut
1031 4616 1066 4678 in
1086 4616 1173 4680 viam
1227 4610 1382 4692 Quinimo
1404 4615 1528 4691 Moses,
1557 4614 1637 4679 dum
1662 4616 1780 4697 populo
1808 4618 1985 4698 exprobrat
2006 4641 2100 4684 suam
2121 4619 2201 4684 obli·

197 4697 255 4761 tali
288 4699 430 4764 subsidio
467 4699 655 4766 deducatur.
707 4701 885 4766 Praeterea
917 4701 993 4766 illae
1025 4702 1172 4767 veritatis
1225 4700 1369 4779 1166616,
1393 4701 1490 4765 simul
1512 4707 1625 4765 tamen
1645 4708 1752 4779 66161,
1774 4725 1840 4766 666
1863 4701 1958 4767 aliter
1978 4705 2088 4787 ipsum
2108 4726 2201 4788 posse

197 4784 358 4866 guttulae,
387 4787 503 4869 quibus
530 4785 630 4851 libros
652 4795 808 4870 tanquam
829 4787 961 4851 fortuito
984 4796 1170 4872 aspergunt,
1224 4784 1259 4847 in
1287 4787 1453 4869 mysteriis
1481 4787 1545 4851 Dei
1567 4806 1696 4868 sapere,
1724 4788 1788 4852 nisi
1810 4789 1911 4870 ipsius
1930 4789 2096 4857 beneficio.
2140 4791 2201 4854 Vi-

196 4876 274 4951 quot
294 4879 327 4934 61
343 4892 441 4952 quam
458 4872 653 4954 portentosis
670 4872 847 4938 mendaciis
865 4883 942 4938 sunt
958 4874 1170 4956 inquinatae?
1225 4868 1352 4949 (161661,
1374 4873 1481 4954 inquit
1502 4872 1614 4956 (Deut
1635 4874 1685 4951 29,
1705 4871 1741 4957 2)
1761 4873 1846 4939 66611
1868 4875 1917 4937 tui
1939 4876 2035 4959 signa
2053 4877 2111 4942 illa
2126 4898 2201 4960 661-

197 4954 346 5037 Denique
374 4956 464 5021 illam
493 4958 623 5024 divinae
650 4980 729 5044 erga
756 4980 816 5023 nos
838 4959 1015 5024 voluntatis
1038 4962 1170 5026 certitu·
1196 4990 1198 5043 i
1224 4962 1376 5040 tentaque
1403 4958 1565 5049 ingentia,
1599 4963 1633 5021 et
1660 4977 1728 5023 non
1755 4958 1845 5024 dedit
1873 4959 1932 5023 tibi
1954 4961 2119 5040 Dominus
2146 4984 2202 5029 cor
2283 4987 2287 4993 ·

264 5225 293 5295 1)
311 5229 370 5281 Lib,
389 5228 413 5282 2,
433 5230 495 5283 disq
514 5230 556 5284 pf,¹
626 5232 658 5302 2)
675 5232 739 5287 aad·
757 5234 847 5287 vim„
863 5229 933 5285 1550
951 5239 977 5288 a
994 5248 1063 5311 seqq,
1292 5227 1320 5297 1)
1338 5230 1478 5298 planesel
1496 5230 1595 5299 exigua
1611 5232 1708 5285 6611661
1727 5233 1784 5286 eiua
1801 5232 1909 5285 flamma
1927 5231 1995 5288 1550
2011 5241 2037 5288 et
2053 5248 2124 5306 seqq.
