4770 6030
201 359 277 447 ,sir
785 345 1052 415 msaIaUalo
1075 348 1179 414 aaa.
1202 345 1384 414 cflmsa.
1410 351 1643 413 1539-1554.
2154 351 2216 412 eis

1981 462 2095 530 32223
2113 461 2217 517 cras.

214 544 388 626 scriptinae
415 539 637 623 interpretatio,
665 557 745 619 miae
770 535 891 600 concilii
912 538 1078 619 suffrapiis
1097 537 1193 618 fuerit
1243 557 1305 601 sua
1326 537 1465 617 quadam
1485 535 1648 618 spirituali
1670 536 1787 617 politia
1808 537 1940 619 indiqu,
1966 448 2045 616 buce
2070 541 2174 601 nmen
2197 559 2218 600 a

213 635 342 711 recepto.
1244 623 1329 686 ciuili
1351 641 1488 704 prnsus
1507 622 1655 686 distinata
1676 627 1735 700 est,
1763 642 1891 704 maique
1917 623 1991 686 adeo
2019 621 2101 685 nibil
2121 623 2217 705 impe-

301 717 370 778 168.
413 710 529 777 Verum
548 710 611 775 alio
632 712 767 792 spectant
785 706 1001 786 Romarmnses,
1023 728 1120 790 quum
1134 728 1192 790 po-
1242 708 1290 772 dit
1316 713 1371 772 aut
1398 707 1567 787 imminuit,
1588 713 1624 772 ut
1644 709 1753 789 potius
1773 708 1905 772 multum
1931 709 2014 772 iuvet
2034 727 2071 772 ac
2092 728 2217 789 prorm

213 803 349 864 manu
375 797 601 879 interpretandi
629 796 820 877 scripturam
847 814 942 874 penes
969 794 1099 858 concilia
1127 813 1192 859 esse
1242 799 1317 858 ucat.
1362 792 1433 858 Ista
1464 794 1563 876 iqitur
1593 794 1821 858 imisdictionis
1850 798 1987 876 potestas
2014 793 2095 857 nibil
2126 794 2217 858 atiud

213 885 356 963 tradunt,
384 888 412 948 et
436 904 506 947 eam
533 882 600 946 sine
616 881 837 962 pacatione.
882 877 950 943 Hoc
982 881 1065 943 enim
1095 879 1191 944 colore
1242 881 1302 944 crit
1322 880 1358 943 in
1378 899 1518 958 suumra,
1544 899 1639 960 quam
1660 880 1734 943 ardo
1755 885 1951 960 mmparatus
1972 881 2015 944 ad
2036 880 2217 961 emmaus

131 1003 137 1012 ·
213 968 390 1049 abutuntur,
412 974 449 1032 ut
468 969 643 1050 scripturae
668 966 946 1048 interpretationem
968 970 1078 1044 vocem,
1101 967 1190 1045 quid-
1237 965 1367 1046 politiae
1394 966 1657 1030 wnseroobonem.
1707 964 1750 1028 In
1788 965 1868 1028 bunc
1897 966 1992 1046 fnem
2022 966 2150 1046 fuerunt
2176 966 2216 1030 ab

212 1056 289 1138 quid
318 1056 353 1119 in
372 1055 525 1127 ,multia
557 1058 708 1117 statutum
739 1052 788 1115 sit.
844 1049 895 1114 De
920 1051 1119 1133 purpatorio,
1153 1051 1191 1115 de
1241 1051 1332 1114 initia
1354 1053 1517 1115 emstituta
1538 1052 1573 1114 in
1593 1051 1728 1115 ecdesiis
1749 1051 1878 1129 iudicia,
1900 1072 1980 1132 quae
1999 1071 2161 1115 oenarram
2177 1053 2216 1116 de

211 1146 390 1208 sanctorum
410 1141 639 1218 intercessione,
669 1139 707 1203 dc
732 1136 919 1218 confusione
940 1137 1132 1212 auriculari,
1163 1141 1191 1200 et
1241 1138 1380 1202 moribus
1401 1142 1531 1220 opereat,
1549 1137 1825 1201 animaduerterent
1845 1137 1880 1200 iu
1896 1137 1983 1214 adra,
2005 1141 2034 1201 et
2054 1138 2214 1202 manao

211 1227 385 1307 similibus,
414 1246 474 1290 non
500 1226 670 1306 reperietur
696 1244 762 1287 una
794 1221 916 1304 syllaba
947 1224 983 1286 in
1014 1223 1189 1304 scripturis.
1242 1222 1376 1286 dacium
1415 1223 1513 1304 officio
1545 1227 1732 1305 praeessent.
1781 1222 1875 1286 Hunc
1907 1223 2046 1288 ordinem
2074 1223 2216 1305 desipiat

220 1312 350 1391 Verum,
383 1312 460 1394 quia
492 1311 633 1376 eccleuae
665 1310 829 1373 autoritate
861 1309 982 1372 sancita
1012 1313 1086 1372 sunt
1116 1307 1190 1373 baec
1244 1307 1369 1373 Paulus
1386 1310 1435 1372 ¹in
1466 1308 1595 1390 epistola
1626 1309 1669 1373 ad
1703 1306 1877 1372 Oorintbios
1909 1309 1942 1393 (1
1970 1306 2045 1372 Oor.
2073 1311 2120 1385 12,
2147 1308 2213 1393 28),

213 1394 333 1476 amnia,
360 1398 415 1463 boc
436 1402 479 1462 est
506 1397 556 1472 (ut
576 1397 680 1461 oenias
703 1392 882 1476 loquamur)
910 1394 1052 1474 opinione
1078 1400 1106 1458 et
1126 1414 1189 1459 usu
1239 1414 1336 1475 quum
1354 1395 1588 1478 qubernationes
1608 1395 1761 1472 nmmnat;
1780 1395 1854 1458 item
1874 1394 1916 1458 ad
1929 1393 2096 1473 Romanos,
2118 1414 2215 1476 quum

211 1488 345 1566 recepta,
379 1505 439 1565 pra
471 1474 646 1565 scripturae
675 1480 924 1561 interpretatione
950 1481 1189 1561 unumquodque
1239 1480 1317 1544 dicit
1337 1479 1446 1562 (Rom.
1469 1483 1517 1559 12,
1536 1480 1589 1563 8),
1611 1481 1667 1561 qui
1683 1484 1821 1562 praeest,
1843 1480 2107 1551 insollioitndine
2121 1501 2215 1562 prae·

212 1568 384 1634 babendm
410 1570 477 1633 erit.
523 1569 630 1648 Neque
656 1568 692 1632 id
718 1567 823 1630 undo:
854 1565 909 1631 sed
934 1566 964 1629 si
989 1566 1066 1647 quid
1092 1566 1189 1631 recta
1238 1566 1289 1631 sit.
1335 1566 1407 1630 Non
1428 1566 1511 1630 enim
1532 1565 1702 1647 alloquitur
1721 1566 1941 1649 maqistratus,
1964 1567 2019 1646 qui
2040 1566 2122 1630 nulli
2142 1571 2215 1630 tunc

78 1671 82 1686 ¹
212 1660 315 1720 monte
353 1655 510 1735 scriptura
543 1654 687 1718 danem
717 1652 896 1730 acontium,
928 1652 1189 1732 interpretationis
1239 1657 1329 1716 eram
1354 1651 1537 1729 cbristiani;
1564 1652 1617 1717 sed
1646 1671 1697 1715 eos
1724 1653 1779 1732 qui
1808 1652 1851 1716 ad
1879 1652 2047 1733 spirituale
2073 1652 2215 1716 melenae

211 1738 330 1805 babebit
349 1760 465 1805 norun.
516 1738 605 1803 Iubet
628 1737 774 1803 Obristus
800 1757 904 1802 amus
923 1737 961 1800 de
981 1737 1077 1802 calice
1098 1758 1188 1818 quem
1237 1738 1375 1820 repimen
1405 1742 1494 1801 erant
1527 1738 1667 1802 adium
1692 1737 1883 1818 pastoribus.
1931 1735 1988 1801 Aa
2022 1737 2215 1802 Timotbeum

211 1824 248 1890 in
274 1846 365 1890 coena
387 1825 545 1908 porripitp
569 1824 682 1888 bibere:
708 1824 926 1888 constantiense
951 1823 1115 1888 cmrcdium
1132 1844 1188 1887 aa
1239 1842 1365 1904 quoque,
1386 1823 1527 1905 duplices
1540 1823 1619 1904 facit
1637 1823 1830 1905 presbyteros
1850 1821 1883 1906 (1
1898 1822 1981 1886 Tim.
1995 1828 2023 1901 5,
2039 1821 2110 1908 17).·
2133 1824 2215 1888 alios

211 1912 279 1990 tuit,
301 1932 340 1976 ne
356 1911 442 1993 plebi
463 1911 600 1988 dardur,
623 1910 678 1974 sed
698 1909 798 1974 solum
813 1908 998 1973 sacerdotem
1019 1909 1119 1974 bibere
1139 1931 1189 1974 aa·
1239 1910 1295 1989 qui
1326 1909 1465 1973 laborant
1495 1910 1531 1973 in
1558 1907 1659 1986 ambo,
1687 1908 1766 1972 alios
1791 1909 1848 1990 qui
1879 1908 1963 1972 nabi
1982 1909 2214 1990 praeduatione

213 1997 281 2063 tau.
334 1997 493 2077 Quod'sic
520 2017 558 2061 eu
582 1996 732 2060 diurnare
753 1998 875 2077 prrpnat
901 2013 971 2058 cum
998 1996 1189 2065 instintione
1238 2014 1300 2058 non
1316 1994 1499 2078 funpuntur,
1522 1999 1670 2058 ettamen
1687 1994 1758 2059 bene
1773 1998 1936 2075 praesunt.
1965 1993 2034 2058 Hoc
2044 1995 2215 2077 posteriore

214 2080 343 2159 Christi,
360 2102 422 2163 pra
439 2083 507 2145 eius
521 2081 772 2162 ‘interpretatione
788 2079 895 2144 baberi
914 2081 1026 2144 volunt
1062 2080 1188 2145 Paulus
1237 2101 1345 2162 ponere
1364 2100 1426 2144 uon
1447 2081 1577 2145 dubium
1598 2080 1675 2160 quin
1695 2099 1746 2144 eos
1765 2079 1932 2162 iutellipat,
1955 2081 2012 2161 qui
2033 2081 2077 2145 ad
2098 2081 2215 2162 impec-

212 2168 351 2250 couiuqii
374 2166 613 2249 prohibitionem
641 2171 726 2230 uocat
744 2164 929 2247 'bppacrisin
954 2167 1188 2231 daemoniorum
1238 2167 1349 2230 donem
1369 2186 1491 2230 morum
1511 2171 1540 2230 et
1559 2171 1654 2229 ntum
1675 2166 1811 2229 clavium
1832 2185 1927 2229 usum
1944 2166 2101 2230 mustituti
2119 2172 2213 2230 narrt

213 2252 245 2336 (1
267 2253 350 2317 Tim.
370 2257 399 2331 4,
420 2251 471 2335 3),·
491 2256 633 2316 sanetum
653 2272 723 2316 aero
744 2252 779 2314 in
800 2251 941 2316 anubis
962 2252 1187 2335 coniuqiumet
1241 2250 1328 2315 Nam
1348 2257 1486 2335 potestas
1511 2251 1598 2329 baec,
1621 2252 1659 2315 de
1688 2270 1751 2331 qua
1772 2251 1943 2331 loquimur,
1972 2255 2035 2315 tota
2056 2253 2172 2333 pendet
2192 2274 2214 2316 a
2277 2300 2278 2303 η

212 2337 388 2404 immobile
424 2338 556 2420 spiritus
587 2336 665 2402 alibi
696 2337 882 2418 pronuntiat
913 2337 1029 2424 (Hebr.
1060 2341 1114 2416 13,
1141 2336 1185 2422 4).
1237 2337 1384 2417 omnbus,
1406 2357 1487 2417 quas
1510 2335 1654 2402 Obnstus
1671 2336 1813 2402 ecelesiae
1834 2337 1969 2415 contulit,
1992 2336 2147 2402 Mattbaei
2163 2339 2213 2403 de-

215 2424 305 2506 Quod
323 2428 433 2506 postea
454 2422 662 2505 sacerdotibus
689 2423 916 2488 interdixerunt
935 2425 1128 2507 cantuplum,
1151 2424 1186 2488 id
1237 2421 1719 2507 mumadamoapitefv.18):
1746 2422 1800 2487 ubi
1819 2423 1914 2499 iubet,
1934 2423 2073 2505 praviter
2088 2424 2213 2506 publiea

210 2529 317 2575 aeram
343 2514 370 2573 et
395 2509 535 2573 nativam
573 2510 747 2589 scripturae
777 2509 1055 2591 interpretationem
1080 2509 1187 2573 baberi
1236 2510 1359 2574 nmnine
1390 2509 1550 2573 admoneri
1575 2529 1640 2587 eos,
1672 2509 1728 2589 qui
1753 2509 1901 2590 privatas
1933 2509 2113 2573 monitiones
2144 2528 2210 2573 oon·
2348 2543 2352 2555 ·

205 2595 375 2678 manunt,
396 2615 492 2675 quum
512 2593 595 2658 nibil
619 2595 724 2677 maqis
749 2594 888 2658 alienum
905 2595 984 2678 frnpi
1005 2599 1102 2676 queat.
1148 2594 1186 2659 Si
1235 2597 1427 2678 tempserunt,
1449 2595 1529 2676 quod
1550 2596 1580 2659 si
1601 2596 1636 2658 in
1656 2615 1717 2659 sua
1737 2595 1929 2658 mmnmacia
1950 2599 2098 2677 perpant,
2122 2617 2143 2659 a
2163 2614 2210 2658 so-

198 2681 283 2764 ‚quis
302 2679 418 2746 biscem
437 2686 543 2746 cantra
564 2680 658 2759 ausit,
679 2680 851 2744 baeretiars
868 2679 1065 2761 iudicabitur,
1087 2701 1185 2761 quan-
1236 2681 1341 2745 cietate
1365 2681 1507 2761 fidelium
1539 2681 1726 2745 abdicandos
1757 2680 1846 2745 daca.
1900 2678 2001 2743 Porro
2031 2681 2211 2744 monitiones

210 2765 343 2849 donne
365 2767 577 2848 pecuniane
601 2770 646 2830 est
672 2764 815 2830 secusne
839 2765 1064 2846 determinatio,
1092 2772 1121 2831 et
1147 2767 1186 2832 de
1235 2766 1314 2830 istae
1345 2771 1374 2830 et
1404 2767 1601 2831 correctiones
1633 2767 1700 2831 sine
1724 2786 1837 2830 causae
1869 2765 2036 2848 capnitione
2059 2766 2130 2847 feri
2161 2787 2211 2831 ne·

148 2854 156 2862 '
209 2850 279 2916 eius
299 2852 561 2934 interpretatione,
589 2852 761 2932 quinloera
781 2851 839 2929 sit,
862 2849 1000 2916 dubitari
1020 2852 1111 2934 nefas
1131 2857 1183 2917 est.
1236 2857 1364 2932 queunt:
1385 2853 1520 2933 proinde
1546 2871 1624 2934 opus
1645 2857 1690 2916 est
1714 2857 1743 2916 et
1761 2853 1892 2930 iudicio,
1921 2856 1949 2914 et
1969 2853 2077 2916 ordine
2097 2849 2209 2932 aliquo.

213 2937 347 3003 Tantam
380 2937 606 3019 impudentiam
636 2937 714 3017 quid
744 2936 896 3000 insecter?
945 2936 1185 3004 Dernonstrasse
1239 2937 1450 3019 ρηαηηὸνηη,
1473 2938 1538 3001 nisi
1558 2939 1690 3003 uelimus
1710 2939 1838 3002 irritam
1856 2937 1960 3019 faeere
1985 2937 2122 3001 amrium
2138 2958 2211 3020 pro

208 3023 301 3102 euim,
320 3023 430 3087 vicisse
446 3028 497 3086 est.
535 3023 623 3103 erod
640 3023 677 3087 de
686 3026 836 3103 potestate
851 3023 1069 3105 approbandae
1085 3024 1185 3106 scrip
1235 3024 1426 3100 misnmau,
1459 3027 1488 3088 et
1517 3024 1869 3102 excommunicationem,
1896 3023 2047 3088 solemnes
2071 3025 2210 3088 mnitr'o

172 3126 174 3130 ·
209 3112 299 3173 turae
319 3109 437 3186 docem,
459 3108 601 3190 prudens
621 3109 732 3173 multu.
778 3106 935 3174 &nune
955 3109 1037 3174 enno
1057 3111 1093 3174 in
1113 3130 1184 3175 eum
1235 3129 1298 3189 nes,
1318 3115 1346 3175 et
1366 3110 1520 3190 quidquid
1540 3109 1601 3173 tale
1621 3114 1665 3174 est
1685 3111 1723 3174 de
1742 3110 1842 3173 medio
1861 3110 1979 3186 tollere,
2004 3110 2146 3190 aliquam
2167 3129 2209 3174 ec-

208 3193 335 3258 madum
356 3192 419 3258 Dei
447 3195 575 3258 macula
596 3192 756 3259 bominum
776 3213 940 3274 censurae,
969 3200 1004 3259 ut
1023 3197 1091 3260 ideo
1112 3201 1184 3260 rata
1235 3196 1346 3261 atesim
1367 3195 1611 3260 iurisdietionem
1630 3196 1740 3260 demus
1758 3214 1878 3260 neeesse
1898 3199 1949 3259 est.
1993 3200 1996 3207 '

209 3279 273 3345 sint
300 3280 376 3361 quia
397 3280 578 3360 plaaurint
608 3278 800 3359 bominibus,
831 3279 1023 3363 blaspbemia
1054 3282 1185 3365 indipno
1325 3285 1393 3345 170.
1440 3281 1527 3346 Nam
1548 3282 1629 3362 qnod
1648 3281 1792 3345 nonnulli
1812 3281 1919 3344 munia
1939 3280 2000 3344 illa
2019 3282 2209 3363 temporaria

209 3369 254 3430 est
284 3385 363 3446 quae
392 3369 648 3431 commemoretur.
703 3364 748 3429 Et
772 3387 825 3448 epo
854 3366 921 3430 iam
952 3368 1100 3450 superius
1129 3367 1184 3432 boc
1233 3367 1572 3452 fnisse'irnapinantur‚
1590 3388 1687 3449 quum
1705 3367 1908 3449 maqistratus
1926 3387 1948 3430 a
1962 3366 2124 3450 rebpionis
2139 3386 2208 3430 nas-

207 3451 315 3534 ipsum
336 3452 433 3534 attipi.
474 3451 578 3517 Unum
597 3455 699 3516 tamen
720 3471 771 3516 eos
790 3451 918 3535 rapabc:
939 3453 1021 3517 siin
1042 3454 1184 3519 aetola
1234 3458 1301 3517 trae
1323 3454 1515 3536 professione
1542 3454 1638 3519 alieni
1665 3452 1765 3519 adbuc
1783 3453 1895 3533 forent,
1922 3453 1958 3515 in
1980 3473 2013 3517 eo
2039 3453 2206 3534 falluntur,
2268 3529 2269 3532 Ἴ

209 3536 425 3618 approbatione
454 3537 588 3619 fundata
614 3542 659 3601 est
689 3538 864 3618 scripturae
894 3539 1060 3618 anonas,
1093 3540 1198 3604 cums
1235 3539 1316 3620 quod
1350 3560 1409 3603 nou
1439 3540 1688 3604 animadvertunt
1723 3542 1874 3620 quantiam
1909 3539 1952 3602 sit
1983 3539 2149 3603 discrimen
2181 3543 2208 3602 et

209 3623 331 3686 canalii
351 3621 489 3686 citabunt
508 3623 546 3686 de
566 3645 603 3687 ea
620 3622 855 3688 rodendum?
899 3624 1042 3703 Nullum,
1065 3626 1181 3707 opinior,
1235 3625 1340 3707 qualis
1365 3626 1590 3691 dissimilitudo
1618 3625 1838 3690 masuerum
1862 3629 1890 3688 et
1911 3624 2015 3688 ciuilis
2037 3625 2206 3706 potestabs.

210 3704 327 3770 babent.
372 3705 437 3772 Gur
457 3708 554 3792 ipitm
573 3709 709 3774 Nicaeae
730 3709 813 3772 cinci
833 3728 867 3773 se
881 3710 1060 3790 patiebatur
1078 3710 1183 3776 Arius
1235 3711 1343 3791 Neque
1369 3713 1451 3776 enim
1472 3713 1524 3776 ius
1548 3711 1651 3794 pladii
1672 3710 1761 3775 babet
1780 3711 1921 3788 musta,
1948 3729 2007 3791 quo
2022 3711 2140 3790 puniat
2158 3711 2207 3773 uel

209 3791 393 3856 testimoniis
409 3813 446 3856 eu
463 3792 595 3858 Ioannis
612 3794 767 3877 eoanqelro
783 3793 950 3916 adductis?
991 3795 1074 3860 Erat
1090 3798 1181 3877 enim,
1233 3803 1380 3875 mmceu5
1400 3818 1461 3862 non
1480 3798 1664 3879 imperium,
1686 3801 1722 3860 ut
1742 3801 1844 3883 caput,
1870 3815 1931 3859 nou
1951 3813 2116 3872 carcerem,
2144 3814 2206 3858 non

210 3877 379 3941 smundum
396 3878 480 3957 istos,
503 3879 634 3943 liberum
654 3880 834 3960 repudiare,
858 3882 980 3961 quando
1001 3883 1092 3948 nulla
1112 3885 1182 3948 mri-
1227 3903 1347 3965 poenas
1367 3884 1452 3948 alias
1473 3903 1552 3964 quae
1572 3884 1667 3948 solent
1687 3883 1789 3966 inftipi
1810 3903 1831 3946 a
1851 3881 2043 3963 mapisbatu.
2082 3879 2207 3945 Deinde

209 3962 344 4028 versatis
364 3964 487 4029 nasibi
501 3969 714 4047 praecesserat
735 3965 923 4048 approbatio.
967 3966 1115 4051 Allepant
1135 3989 1182 4033 ae-
1233 3989 1294 4031 uon
1314 3968 1368 4033 boc
1387 3970 1462 4052 aqit,
1484 3975 1520 4032 ut
1535 3970 1591 4049 qui
1606 3970 1752 4050 micant,
1770 3969 1888 4031 incitus
1901 3966 2059 4048 plectatur
2065 3989 2075 4044 ,·
2097 3967 2151 4031 sed
2171 3971 2207 4030 ut

208 4052 303 4113 ἰενηη
328 4048 514 4131 catalopum,
542 4052 597 4130 qui
618 4066 714 4114 canon
737 4055 879 4116 umdur:
907 4073 996 4132 quem
1017 4055 1124 4118 dieunt
1144 4075 1182 4118 ee
1233 4055 1412 4119 uoluntaria
1438 4055 1637 4138 canipuiane
1655 4055 1877 4136 poenitentiam
1902 4051 2095 4134 profiteatur.
2146 4052 2206 4116 Est

208 4133 352 4199 eecksiae
372 4134 593 4200 diiudicaticue
612 4155 766 4201 manasse.
807 4135 869 4203 Sed
887 4158 958 4222 rapo
978 4140 1100 4218 iterum,
1122 4160 1181 4221 quo
1233 4140 1331 4222 ipitur
1363 4142 1448 4223 brnpe
1479 4142 1605 4205 diversa
1634 4141 1732 4204 ratio:
1758 4141 1835 4221 quia
1861 4157 1916 4203 nec
1946 4138 2119 4219 quidquam
2145 4139 2205 4203 sibi

209 4219 244 4284 in
266 4218 392 4284 emedio
412 4239 508 4284 canon
530 4222 585 4286 ille
610 4222 712 4286 editus
734 4222 854 4304 fuerit?
896 4224 961 4289 Hie
980 4225 1183 4290 obmutescant
1233 4226 1330 4289 sumit
1356 4227 1482 4291 ecelesia
1503 4227 1584 4308 quod
1605 4227 1648 4290 sit
1669 4227 1838 4308 proprium
1863 4224 2083 4307 mapistratas5
2110 4244 2205 4304 neque

209 4309 329 4388 oportet.
374 4305 559 4388 Quanquam
578 4307 658 4372 scire
673 4313 835 4389 praeterea
856 4311 955 4392 cupio,
978 4313 1101 4393 qualem
1118 4330 1183 4374 esse
1233 4310 1287 4375 boc
1308 4311 1424 4393 efficere
1446 4317 1547 4394 potest
1564 4312 1768 4395 maqistratm
1794 4311 1875 4391 quad
1896 4311 1935 4374 ab
1962 4310 2089 4374 ecclesia
2110 4330 2204 4399 pero·

91 4406 96 4411 ’
208 4390 302 4460 illum
330 4410 476 4456 acumem
504 4392 699 4458 arbitrentur.
751 4394 845 4461 Video
867 4397 950 4461 enim
971 4398 1052 4462 inter
1072 4401 1183 4461 ueteres
1231 4398 1326 4481 pitur.
1370 4397 1523 4480 Eeemplo
1546 4399 1598 4479 fet
1618 4398 1672 4462 boc
1698 4397 1836 4478 facilius.
1881 4395 2061 4461 Inebriatus
2081 4400 2126 4460 est
2146 4395 2204 4459 ali·

208 4476 244 4542 id
258 4497 379 4558 parum
399 4478 576 4543 amensa
608 4478 653 4544 Et
668 4481 699 4544 si
718 4482 821 4547 ualere
842 4482 925 4547 debet
945 4483 1026 4564 quod
1042 4483 1089 4546 ait
1106 4481 1182 4547 Hie-
1233 4483 1330 4565 quis?
1350 4485 1386 4548 iu
1406 4484 1481 4548 urbe
1501 4485 1572 4548 bene
1592 4484 1767 4562 constituta,
1783 4502 1885 4565 paena
1906 4483 1966 4546 erit
1986 4501 2105 4560 carcer,·
2126 4501 2206 4545 seor·

208 4581 369 4643 rcnpmus,
401 4562 474 4628 libri
497 4563 770 4646 Macbabaeorum,
796 4568 922 4646 Tobios,
945 4567 1183 4633 maneatis
1232 4575 1316 4634 tatio
1336 4571 1406 4634 est?
1426 4575 1481 4634 aut
1500 4571 1627 4648 amitis,
1650 4575 1705 4633 aut
1718 4571 1827 4650 potius
1847 4570 1957 4633 amtor.
2002 4566 2055 4631 Ita
2076 4568 2136 4631 erit
2155 4587 2205 4631 sa-

209 4648 374 4744 clamites
394 4649 429 4712 in
456 4649 595 4714 ordinem
621 4653 864 4735 apocryphorum
886 4653 1078 4731 retinemur,
1100 4656 1182 4734 quod
1231 4656 1398 4737 bisfactum,
1420 4661 1448 4719 et
1469 4657 1586 4740 leqibus
1606 4660 1634 4718 et
1654 4656 1866 4738 maqistratui,
1890 4660 1918 4719 et
1938 4658 2059 4717 entenic
2079 4653 2203 4718 iudicio.

209 4734 264 4797 reti
284 4735 371 4798 nullo
391 4736 481 4799 modo
500 4735 601 4817 facere
624 4739 783 4802 sustinent.
858 4762 860 4766 ³
1232 4740 1278 4805 At
1295 4743 1367 4822 fieri
1381 4744 1503 4823 poterit,
1525 4747 1561 4806 ut
1580 4741 1703 4805 nulum
1722 4742 1771 4805 det
1786 4740 1992 4823 ponitentiae
2007 4739 2205 4821 sipnifiaatio

299 4823 368 4916 Ibit.
415 4819 523 4886 Restat
549 4823 647 4887 attera
670 4844 767 4905 pars,
795 4828 823 4887 et
849 4823 974 4904 quaem
994 4825 1179 4906 praecipua,
1231 4847 1308 4906 nem,
1330 4828 1405 4909 quin
1420 4829 1529 4909 potius
1550 4834 1585 4892 ut
1605 4827 1821 4905 obmurmuret,
1841 4827 1889 4891 vel
1906 4827 2028 4907 fremat.
2063 4824 2118 4888 An
2137 4825 2205 4890 illic

207 4903 427 4970 maauaie
441 4911 617 4989 ponstatis,
639 4928 736 4989 quam
757 4910 792 4972 in
811 4908 1026 4973 iurisdictione
1041 4912 1180 4992 positam
1232 4913 1360 4977 cessabit
1379 4907 1529 4978 ecelesia?
1563 4912 1610 4977 At
1630 4914 1728 4993 recipi
1748 4913 1791 4977 ad
1811 4932 1935 4976 coermm
1951 4912 2030 4976 tales
2044 4914 2204 4991 neqrreunt
2273 4936 2277 4942 ·

207 5008 272 5053 esse
298 4991 447 5055 dicimus.
494 4994 570 5058 Tota
596 4999 698 5058 autem
718 4993 859 5058 ecclmiae
884 4994 1060 5059 iurisdictio
1081 4997 1180 5077 perti-
1232 4999 1308 5078 quin
1327 4999 1384 5079 fat
1404 5004 1432 5063 et
1455 4998 1576 5063 Obristo
1597 5003 1624 5062 et
1646 5018 1754 5062 sacrae
1775 4999 1844 5062 eius
1863 4998 2051 5061 indictioni
2071 4997 2204 5060 iniuria.

208 5078 257 5170 net
284 5076 326 5139 ud
356 5097 478 5141 nurum
506 5079 719 5161 disciplinam,
746 5080 786 5143 de
804 5101 868 5161 qiua
888 5100 959 5143 moa
984 5083 1181 5151 numadum
1232 5083 1277 5146 Et
1296 5083 1350 5148 boc
1370 5085 1512 5166 mantal
1531 5085 1630 5162 ratio,
1659 5088 1696 5147 nt
1715 5084 1770 5164 qui
1791 5084 1950 5148 ecclesiam
1969 5082 2096 5163 offendit
2121 5083 2220 5167 mab,

207 5165 274 5255 erit·
321 5161 583 5242 Quemadmodum
602 5165 684 5227 caim
705 5164 794 5229 nulla
814 5166 897 5243 urbs,
919 5166 1060 5231 nullume
1074 5189 1181 5250 papus
1232 5169 1374 5250 aeemplo,
1393 5171 1522 5234 solemni
1533 5170 1739 5252 poenitentiae
1755 5169 1960 5233 declaratime
1976 5168 2203 5249 offendiculum,

79 5285 83 5294 .
206 5263 277 5309 srne
297 5249 481 5329 maqistratu
502 5256 529 5314 et
545 5249 660 5331 politia
678 5255 762 5315 stare
777 5256 885 5333 potet,
906 5252 952 5316 sic
974 5252 1099 5318 musta
1115 5252 1180 5320 Dei
1232 5254 1312 5334 quod
1333 5256 1483 5334 recitauit,
1504 5257 1598 5321 tollen
1644 5253 1754 5332 Ratio,
1781 5273 1877 5333 mam
1898 5254 2055 5319 adducurrt
2075 5252 2129 5319 illi
2149 5255 2204 5336 qui
