4770 6030
199 372 263 434 cos
745 366 844 432 one.
867 318 964 431 v1'11.
987 309 1079 450 an.)
1123 363 1337 432 smom
1357 320 1653 467 exsulcans.
2138 372 2202 433 aro

198 484 313 551 B236;
330 480 433 535 0236.
1776 532 1781 537 .

199 558 416 624 continentiam
433 467 607 619 indicimus
631 555 666 618 in
685 555 779 633 uictu,
807 554 971 618 ordinaria
993 555 1049 618 illa
1071 555 1178 618 arctio
1229 559 1302 617 runt
1327 553 1450 634 quidem
1476 553 1629 618 irrterdnm
1655 573 1752 618 sanae
1778 574 1814 618 ac
1835 555 2005 636 padum
2025 557 2063 621 de
2083 556 2202 621 imunio

199 664 266 708 rem
288 662 325 706 ac
346 643 535 705 severiorem.
580 639 647 704 Hoc
668 641 703 703 in
728 640 827 703 tribus
848 641 944 703 situm
965 645 1024 704 est:
1051 641 1086 703 in
1107 644 1178 703 tem
1229 640 1409 717 sententiae;
1430 639 1484 703 sod
1498 645 1607 721 postea
1628 643 1789 703 occurrunt
1809 639 1939 704 subinde
1959 642 2140 706 immodicae
2160 642 2202 707 io·

194 750 288 812 pore,
322 729 357 791 in
384 727 518 790 ciborum
545 725 707 807 qualitate,
740 730 768 789 et
788 726 997 806 parsimonia.
1043 726 1179 806 Tempus
1203 770 1206 815 Ι
1229 726 1313 788 iunii
1334 724 1451 803 laudes,
1473 745 1552 805 quae
1570 726 1675 806 ipsum
1696 727 1777 789 inter
1793 727 1984 807 praecipuas
2004 728 2131 792 virtutes
2151 749 2203 792 ee

199 816 285 892 dico,
317 817 353 877 ut
384 813 483 875 ieiuni
515 811 721 893 defunqamur
751 812 794 874 iis
826 811 1011 890 actioreibus,
1043 830 1179 891 quonum
1230 810 1344 874 wdrcnt.

202 921 299 967 causo
331 899 508 962 instituitur
540 898 701 961 inanium.
755 896 1016 977 Quenaducodum
1049 895 1179 978 mmnpli
1317 898 1387 958 203.
1443 893 1487 957 Et
1522 900 1593 961 tunc
1624 897 1750 976 passim
1781 896 1955 961 irroaluerat
1987 899 2203 978 superstitiosa

202 1006 316 1065 eausa,
338 985 368 1048 si
390 983 425 1047 ob
446 983 598 1047 solennem
618 983 825 1064 precationem
846 983 918 1062 quis
940 984 1068 1060 ieiunet,
1090 986 1125 1045 ut
1146 1001 1178 1045 eo
1231 981 1486 1063 quadraqesimae
1502 981 1685 1059 emmonim
1706 976 1783 1062 quio
1805 988 1831 1046 et
1852 982 1962 1065 mdqrcs
1978 984 2127 1048 onimium
2143 983 2203 1048 ali-

203 1074 387 1152 impransus
409 1069 537 1133 αεεεάαι.
585 1068 728 1148 Qualitas
748 1068 783 1130 in
806 1088 838 1131 eo
860 1069 922 1132 sita
944 1072 1003 1145 esti
1018 1072 1053 1131 ut
1077 1067 1179 1131 absim
1230 1068 1311 1148 quod
1337 1066 1512 1147 obsequium
1534 1066 1602 1131 Deo
1628 1087 1662 1132 se
1689 1067 1723 1130 in
1751 1088 1788 1132 ea
1809 1062 1984 1149 praedare
1998 1068 2201 1148 existimabat,

202 1178 308 1222 omnes
330 1155 487 1231 lautitiae,
510 1173 547 1217 ac
562 1153 693 1234 plebeiis
712 1152 933 1233 timoribusque
954 1153 1031 1216 cibis
1051 1153 1178 1218 cadenti
1231 1159 1257 1217 et
1273 1159 1417 1234 pastores
1438 1173 1506 1216 eam
1526 1152 1774 1217 amnunommr
1786 1175 1848 1236 pro
1869 1161 1976 1219 sareda
1995 1154 2111 1219 Christi
2131 1156 2203 1221 imi-

198 1243 344 1327 palatum
366 1241 506 1304 delicatis
531 1259 592 1303 non
619 1239 787 1303 irritemus.
835 1239 1027 1319 Quantitatis-
1042 1239 1123 1302 ratio
1144 1240 1178 1302 in
1230 1241 1357 1303 tatione:
1389 1259 1484 1319 quum
1509 1238 1644 1319 planum
1669 1241 1725 1317 sit,
1754 1261 1814 1304 non
1841 1241 1909 1304 ideo
1929 1241 2086 1305 ieiunasse
2115 1239 2203 1305 (lini-

204 1329 258 1393 boc
280 1332 336 1404 est,
364 1331 398 1389 ut
413 1325 547 1406 parcius
567 1344 604 1387 ac
625 1324 723 1388 lenius
743 1324 831 1389 solito
852 1343 1029 1402 cascanum
1059 1328 1178 1388 tantum
1229 1330 1325 1402 stum,
1353 1329 1388 1388 ut
1414 1324 1489 1388 aliis
1517 1324 1688 1406 ecmrplum
1706 1325 1927 1408 praescriberet
1948 1325 2081 1409 (Manh.
2101 1332 2130 1404 4,
2150 1325 2202 1411 2);

205 1414 248 1478 ad
268 1412 483 1490 necessitatem,
504 1430 564 1473 nou
585 1411 679 1473 etiam
700 1410 744 1474 ad
761 1409 952 1490 uoluptatem.
1229 1411 1284 1474 sed
1309 1415 1345 1473 ut
1369 1409 1518 1492 eoanqelii
1543 1411 1805 1491 praedicationum
1839 1412 1886 1475 sic
1917 1413 2108 1493 auspicando
2139 1431 2202 1476 non

293 1501 364 1561 202.
414 1496 460 1560 At
486 1517 555 1560 oero
582 1515 701 1577 semper
734 1497 767 1558 in
788 1496 906 1575 primis
933 1495 1114 1574 coomdum,
1141 1515 1179 1559 ne
1229 1496 1398 1561 humanam
1428 1495 1598 1560 doctrinam
1630 1516 1708 1574 esse,
1740 1498 1795 1561 sed
1825 1518 1841 1560 ε
1869 1497 1946 1561 coelo
1972 1497 2142 1578 profectam
2166 1517 2202 1563 re

206 1584 281 1666 quid
318 1583 440 1663 obrepn
476 1582 718 1662 superstitionis,
757 1581 1011 1662 quemadmodum
1042 1580 1176 1659 antebac
1229 1583 1302 1663 ipsa
1323 1580 1535 1662 comprobaret.
1578 1580 1628 1645 Ac
1653 1583 1769 1646 mirum
1790 1587 1835 1646 est
1853 1586 1918 1646 tam
1939 1603 2079 1647 massam
2103 1582 2203 1646 ballu-

205 1689 316 1753 mapno
338 1668 477 1733 aetesiae
497 1666 586 1745 malo,
609 1667 729 1731 accidit.
767 1664 868 1729 Multo
890 1667 971 1729 enim
992 1667 1093 1730 sotius
1112 1667 1178 1748 sue
1229 1668 1412 1732 cinationem
1438 1666 1611 1730 bominibus
1638 1669 1723 1731 acuti
1746 1668 1858 1732 indicii
1887 1668 2026 1749 obrepere
2050 1669 2200 1749 potuisse,

205 1757 263 1833 rit,
286 1755 407 1818 nudum
429 1772 563 1835 prorsus
590 1772 654 1816 esse
675 1752 862 1816 ieiuniorum
883 1771 991 1830 amm,
1013 1773 1108 1834 qnam
1128 1752 1176 1816 di·
1230 1774 1309 1835 quae
1341 1757 1381 1817 tot
1412 1772 1448 1816 ao
1484 1757 1548 1816 tam
1585 1753 1680 1816 claris
1711 1753 1883 1818 rationibus
1913 1753 2071 1835 refellitur.
2128 1753 2202 1819 Nm

205 1841 331 1923 liqenter
362 1839 532 1917 obseruari,
565 1843 593 1902 et
622 1838 748 1902 interim
781 1844 956 1919 corruptum
988 1858 1053 1902 esse
1084 1837 1179 1918 falsis
1231 1840 1312 1903 errim
1332 1839 1458 1919 saepires
1483 1839 1603 1902 innuat
1625 1837 1784 1918 Christus,
1811 1839 1893 1920 quod
1911 1840 1982 1920 pieri
2002 1841 2150 1921 oportuit,
2171 1838 2203 1903 si

198 1926 446 2009 perniciosisque
472 1923 681 2005 opinionibus,
715 1923 757 1987 ad
784 1943 863 2004 quas
888 1923 1025 1987 mundus
1050 1923 1178 1988 subinde
1231 1924 1441 1988 anniversarii
1472 1923 1584 1987 ieiumi
1614 1923 1708 2006 leqem
1738 1925 1858 1989 uadem
1888 1925 1990 2004 oelld;
2027 1926 2080 1989 sed
2110 1923 2203 1990 serncl

205 2011 372 2091 delabitur,
400 2011 464 2074 nisi
492 2029 615 2073 mmma
638 2009 700 2090 fide
721 2029 758 2072 ac
777 2009 948 2090 prudentia
969 2008 1088 2073 obomm
1109 2013 1179 2073 eant
1230 2015 1362 2087 tautum,
1389 2029 1485 2089 quum
1510 2029 1543 2073 se
1568 2009 1610 2073 ad
1636 2010 1786 2094 eoanqelii
1805 2012 2083 2094 proruulqationem
2103 2011 2202 2075 acciri·

198 2102 349 2180 pastores.
395 2095 541 2160 Primum
562 2100 618 2173 est,
645 2100 681 2158 nt
706 2114 824 2175 semper
841 2099 969 2178 neqeunt
996 2096 1077 2176 quod
1098 2095 1180 2159 docet
1228 2097 1283 2179 qil.
1328 2093 1395 2159 Nec
1413 2095 1533 2160 ieiunat
1553 2093 1688 2160 buumno
1707 2117 1804 2175 more,
1824 2102 1860 2160 ut
1874 2118 1940 2178 par
1961 2102 2035 2174 erat,
2056 2097 2086 2161 si
2107 2096 2204 2160 bomi-

206 2181 339 2266 Ioel(2,
362 2180 424 2265 13),
447 2180 612 2245 scindenda
633 2201 698 2245 esse
718 2181 819 2258 corda,
840 2201 900 2244 nou
918 2182 1103 2258 oetintmta,
1125 2179 1179 2244 boc
1230 2201 1284 2245 nes
1304 2180 1347 2244 ad
1367 2181 1568 2245 indationen
1589 2200 1757 2261 provocare
1782 2182 1882 2261 cellm-
1908 2184 1963 2246 sed
1985 2183 2086 2265 maqis
2106 2201 2203 2246 εεεηι-

205 2273 262 2344 est,
286 2269 467 2333 admoneant
481 2266 613 2348 plebem,
635 2286 696 2329 non
716 2266 823 2348 maqni
843 2286 904 2346 per
921 2285 955 2330 se
975 2266 1137 2331 aestimari
1157 2287 1179 2330 a
1224 2267 1316 2349 plum
1337 2266 1489 2349 desipiat,
1512 2286 1571 2346 qno
1591 2267 1626 2329 iu
1647 2268 1700 2329 sni
1715 2269 1822 2348 potius
1844 2268 2080 2332 admirationem
2100 2285 2203 2332 omnes

204 2354 274 2418 Deo
295 2354 456 2431 ieiunium,
478 2352 543 2416 nisi
566 2352 650 2420 adsit
670 2351 797 2415 interior
819 2352 920 2415 cordis
943 2353 1076 2433 offertus,
1105 2371 1178 2415 ocra
1229 2353 1344 2434 rapiat,
1367 2372 1461 2432 quom
1482 2353 1525 2417 od
1545 2351 1724 2416 mutilandi
1744 2353 1882 2417 studium
1904 2354 2016 2417 excita
2049 2352 2201 2433 Denique,

198 2440 317 2521 peccati
339 2444 365 2502 et
382 2439 434 2502 sui
451 2438 555 2520 ipsius
572 2437 774 2519 displicentia,
792 2456 866 2500 oera
883 2436 1178 2502 bumiliatiooerus-
1230 2459 1290 2503 non
1318 2438 1385 2502 alia
1411 2442 1454 2502 est
1481 2437 1576 2502 istius
1604 2438 1717 2502 ieiunii
1743 2439 1839 2516 ratio,
1868 2458 1962 2518 qnam
1984 2440 2132 2518 eiusque
2153 2438 2202 2502 de·

203 2545 261 2606 que
282 2523 369 2589 dolor
390 2544 427 2587 ec
447 2524 554 2587 timore
575 2522 647 2587 Dei.
687 2521 756 2586 Imo
776 2523 929 2586 ieiunium
950 2523 1125 2587 nacoliam
1142 2522 1177 2587 ob
1228 2525 1354 2606 fundus
1375 2529 1442 2588 erat
1467 2522 1587 2602 Moses,
1614 2544 1711 2603 quum
1732 2523 1825 2606 leqem
1846 2543 1862 2586 e
1882 2543 1979 2586 marcu
2001 2523 2132 2587 Domini
2153 2543 2202 2588 ac·

202 2631 331 2675 eausam
359 2609 434 2674 utile
462 2630 541 2688 esse,
569 2610 634 2672 nisi
665 2609 746 2689 quod
771 2609 843 2672 istis
868 2610 982 2675 amedit
1001 2608 1082 2673 oelrct
1102 2608 1178 2690 inte
1230 2611 1341 2691 ciperet
1367 2608 1486 2694 (Exod.
1506 2612 1557 2688 34,
1577 2609 1642 2693 28).
1698 2608 1785 2673 Nam
1810 2628 1906 2689 quum
1937 2608 2018 2673 illud
2049 2609 2082 2672 in
2111 2607 2200 2674 Mose

201 2698 273 2760 rius
292 2695 527 2760 adminiculum.
559 2693 652 2758 Nilil
669 2696 751 2758 enim
766 2695 870 2776 maqis
887 2699 1061 2759 exsecratur
1077 2693 1176 2772 Deus,
1229 2696 1344 2759 edium
1370 2700 1447 2759 esset
1473 2694 1659 2759 miraculum
1680 2694 1723 2758 ad
1748 2693 1962 2759 dabdnndam
1988 2694 2065 2776 lepis
2087 2694 2201 2758 antori-

200 2803 297 2863 qnam
328 2783 403 2845 olum
429 2781 565 2845 bomirtes
596 2781 688 2864 siquo
719 2784 747 2844 et
777 2785 934 2844 externam
960 2779 1090 2861 speciem
1114 2799 1178 2862 pro
1229 2786 1327 2859 nutem
1350 2801 1411 2845 non
1430 2781 1532 2845 debuit
1551 2782 1586 2844 in
1609 2779 1730 2845 Obristo
1745 2780 1959 2861 qnaeterrnitti,
1981 2801 2019 2843 ne
2036 2779 2094 2862 leqi
2111 2799 2201 2842 coan-

201 2868 303 2931 cordis
329 2868 500 2931 innocentia
522 2865 700 2944 obiiciendo,
727 2866 833 2946 fucum
859 2865 920 2930 sibi
946 2866 1047 2947 facere
1069 2886 1177 2930 emron
1227 2867 1342 2949 pelium
1363 2867 1465 2930 cedere
1484 2867 1646 2930 oiderdm.
1689 2864 1789 2948 Atqui
1809 2866 1848 2929 ab
1874 2885 1907 2930 eo
1930 2870 2060 2946 tempore
2083 2863 2200 2928 cumini

202 2958 262 3016 tur.
307 2952 418 3032 Itaque
445 2954 480 3015 in
506 2951 585 3016 banc
606 2951 783 3034 hypocrisin
804 2953 995 3016 seuerissime
1022 2950 1177 3015 incolitur
1229 2972 1369 3033 rcrrqrcam
1394 2953 1530 3016 cerritin
1551 2956 1690 3030 rnenterm
1712 2956 1875 3034 praetentu
1896 2951 2081 3016 imitationis
2102 2949 2197 3030 Mosi,

205 3038 329 3101 Iesaias
359 3038 425 3120 (58,
446 3037 496 3121 5).·
527 3039 609 3118 quod
637 3037 751 3101 Iudaei
776 3037 971 3118 satisfactum
992 3036 1060 3101 Deo
1082 3042 1177 3119 puta·
1228 3038 1319 3103 talem
1350 3038 1462 3102 ieiunii
1494 3038 1629 3118 smnmm
1665 3038 1699 3100 in
1729 3037 1846 3119 populo
1876 3037 2043 3102 israelitico
2075 3037 2198 3119 eriqcre.

203 3128 284 3200 rent,
307 3122 361 3184 ubi
388 3124 601 3188 ieiunaveraut
622 3123 786 3201 duntaxat,
814 3128 964 3203 utcunque
991 3124 1177 3204 impietatem
1231 3125 1296 3189 Nec
1316 3123 1401 3187 ullus
1428 3144 1465 3187 ec
1492 3124 1608 3187 sanctis
1627 3122 1787 3205 propinetis
1811 3143 1847 3187 ac
1870 3122 2014 3204 patribus
2035 3123 2069 3187 id
2090 3142 2199 3203 sequu-

203 3215 231 3273 ει
251 3210 395 3288 impuras
420 3211 616 3292 coqitationes
636 3210 670 3274 in
700 3209 805 3272 animo
824 3209 965 3289 foveant.
1012 3209 1177 3290 Numquid
1228 3215 1280 3274 tus
1300 3214 1356 3287 est,
1384 3229 1479 3290 quum
1499 3213 1600 3272 tamen
1621 3209 1664 3274 ad
1689 3229 1791 3273 ornnes
1806 3209 1883 3290 pias
1901 3209 2127 3273 cremanus
2148 3227 2199 3271 sa·

202 3293 264 3358 tole
281 3299 332 3371 est,
351 3294 460 3374 inquit,
479 3296 631 3359 ieiunium
651 3294 732 3376 quod
748 3292 906 3359 Dominus
922 3294 1033 3378 clepit?
1054 3299 1177 3375 etquae
1228 3297 1270 3360 tis
1290 3295 1391 3360 animi
1423 3315 1459 3359 ac
1487 3294 1547 3358 reli
1573 3293 1722 3359 babeat
1768 3293 1854 3359 Nam
1879 3294 1960 3375 quod
1987 3294 2025 3357 de
2046 3293 2125 3356 Elia
2144 3292 2199 3356 lca-

202 3383 379 3459 sequuntur.
433 3379 505 3443 Non
531 3381 627 3462 iqitar
657 3380 781 3448 inutilis
807 3380 895 3444 modo
920 3400 958 3444 ac
984 3400 1176 3461 supernaaca
1227 3382 1313 3445 betur
1335 3380 1366 3466 (1
1387 3380 1469 3464 Reg.
1492 3384 1541 3458 19,
1559 3383 1610 3458 8),
1637 3401 1706 3445 eum
1732 3381 1800 3445 sine
1827 3378 1890 3444 cibo
1915 3384 1943 3441 et
1965 3384 2043 3460 potu
2063 3377 2199 3459 quadra·

199 3465 344 3548 satiqatio
365 3470 408 3528 est
434 3464 654 3546 hypocriticam
674 3465 843 3544 ieiunium,
871 3466 925 3530 sed
940 3467 1085 3534 ‚monimo
1107 3466 1176 3530 abo-
1225 3469 1313 3550 pireto
1340 3466 1408 3530 dies
1433 3466 1630 3548 trauseqisse,
1653 3484 1717 3530 non
1744 3465 1806 3530 olio
1828 3463 2012 3546 pertinebat,
2043 3483 2138 3545 quam
2164 3466 2199 3528 ut
2245 3466 2249 3469 ’

110 3591 113 3601 ·
202 3551 339 3614 urinotio.
388 3550 532 3615 Alterum
559 3551 676 3615 malum
701 3550 773 3615 truie
799 3551 893 3633 afflue
918 3571 1107 3632 summopere
1126 3571 1175 3616 eo-
1221 3552 1358 3634 populus
1379 3557 1563 3635 aquoscerct,
1584 3572 1653 3616 cum
1673 3551 1837 3615 excitatum
1857 3570 1921 3613 csse
1942 3549 2018 3632 lepis
2038 3549 2198 3627 vindicem,

201 3637 332 3700 emulum
358 3642 414 3713 est,
443 3658 480 3700 ne
502 3657 564 3718 pro
588 3657 676 3718 opere
701 3638 855 3700 meritorio
882 3643 938 3700 aut
956 3638 1054 3718 specie
1073 3638 1175 3701 divini
1224 3661 1247 3703 a
1269 3659 1331 3719 qua
1351 3638 1441 3720 uulqo
1456 3658 1553 3718 prope
1574 3642 1654 3702 totns
1671 3636 1774 3700 Israel
1794 3636 1969 3700 desciverat.
2000 3634 2079 3698 Fuit
2099 3635 2198 3717 ipitur

202 3723 302 3786 mettius
329 3727 494 3786 censeatur.
545 3721 632 3789 Nom
658 3743 753 3802 quum
781 3724 824 3786 sit
850 3743 900 3787 res
921 3743 982 3804 per
1003 3742 1036 3788 se
1061 3723 1173 3802 media
1226 3745 1311 3788 mera
1332 3725 1506 3802 κακοζηλία,
1527 3728 1554 3787 ει
1574 3723 1804 3805 superstitionis
1818 3720 1929 3802 plnum
1951 3721 2032 3801 quod
2052 3720 2140 3784 ιείεεῑε
2161 3739 2198 3786 ac

201 3829 255 3873 nec
281 3808 453 3888 quidquam
480 3807 589 3872 babeat
609 3809 773 3896 momenti,
795 3808 859 3871 nisi
880 3813 1008 3891 propter
1028 3829 1077 3874 cos
1096 3809 1175 3890 pines
1227 3809 1321 3875 miore
1347 3809 1531 3879 imitationis
1560 3806 1677 3873 Christi
1703 3807 1859 3872 ieiunium
1882 3805 2041 3871 ornabant.
2095 3806 2199 3887 ριιαιι-

201 3895 235 3957 in
257 3914 334 3974 quos
355 3895 504 3976 respicere
525 3893 616 3971 debet,
632 3893 902 3975 perniciosissima
923 3895 1099 3974 superstitio
1120 3899 1172 3973 est,
1226 3915 1320 3977 quam
1347 3896 1382 3959 in
1407 3895 1495 3959 modo
1519 3895 1632 3958 ieiunii
1659 3894 1743 3957 mira
1768 3898 1839 3957 tunc
1865 3897 1931 3957 erat
1956 3892 2134 3970 diuersitas,
2163 3895 2198 3957 ut

201 3981 383 4061 emrtundere
410 4001 479 4044 aem
505 3978 647 4061 operibus
667 3979 848 4060 simpliciter
859 3980 884 4063 ¹)
912 3978 1021 4045 aDeo
1044 3981 1174 4045 runda-
1225 3982 1318 4063 refert
1351 3979 1555 4046 Oasuodmns
1586 4000 1624 4044 en
1657 3977 1796 4058 Socrate
1832 3977 1980 4042 bistoriae
2010 3998 2087 4042 snae
2120 3977 2197 4042 libro

199 4066 250 4142 tis,
273 4071 375 4145 etper
396 4086 429 4130 sc
449 4066 640 4143 necessariis,
662 4085 721 4129 non
743 4064 806 4129 alio
826 4070 969 4146 respectu.
1016 4066 1092 4131 Tale
1110 4065 1174 4148 tuit
1226 4087 1311 4132 nono.
1362 4065 1499 4131 Romani
1530 4067 1626 4145 enim,
1659 4065 1774 4146 inquit,
1800 4064 1926 4128 nonnisi
1958 4069 2019 4127 tres
2050 4062 2198 4127 babebmt

199 4150 274 4214 olim
303 4150 450 4214 delirium
472 4149 727 4215 Manichaeorum
733 4174 743 4229 ;
772 4170 848 4232 quos
875 4151 950 4214 dum
975 4152 1084 4233 refellit
1105 4152 1175 4216 Au-
1225 4154 1431 4234 septimanas,·
1448 4153 1502 4217 sed
1523 4151 1590 4216 illis
1610 4153 1788 4215 omrtiuuum
1809 4154 1875 4214 erat
1894 4149 2054 4226 ieiunium,
2078 4153 2196 4229 eccepto

197 4235 389 4319 qustinns,²)
417 4237 597 4300 satisdare
623 4237 718 4314 docet,
745 4236 899 4301 ieiunium
926 4238 1051 4302 nonnisi
1072 4236 1110 4302 ab
1131 4239 1175 4302 iis
1224 4239 1275 4304 die
1291 4239 1451 4317 mminioo,
1468 4243 1497 4303 et
1516 4237 1647 4302 sabbato.
1693 4235 1821 4318 Illyrici
1841 4240 1869 4300 et
1893 4234 2020 4313 Graeci,
2049 4254 2116 4311 sen,·
2137 4232 2197 4296 alii

198 4341 275 4401 quos
302 4320 372 4385 dini
397 4321 513 4402 finibus
539 4322 782 4400 aestimandum,¹
814 4343 867 4386 nec
894 4321 962 4388 Deo
989 4323 1080 4387 aliter
1100 4341 1174 4405 pro·
1224 4328 1352 4405 septem,·
1384 4323 1439 4388 sed
1463 4324 1617 4387 idumum
1638 4343 1699 4403 per
1725 4321 1898 4386 interualla.
1950 4320 2014 4384 Nec
2035 4320 2140 4383 urinas
2160 4318 2195 4381 in

200 4406 279 4484 bari,
301 4407 367 4470 uisi
393 4429 426 4471 eo
453 4409 613 4489 referatur.
661 4409 785 4472 Tertius
811 4429 897 4473 error
924 4429 985 4473 non
1010 4409 1085 4474 adeo
1106 4409 1174 4490 qui-
1225 4409 1360 4474 ciborum
1387 4410 1568 4474 discrimine
1593 4407 1800 4473 dissidebant:
1830 4407 1889 4472 olii
1913 4405 2038 4470 nonmu
2058 4406 2197 4486 paneet

198 4493 268 4555 dem
295 4493 426 4575 impius,
456 4494 652 4575 periculosus
682 4498 799 4558 tamen.-
831 4499 980 4574 tanquom
1011 4515 1109 4559 unum
1135 4515 1173 4558 en
1224 4515 1308 4577 aquo
1329 4493 1537 4573 uescebantnr¹,·
1558 4493 1617 4559 alii
1639 4493 1789 4560 addebant
1808 4493 1905 4570 olera,¹
1926 4489 2067 4572 piscibus
2089 4489 2196 4553 aliid

195 4579 378 4659 praecipuis
399 4579 511 4660 officiis
531 4580 685 4644 morosius
702 4599 739 4643 ac
758 4579 895 4661 riqidius
913 4581 1039 4663 enipem,
1062 4600 1098 4645 oc
1115 4581 1173 4644 im·
1223 4579 1399 4645 volatilibus
1425 4600 1487 4645 remi
1513 4579 1727 4659 abhorrebant5
1759 4579 1819 4643 alii
1839 4578 1960 4640 nullum
1988 4574 2135 4639 habebant
2159 4574 2195 4637 in

198 4664 329 4728 modicis
355 4666 501 4730 encomiis
528 4667 574 4729 sic
604 4665 757 4742 extollere,
784 4669 819 4727 ut
839 4663 976 4729 homines
997 4687 1030 4731 se
1051 4665 1173 4746 aliquid
1223 4666 1299 4731 cibis
1329 4666 1504 4732 discrimen.
1559 4665 1669 4731 Huius
1708 4666 1801 4730 etiam
1838 4660 2027 4743 differentiae
2057 4659 2198 4724 muniuit

198 4750 348 4813 eximium
372 4751 481 4832 fecisse
502 4757 624 4833 putent,
652 4772 748 4832 mum
773 4750 986 4815 idunocmint.
1038 4751 1108 4833 Qua
1135 4751 1171 4815 iu
1223 4750 1430 4835 Auqustinus,
1443 4753 1613 4834 posteriore
1633 4750 1760 4833 epistola
1782 4749 1824 4812 acl
1846 4746 2043 4811 Ianuarium.
2058 4748 2082 4831 ¹)

191 4840 283 4916 parte
315 4856 377 4899 non
407 4839 442 4900 in
469 4843 563 4901 totum
590 4857 734 4902 accusare
762 4836 859 4900 audeo
886 4841 1015 4916 εειεεεε,
1043 4839 1117 4918 quin
1144 4842 1172 4903 ct
1309 4841 1380 4901 204.
1427 4837 1565 4918 Sequuta
1590 4841 1662 4901 sunt
1687 4835 1796 4900 deinde
1821 4833 1972 4898 deteriora
1991 4835 2141 4914 memora,
2168 4834 2197 4896 at

198 4923 426 5003 superstitionis
452 4923 604 5005 quaedam
632 4923 752 4988 seruiua
771 4922 910 5000 numni,
938 4927 967 4987 et
986 4924 1171 4988 mensionem
1223 4922 1266 4986 ad
1286 4927 1522 5004 praeposterum
1546 4924 1631 5005 oulqi
1662 4921 1799 4991 audium
1833 4918 1958 4982 accessit
1985 4918 2196 5000 episcoporum

191 5006 392 5086 praebuerint
413 5009 588 5091 tyrannidi,
614 5029 693 5091 quae
708 5013 816 5090 postca
836 5013 941 5072 exona
961 5015 1013 5074 est.
1060 5008 1171 5075 Oeam·
1222 5013 1288 5072 tum
1307 5009 1432 5073 inscitia
1460 5015 1488 5073 et
1514 5009 1652 5086 nuditas,
1680 5012 1745 5071 tum
1768 5004 1862 5069 libido
1884 5003 2082 5083 dominandi,
2105 5007 2131 5067 et
2152 5007 2199 5086 tp-

264 5209 736 5282 1)si1nplioitoromm.poc11543
753 5228 850 5266 omncs.
932 5212 1101 5280 2)1.ibr.2.
1128 5215 1169 5266 De

191 5278 314 5329 moribus
333 5279 447 5334 Manich.
466 5299 487 5335 o.
507 5282 540 5335 13
559 5294 587 5335 et
604 5284 664 5334 libr.
683 5280 724 5336 30.
744 5288 838 5334 eontra
855 5280 991 5335 Faustum
1291 5282 1320 5350 1)
1338 5284 1425 5352 Epist.
1445 5282 1495 5336 118
1511 5281 1578 5351 (04).
