4770 6030
157 346 219 407 777
790 335 1026 403 7177777.
1050 336 1143 421 (nr.)
1187 338 1250 402 77
1273 335 1520 404 71777777.
1717 309 1724 322 ’
2101 350 2163 412 777
2232 329 2239 343 ·

156 455 272 523 asin
292 454 405 521 134203
423 450 524 506 7477.

157 438 866 612 77777777777777777777,7777777177
893 532 1005 590 uester
1027 527 1134 591 Abra
1185 533 1437 608 quantacunque
1475 527 1680 592 contumacia
1719 547 1796 593 oum
1833 529 2002 612 evangelio
2040 531 2163 599 bellum

157 617 234 680 ham
262 616 298 678 in
325 613 495 696 praeputio
522 612 644 676 habuit
688 611 814 675 Annon
846 610 995 676 videmus
1028 609 1133 694 digni·
1185 632 1299 693 gerere
1316 613 1501 693 persistant,
1519 610 1592 676 ideo
1609 621 1722 676 777777
1737 613 1831 678 nobis
1849 622 1928 678 sunt
1949 615 2162 698 despiciendi;

157 710 224 766 tate
246 707 400 782 utrosque
422 697 618 780 adaequari?
663 696 751 760 Nam
771 695 813 760 ad
840 703 969 779 tempus
990 698 1055 762 Dei
1078 696 1133 762 77-
1185 698 1444 779 sireputamus,
1475 700 1510 763 77
1537 698 1762 780 promissionis
1784 700 1934 782 gratim,
1969 701 2034 766 Dei
2064 703 2162 770 bene·

156 794 245 860 creto
257 787 469 852 constitutum
486 791 580 866 pater
590 782 654 847 fuit
669 781 922 847 circumcisionis
928 806 937 861 ;
959 783 1016 847 ubi
1026 782 1133 847 dimto
1185 781 1359 848 dictionem
1391 785 1478 848 inter
1509 805 1564 849 eos
1596 784 1778 848 etiamnum
1805 784 1961 864 residere,
2005 795 2043 851 ut
2074 797 2162 855 certe

157 874 281 956 pariete
304 867 592 955 (quemadmodum
622 868 699 932 alibi
717 868 830 933 scribit
854 868 1017 949 apostolus
1046 868 1132 950 aph.
1183 889 1354 950 nunquam
1375 868 1451 933 7777
1473 891 1606 952 prorsus
1628 869 1854 935 abscessuram
1874 871 2038 953 apostolus
2061 880 2162 939 testa·

158 963 187 1036 2,
209 958 272 1041 14),
296 977 359 1039 quo
379 964 524 1039 gentesa
541 953 671 1019 Iudaeis
689 954 951 1032 secernebantur,
970 953 1034 1018 illis
1052 974 1131 1034 quo-
1184 961 1252 1018 tur:
1285 957 1438 1035 quoniam
1466 956 1537 1020 7777
1564 955 1765 1037 poenitentia
1794 963 1872 1020 sunt
1894 956 1980 1022 dona
2010 966 2044 1021 77
2066 980 2161 1026 7777-

156 1064 219 1126 que
244 1042 424 1124 patefactus
456 1040 564 1105 aditus
589 1040 654 1104 fuit
679 1039 713 1102 in
741 1059 881 1122 regnum
907 1039 988 1115 Dei,
1026 1040 1131 1104 factus
1183 1039 1228 1103 tio
1250 1040 1323 1103 Dei.

156 1138 207 1194 est
234 1129 366 1193 illarum
392 1135 494 1209 pater.
538 1125 642 1207 quue
675 1125 757 1190 citra
783 1124 1037 1189 circumcisionis
1064 1126 1131 1208 sig·
1270 1130 1320 1189 33.
1364 1126 1419 1190 En
1441 1127 1518 1207 quid
1539 1125 1657 1205 valeat,
1681 1132 1714 1190 77
1736 1147 1802 1207 qua
1823 1127 1916 1192 lance
1937 1129 2102 1194 metienda
2119 1132 2163 1196 sit

156 1237 251 1291 num,
286 1213 372 1296 quod
401 1213 597 1294 baptismum
624 1212 694 1276 7777
717 1209 970 1276 circumcisionis
998 1209 1128 1276 habent
1181 1212 1352 1293 promissio
1373 1211 1529 1277 Abrahae
1550 1212 1733 1294 posteritati
1751 1211 1836 1277 data
1880 1214 2034 1291 Proinde,
2057 1236 2161 1297 quan·

157 1299 254 1380 Quod
282 1307 392 1363 autem
418 1297 612 1363 nominatim
636 1295 807 1361 Abraham
832 1295 874 1359 iis
904 1315 975 1359 esse
1001 1303 1130 1379 patrem
1181 1317 1280 1379 quam
1301 1297 1338 1361 in
1359 1295 1580 1362 discernendis
1600 1298 1693 1380 regni
1721 1297 1916 1364 haeredibus
1944 1302 2106 1382 aspuriis
2128 1307 2163 1372 77

156 1393 268 1469 nogat,
301 1386 358 1466 qui
380 1390 458 1448 sunt
479 1406 521 1447 ex
547 1382 791 1448 circumcisione
812 1387 955 1458 tantum,
989 1380 1023 1445 id
1044 1383 1129 1463 posi-
1181 1383 1348 1448 extraneis
1367 1405 1469 1448 unam
1488 1383 1766 1464 persuasionem
1787 1383 1889 1450 177777
1909 1385 1980 1448 iure
1998 1384 2157 1451 dominari

74 1473 89 1500 ‘
156 1479 227 1535 tum
255 1477 305 1535 est
332 1470 373 1534 ad
401 1467 641 1542 retrmdendum
674 1465 879 1549 quonmdam
911 1466 1128 1548 supercilium,
1182 1467 1267 1533 nihil
1288 1467 1484 1547 dubitamus,
1506 1468 1604 1533 simul
1625 1476 1736 1533 temen
1764 1470 1978 1551 perspicimus
1997 1470 2159 1553 placuisse

155 1558 211 1638 qui
233 1557 353 1622 omissa
374 1555 503 1638 pietatis
526 1575 605 1619 cura
626 1552 703 1618 solis
724 1551 937 1616 caeremoniis
959 1572 994 1617 se
1016 1551 1129 1617 77777-
1180 1553 1338 1632 Domino,
1371 1576 1482 1620 semen
1510 1554 1664 1619 Abrahae
1696 1554 1905 1637 peculiariter
1935 1555 2158 1622 misericordie

156 1644 279 1708 tabant
314 1639 465 1721 Qualiter
486 1639 643 1720 hodieque
666 1638 801 1702 77777777
823 1637 925 1721 possit
940 1658 1053 1702 eorum
1071 1660 1129 1704 va·
1181 1647 1241 1703 777
1261 1640 1440 1722 complecti,
1465 1661 1512 1718 77,
1535 1661 1598 1722 quo
1620 1640 1769 1705 testatior
1791 1640 1987 1719 haberetur,
2017 1643 2157 1709 circum-

156 1730 252 1806 nitas,
276 1729 331 1809 qui
346 1728 382 1791 in
400 1728 560 1809 baptismo
576 1724 661 1788 nihil
677 1731 807 1806 praeter
824 1744 943 1805 aquam
957 1731 1129 1805 quaerunt
1181 1724 1300 1792 cisione
1327 1726 1507 1808 obsignare.
1559 1726 1663 1791 Porro
1690 1724 1804 1790 eadem
1831 1727 1963 1792 omnino
1992 1736 2043 1792 777
2068 1728 2155 1793 chri-

243 1816 292 1876 32.
338 1810 405 1877 Sed
427 1812 510 1876 alter
531 1809 667 1893 apostoli
688 1809 777 1875 locus
804 1831 846 1873 ex
873 1809 965 1891 epist
984 1809 1079 1874 Rom.
1099 1815 1128 1886 9,
1182 1811 1308 1876 7777777
1329 1811 1472 1876 nationis
1492 1811 1585 1876 ratio.
1629 1811 1717 1875 Nam
1738 1817 1776 1876 ut
1797 1811 1864 1877 illic
1889 1813 2014 1878 Paulus
2036 1815 2156 1879 sancti-

158 1904 185 1963 7.
210 1907 323 1964 contra
344 1899 533 1980 proferetur,
552 1896 609 1960 ubi
626 1917 680 1960 eos
697 1896 753 1978 qui
775 1916 817 1959 ex
834 1915 932 1959 carne
955 1901 1040 1973 sunt,
1062 1916 1130 1959 777
1182 1896 1274 1961 ficari
1300 1918 1320 1961 a
1346 1897 1537 1978 parentibus
1561 1897 1628 1961 suis
1650 1895 1789 1962 Iudaeos
1812 1896 1970 1979 disputat,
2004 1899 2050 1962 ita
2078 1898 2155 1963 alibi
2237 1929 2244 1953 ι

157 2007 227 2049 7777
250 1984 404 2049 Abrahae
431 1983 514 2048 filios
535 1982 641 2060 docet;
671 1981 728 2046 sed
756 2002 810 2045 eos
835 1978 930 2044 modo
950 1981 985 2043 in
1007 1981 1130 2046 semine
1182 1979 1289 2061 docet,
1319 1981 1458 2048 eandem
1483 2004 1503 2047 7
1530 1983 1720 2064 parentibus
1746 1984 2034 2049 sanctificationem
2057 1982 2156 2049 Chri-

157 2070 296 2146 censeri,
325 2071 380 2150 qui
408 2077 485 2135 sunt
508 2069 568 2133 filii
595 2067 826 2149 promissionis.
870 2065 1015 2130 Innuere
1036 2087 1129 2131 nam·
1181 2067 1917 2152 77777777771777777777777(1(177.7,14).
1951 2068 2048 2134 Unde
2066 2069 2155 2134 eolli-

156 2178 219 2239 que
240 2155 378 2233 videtur,
400 2154 483 2219 nihil
505 2176 575 2219 osse
597 2153 762 2218 carnalem
783 2150 938 2216 Abrahae
963 2153 1129 2234 cognatio·
1181 2153 1286 2236 gitur,
1318 2154 1358 2219 ab
1387 2153 1459 2219 aliis
1487 2155 1603 2218 merito
1629 2155 1796 2237 segregari
1822 2156 1879 2236 qui
1912 2155 2109 2236 impuritatis
2137 2178 2156 2221 e

157 2262 248 2318 nem,
282 2262 379 2322 qnam
402 2262 461 2304 nos
493 2240 599 2321 aliquo
629 2238 735 2321 gradu
760 2238 921 2320 ponimus.
966 2238 1013 2301 At
1040 2240 1129 2302 enim
1181 2260 1337 2306 converso
1375 2239 1582 2304 damnantur.
1637 2239 1711 2303 Iam
1748 2241 1820 2320 quis
1859 2241 2024 2324 ambigere
2056 2242 2158 2322 possit

156 2325 343 2410 diligentius
366 2324 691 2390 animadvertendum
713 2330 771 2400 est,
794 2344 891 2404 quam
912 2321 979 2387 illic
997 2345 1129 2388 causam
1181 2326 1260 2407 quin
1287 2326 1498 2391 falsissimum
1525 2325 1569 2390 sit
1598 2323 1684 2406 quod
1712 2323 1829 2390 deinde
1851 2325 2069 2390 subnectunt?
2101 2329 2156 2408 qui

157 2420 276 2478 tractet
308 2412 480 2496 apostolus.
529 2411 616 2474 Nam
648 2409 779 2473 Iudaeis
808 2415 998 2472 ostensurus
1030 2430 1128 2491 quam
1179 2411 1258 2474 olim
1275 2412 1417 2476 infantes
1444 2410 1772 2488 circumcidebantur,
1800 2432 1854 2476 ees
1880 2412 2052 2475 infantiam
2073 2411 2156 2476 dun-

156 2520 223 2562 777
245 2508 330 2563 77777
352 2498 487 2580 alligata
507 2497 624 2561 semini
646 2494 800 2559 Abrahae
817 2494 882 2558 Dei
904 2494 1040 2573 7777777,
1062 2496 1128 2559 imo
1180 2502 1274 2561 taxat
1294 2496 1498 2579 spiritualem
1519 2498 1686 2580 figurasse,
1709 2517 1792 2579 quae
1812 2518 1854 2561 ex
1871 2496 1963 2560 verbi
1980 2496 2045 2560 Dei
2063 2519 2155 2580 rege-

156 2605 254 2666 quam
276 2584 359 2649 nihil
382 2605 441 2665 per
461 2604 496 2647 se
517 2582 677 2657 conferat,
706 2581 776 2645 eius
798 2581 846 2643 rei
868 2580 1060 2644 documento
1078 2581 1128 2645 Is·
1180 2583 1349 2647 777777777
1370 2583 1516 2665 emergit.
1561 2582 1675 2664 Neque
1703 2583 1792 2646 enim
1822 2588 1891 2645 tam
1913 2589 2027 2664 argute
2049 2582 2155 2663 philo·

74 2746 78 2754 ¹
155 2670 294 2734 moelem
316 2678 353 2734 77
369 2671 461 2734 Ε777
481 2669 618 2750 profert;
639 2667 756 2748 quibus
777 2666 919 2742 reiectis,
947 2686 1014 2728 777
1036 2687 1128 2731 secus
1181 2669 1339 2750 sophatur
1375 2669 1555 2751 apostolus,
1601 2668 1658 2732 ubi
1697 2667 1868 2733 Christum
1903 2667 2156 2733 circumcisionis

156 2775 193 2820 ae
223 2757 251 2820 77
277 2756 425 2820 extranei
451 2755 604 2831 fuissent,
638 2753 768 2816 tametsi
796 2749 975 2817 seeundum
996 2773 1128 2816 carnem
1180 2754 1369 2819 ministrum
1396 2775 1467 2819 esse
1496 2754 1608 2837 scribit
1629 2752 1738 2836 (Rom
1762 2758 1809 2831 15,
1829 2754 1879 2836 8),
1909 2751 1951 2818 77
1972 2752 2155 2834 implendas

154 2862 310 2923 germana
332 2849 426 2904 erant
443 2839 597 2904 Abrahae
614 2838 795 2921 progenies,
816 2839 851 2901 in
868 2836 962 2901 Isaac
980 2843 1014 2900 77
1030 2838 1128 2903 Iacob
1180 2860 1263 2922 quas
1284 2840 1433 2922 patribus
1455 2839 1560 2905 editae
1581 2840 1713 2918 7777777
1733 2839 1976 2921 promissiones;
2010 2858 2047 2902 77
2069 2838 2156 2902 siin

154 2926 276 2990 residet
296 2926 485 2991 benedictio.
530 2925 627 2990 Unde
656 2924 824 2988 conficitur
850 2922 885 2985 id
907 2922 992 3004 quod
1016 2931 1129 3005 postea
1180 2925 1269 2990 hunc
1291 2925 1425 2991 modum
1445 2926 1644 3008 loqueretur:
1668 2924 1929 3008 quandoquidem
1950 2923 2062 2987 foedus
2081 2944 2157 2988 oum
2284 2967 2289 2979 ι

154 3012 311 3089 affirmat,
350 3012 492 3093 pendere
525 3011 663 3074 salntem
686 3032 706 3073 7
726 3009 861 3073 Domini
897 3008 1127 3088 misericordia,
1181 3011 1372 3075 Abrahamo
1393 3033 1582 3093 percussum
1604 3010 1645 3074 77
1667 3031 1779 3075 semen
1801 3011 1870 3075 eius
1892 3009 2033 3092 respicit,
2058 3008 2155 3073 (11777-

155 3117 219 3177 qua
251 3107 465 3179 prosequatur
497 3119 594 3180 quem
626 3097 676 3159 illi
707 3097 814 3160 visum
844 3094 957 3171 fuerit;
996 3115 1129 3160 causam
1181 3104 1270 3160 stum
1295 3104 1333 3160 ut
1360 3097 1460 3161 fidem
1489 3103 1623 3179 epatre
1650 3096 1750 3161 semel
1779 3096 1890 3161 datam
1916 3102 2098 3177 praestaret
2119 3117 2156 3161 ac

155 3213 221 3253 vero
248 3203 314 3245 non
343 3204 413 3247 7777
437 3204 495 3247 cur
520 3182 635 3247 Iudaei
657 3180 795 3246 foederis
812 3180 953 3243 nomine
975 3180 1036 3244 sibi
1057 3180 1128 3263 pla-
1181 3182 1335 3259 solveret,
1364 3183 1399 3246 in
1426 3183 1564 3247 salutem
1593 3181 1763 3248 advenisse
1785 3182 1875 3265 genti
1895 3180 2050 3245 77777777.
2096 3180 2157 3245 Vi·
2220 3217 2221 3220 =

155 3276 249 3334 ceant
273 3275 329 3332 aut
352 3268 539 3350 glorientur,
562 3269 626 3333 nisi
647 3268 784 3336 foederis
805 3266 912 3348 legem
930 3274 1071 3345 servent,
1094 3266 1129 3330 id
1182 3268 1280 3333 77777
1308 3276 1353 3347 77,
1382 3276 1456 3351 post
1481 3267 1605 3333 Christi
1628 3269 1899 3334 resurrectionem
1920 3287 2060 3348 quoque,
2081 3288 2157 3349 pro·

155 3365 213 3432 est,
236 3354 335 3418 verbo
357 3353 517 3418 obediant.
563 3355 709 3418 Rursum
737 3352 792 3416 ubi
820 3373 907 3415 7777
927 3353 1055 3433 generis
1078 3353 1129 3416 sui
1181 3355 1368 3419 missionem
1394 3354 1532 3419 foederis
1558 3375 1625 3418 777
1653 3353 1825 3436 allegorice
1846 3359 1991 3428 tanturn,
2019 3351 2091 3429 sed,
2120 3359 2157 3416 ut

155 3439 352 3506 confidentia
372 3439 445 3502 illos
468 3438 596 3517 deiecit,
618 3440 694 3521 quia
716 3446 826 3502 tamen
848 3437 952 3501 altera
973 3459 1015 3502 ex
1036 3444 1129 3520 parte
1182 3440 1283 3506 verba
1310 3446 1443 3519 sonant,
1475 3439 1599 3505 carnali
1623 3439 1779 3505 Abrahae
1806 3438 1922 3503 semini
1955 3436 2157 3519 implendam

155 3525 308 3591 comebat
328 3524 457 3602 foedus,
487 3525 573 3606 quod
596 3524 696 3589 semel
718 3546 792 3589 cum
813 3523 970 3588 Abrahae
992 3524 1129 3605 posteri-
1182 3524 1333 3590 censeat?
1378 3527 1505 3591 Eodem
1523 3526 1666 3608 pertinet
1693 3524 1782 3606 quod
1799 3525 1919 3590 Petrus
1941 3522 2029 3606 (Act.
2050 3527 2079 3601 2,
2099 3522 2156 3606 39)

155 3619 221 3676 tate
243 3612 362 3675 initum
383 3611 490 3674 fuerat
512 3632 532 3674 a
552 3612 639 3687 Deo,
667 3611 797 3674 irritum
828 3608 918 3673 77117
940 3609 1037 3673 modo
1057 3611 1129 3674 fieri
1181 3610 1313 3677 Iudaeis
1344 3611 1530 3689 denuntiat,
1564 3612 1629 3676 illis
1656 3633 1694 3677 ac
1720 3610 1837 3674 semini
1862 3630 1983 3685 cerum,
2016 3607 2156 3673 foederis

153 3720 262 3779 posse;
291 3718 359 3778 cap.
385 3700 434 3759 11.
457 3696 620 3760 carnalem
641 3695 795 3761 Abrahae
821 3696 1048 3777 cognationem
1063 3717 1130 3760 nou
1181 3698 1268 3774 iure,
1302 3698 1464 3780 evangelii
1490 3698 1684 3763 beneficium
1713 3695 1837 3774 deberi;
1871 3716 1908 3759 ac
1935 3694 2083 3776 proxime
2105 3715 2156 3758 se·
2190 3696 2191 3703 ’

154 3805 224 3848 esse
248 3805 307 3847 sua
333 3781 493 3865 dignitate
515 3781 717 3864 spoliandam
745 3780 890 3859 disserit,
917 3782 1009 3845 ouius
1031 3779 1129 3846 7777-
1181 3783 1295 3864 quenti
1315 3785 1420 3866 capite
1442 3783 1487 3868 (3,
1507 3783 1563 3867 25)
1591 3804 1646 3848 eos
1671 3781 1859 3848 testamenti
1879 3780 1979 3858 filios,
2012 3780 2075 3844 hoc
2096 3787 2155 3857 est,

153 3871 226 3934 ficio
249 3869 388 3933 Iudaeos
410 3867 504 3933 docet
524 3869 646 3950 primos
669 3890 706 3932 ac
729 3868 857 3932 7777777
879 3888 950 3932 esse
967 3867 1129 3951 evangelii
1182 3868 1339 3934 haeredes
1361 3876 1538 3951 nuncupat
1571 3869 1604 3932 A
1624 3889 1687 3950 quo
1708 3868 1808 3932 etiam
1829 3887 1896 3930 non
1917 3865 2013 3949 longe
2031 3865 2157 3930 abludit

155 3955 325 4032 haeredes,
356 3955 421 4017 nisi
442 3961 602 4036 quatenus
631 3975 691 4018 sua
717 3951 968 4035 ingratitudine,
996 3974 1055 4018 eeu
1077 3953 1129 4017 77-
1182 3955 1266 4019 71777
1287 3955 1424 4037 apostoli
1451 3976 1551 4037 supra
1578 3955 1698 4020 citatus
1719 3952 1809 4018 locus
1831 3951 1931 4034 (Ilph.
1952 3956 1981 4030 2,
2004 3949 2072 4033 11),
2102 3951 2157 4015 777
2255 4018 2265 4040 ,

155 4041 256 4122 digni,
280 4039 420 4105 abdicati
441 4041 581 4103 fuerunt.
627 4037 683 4103 Sic
705 4046 825 4115 777777,
853 4047 890 4101 77
910 4059 977 4102 777
997 4039 1129 4121 penitus
1182 4041 1374 4122 impressam
1395 4040 1576 4105 infantibus
1597 4039 1875 4106 circumcisionem
1897 4058 1956 4119 pro
1974 4037 2159 4102 testimonio

155 4127 195 4189 ab
216 4147 328 4189 eorum
350 4139 446 4208 gente
463 4125 598 4190 Domini
616 4124 798 4190 benedictio
816 4122 1016 4207 demigrarit.
1054 4123 1130 4203 Qua
1183 4145 1240 4197 eius
1259 4159 1340 4212 quom
1378 4148 1453 4191 oum
1487 4124 1620 4191 Christo
1654 4141 1757 4194 habent
1794 4123 2031 4189 communionis
2069 4122 2160 4186 ducit

155 4212 280 4275 ratione
311 4210 384 4274 illos
416 4211 594 4292 quamlibet
627 4217 833 4276 contumaces
866 4232 903 4276 ao
925 4209 1128 4292 foedifragos,
1182 4220 1215 4278 et
1236 4212 1335 4294 ponit
1379 4213 1425 4276 Et
1452 4233 1545 4289 7777,
1580 4213 1608 4276 77
1629 4232 1742 4275 eorum
1770 4210 1905 4275 naenias
1927 4208 2157 4285 auscultamus,

155 4303 283 4361 sanctos
306 4295 517 4362 nihilominus
547 4297 698 4379 appellat.
743 4296 887 4360 Tantum
913 4296 1046 4360 honoris
1073 4294 1129 4361 77-
1182 4297 1260 4380 quid
1281 4298 1329 4360 illi
1350 4298 1556 4380 promissioni
1577 4299 1648 4374 fiet,
1678 4317 1743 4378 qua
1769 4295 1931 4360 Dominus
1959 4290 2158 4358 insecundo

155 4384 218 4446 fert
240 4389 372 4446 sanotae
394 4383 611 4465 generationi,
635 4403 734 4464 quam
755 4382 847 4446 Deus
869 4403 961 4447 smro
983 4382 1129 4447 7777177-
1182 4385 1265 4467 legis
1288 4404 1365 4449 suae
1388 4385 1508 4467 eapite,
1542 4383 1647 4449 777777
1675 4382 1743 4447 suis
1770 4382 1887 4463 recipit
1911 4402 1945 4445 se
1973 4399 2085 4444 eorum
2108 4398 2158 4442 77-

155 4468 232 4532 7777
254 4467 406 4549 dignatus
433 4468 547 4533 fuerat.
592 4469 661 4533 Nos
682 4487 774 4544 7777,
803 4469 830 4531 77
858 4489 933 4532 cum
960 4467 1024 4533 illis
1042 4488 1129 4534 com·
1183 4471 1264 4536 7777
1285 4470 1461 4551 propitium
1481 4470 1550 4534 fore
1572 4470 1607 4534 in
1629 4467 1836 4535 millesimam
1858 4487 1959 4548 usque
1976 4463 2159 4547 generatio·

155 4575 330 4635 ponamur,
373 4552 464 4617 77177
501 4554 706 4636 posthumos,
742 4559 799 4617 aut
835 4554 935 4617 etiam
966 4553 1130 4619 abortivos
1182 4555 1281 4622 nem?
1300 4555 1427 4622 lficcine
1445 4555 1677 4639 adallegorias
1694 4549 1939 4635 confugiemus?
1963 4550 2010 4613 At
2020 4548 2159 4612 nimium

155 4639 309 4703 Abrahae
329 4638 430 4716 filies;
453 4637 549 4721 idque
567 4639 747 4722 adoptione,
765 4660 831 4702 nen
851 4647 977 4703 natura
1007 4637 1130 4719 Quem·
1183 4643 1356 4725 nugatoria
1376 4642 1475 4706 fuerit
1493 4640 1728 4724 tergiversatio.
1773 4640 1828 4703 An
1849 4636 1882 4701 id
1911 4634 2055 4700 dicemus
2082 4634 2159 4698 777-

156 4724 331 4789 admodum
359 4725 392 4788 si
425 4724 588 4790 defractus
621 4748 641 4790 7
673 4745 732 4789 777
764 4725 879 4790 arbore
911 4724 1062 4789 surculus
1093 4726 1130 4789 77
1182 4726 1299 4793 litum?
1355 4727 1481 4793 Verum
1519 4729 1566 4792 ita
1600 4727 1655 4792 lex
1690 4725 1916 4805 dissiparetur,
1961 4722 2015 4786 cui
2052 4719 2159 4802 potius

156 4811 300 4875 alienum
322 4811 466 4892 stipitem
485 4812 659 4876 inseratur.
703 4811 794 4893 Ergo
816 4832 876 4875 sua
903 4812 1131 4894 praerogativa
1183 4812 1394 4879 stabiliendae
1416 4813 1569 4879 Christus
1595 4813 1700 4888 77777,
1733 4816 1892 4891 quatenus
1918 4807 1953 4871 in
1975 4807 2098 4870 bonum
2118 4803 2159 4868 ad

156 4917 197 4960 ne
218 4897 458 4974 fraudarentur,
480 4896 687 4980 evangelium
706 4896 772 4959 illis
793 4897 899 4978 primo
916 4896 985 4961 1777
1003 4917 1131 4962 annun-
1183 4900 1286 4964 vitam
1307 4900 1401 4964 nobis
1418 4898 1516 4965 'cedit
1561 4896 1615 4962 Sit
1641 4898 1750 4976 itaque
1778 4901 1872 4958 extra
1894 4891 2157 4968 controversiam,

156 4981 231 5045 tiari
264 4982 415 5064 oportuit.
472 4981 559 5047 Sunt
598 4983 687 5047 enim
719 4983 754 5046 in
785 4982 851 5047 Dei
884 4983 1009 5048 familia
1040 4983 1131 5048 77177
1182 4985 1362 5050 Dominum
1391 4986 1458 5051 suis
1485 4984 1565 5049 adeo
1591 4983 1712 5047 bonum
1739 5000 1810 5045 esse
1838 4999 1876 5043 77
1898 4978 2093 5061 benignum,
2123 4982 2161 5040 ut

155 5067 371 5149 primogeniti.
417 5066 528 5148 Quare
550 5069 603 5133 hic
625 5069 728 5132 honor
750 5067 943 5133 deferendus
970 5068 1036 5134 illis
1060 5069 1129 5147 fuit,
1183 5071 1219 5135 in
1240 5091 1353 5135 eorum
1380 5071 1521 5154 gratiam
1546 5068 1665 5133 liberes
1691 5066 1805 5142 etiam,
1839 5084 1920 5146 quos
1948 5062 2159 5146 procrearint,

157 5152 258 5217 77777
280 5153 425 5217 oblatum
446 5155 640 5233 7777777777,
664 5161 697 5218 77
719 5175 777 5218 777
798 5154 1035 5238 ingratitudine
1054 5154 1131 5219 effe·
1183 5155 1301 5238 populo
1323 5177 1381 5221 suo
1404 5156 1565 5223 accenseri
1588 5152 1677 5217 77177.

155 5247 273 5302 cerunt
310 5248 348 5301 ut
387 5239 429 5303 ad
466 5248 579 5324 gentes
617 5239 852 5306 traduceretur.
907 5240 1021 5324 Neque
1053 5261 1131 5306 7777
1271 5245 1321 5306 34.
1367 5240 1461 5323 Quae
1488 5250 1657 5324 praeterea
1685 5238 1772 5303 inter
1806 5236 2004 5319 baptismum
2032 5255 2070 5300 ac
2098 5234 2161 5301 cir·

226 5336 340 5394 0717777·
348 5357 441 5410 opera
478 5341 536 5396 Vol.
553 5341 579 5396 1.
1924 5335 1958 5391 ⁶2
