4770 6030
153 343 254 417 ,555
698 337 795 401 aas.
819 336 917 400 xm.
983 335 1047 399 Dr.
1070 312 1435 402 inflammamus
1454 336 1679 403 5555555515,
2127 346 2190 407 sse

75 478 80 487 ·
191 454 302 522 ssia,
321 451 423 505 oses.

192 529 326 594 Domini
347 437 602 592 administranda
622 524 686 605 fnit
706 525 761 588 sub
783 524 931 604 apostolis
951 544 1067 606 unoquo
1089 524 1163 587 sim
1214 530 1334 589 mutum
1354 525 1487 589 abusum
1503 525 1677 606 prolapsas
1699 546 1776 603 esse,
1806 525 1888 590 nibil
1908 527 2006 591 obstat
2026 532 2192 610 quominus

186 616 324 696 plicatas.
343 653 345 657 «
372 612 519 676 Pronimi
545 630 732 673 successores
759 612 801 673 ad
828 610 1003 674 orrrarrdam
1023 609 1164 690 mysterii
1214 603 1282 674 s'ine
1299 610 1367 674 edla
1384 611 1452 674 eius
1469 611 1653 674 cmrtromelia
1670 612 1868 695 abroqemus;
1890 613 2014 693 qna-udo
2031 637 2192 699 numnam

192 701 374 782 diqnitatem
397 697 519 777 aliquid
541 696 731 760 addiderunt
756 696 837 775 qnod
863 716 925 759 uon
951 700 1027 758 esset
1048 696 1164 774 inquo
1214 697 1261 760 ita
1292 701 1365 759 siut
1402 697 1643 775 commendatae,
1682 703 1716 762 ut
1741 703 1893 777 perpetuo
1926 700 2094 765 immobiles
2127 705 2212 768 esse'

192 785 336 851 bandum.
383 783 445 847 Sed
465 787 573 861 postea
601 787 841 861 superuenerunt
868 781 955 844 stulti
983 781 1033 844 illi
1061 781 1164 844 imita
1214 786 1358 861 oporteat.
2199 778 2204 792 '

191 876 279 950 tores,
302 871 357 951 qui
379 869 471 933 ouria
489 867 629 946 frentula
646 867 774 930 subinde
790 867 960 930 omiserendo
976 866 1056 929 leuno
1075 885 1165 946 quom
1303 871 1351 930 23.
1405 866 1428 950 ¹)
1438 867 1503 931 Nec
1524 888 1708 950 maqnopcre
1729 889 1780 933 eos
1802 870 1902 948 irruat,
1930 872 2011 951 qnod
2038 873 2087 937 ad
2102 893 2192 937 encu-

192 959 227 1021 in
248 958 348 1020 missa
370 955 509 1019 uidemus
526 952 695 1016 sacerdotis
712 953 860 1029 uestitum,
883 952 957 1015 baec
979 952 1094 1015 altaris
1117 972 1165 1015 or·
1215 953 1350 1017 sandaur
1387 974 1480 1016 snam
1518 954 1717 1034 tyrannidem
1749 960 1940 1034 praetexunt
1983 958 2192 1036 apostolorum

192 1048 352 1119 numento,
374 1040 433 1104 lias
451 1039 697 1118 posticulotiones
717 1042 745 1101 ct
764 1042 858 1102 totum
877 1058 983 1100 rerum
1004 1037 1165 1100 inutilium
1215 1039 1396 1120 eneniplum.
1441 1038 1593 1118 Apostoli,
1617 1041 1777 1120 inquiunt,
1800 1046 1827 1104 et
1846 1043 1983 1105 seniores
1998 1044 2125 1123 primae
2148 1065 2193 1109 ec-

192 1128 408 1208 supellectilem
446 1125 533 1188 realis
571 1129 810 1202 cmnposuerunt.
871 1122 971 1202 Atqui
1009 1122 1163 1200 obiiciunt,
1216 1124 1335 1203 clesiae,
1357 1125 1510 1189 decretum
1525 1129 1653 1205 praeter
1667 1124 1786 1190 Olrristi
1807 1128 1991 1191 ruenda-tum
2008 1137 2190 1207 sonnerunt,

190 1215 291 1296 fuisse
320 1213 400 1276 lianc
426 1211 500 1274 olim
515 1209 760 1288 persuasionem,
783 1230 862 1288 qrure
888 1209 923 1270 in
951 1208 1076 1272 ecclesia
1095 1208 1165 1271 uni
1216 1230 1274 1291 quo
1296 1211 1534 1290 praecipiebant
1558 1211 1699 1293 pertibus
1723 1212 1877 1290 miltiibus,
1913 1233 1945 1276 se
1974 1214 2127 1278 abstinere
2153 1217 2191 1280 ab

192 1321 282 1364 oersa
299 1319 360 1361 runo
382 1317 529 1362 conscrisu
543 1294 659 1373 fierent,
679 1295 718 1359 ab
735 1295 817 1375 ipsis
833 1294 980 1372 apostolis
995 1294 1163 1373 prodiisse.
1215 1294 1398 1376 idolotlffls
1420 1296 1567 1376 suffocato
1587 1301 1615 1359 et
1636 1299 1790 1379 sanquine
1812 1296 1899 1381 (Aet.
1924 1303 1970 1377 15,
1991 1298 2056 1382 20).
2099 1299 2140 1364 Id
2162 1304 2192 1365 si

196 1386 282 1465 §trad
303 1386 397 1447 etiam
418 1381 619 1464 Anqustinus
640 1381 753 1443 scribit.
768 1382 791 1463 ¹)
836 1378 905 1462 Epo
933 1400 1004 1443 oero
1022 1399 1084 1443 non
1105 1379 1164 1443 ali
1216 1381 1282 1444 illis
1303 1381 1404 1461 licuit,
1445 1402 1502 1445 cur
1523 1401 1585 1445 non
1605 1387 1633 1445 et
1653 1383 1893 1462 successoribus,
1928 1386 2046 1465 quoties
2072 1387 2119 1449 ita
2141 1407 2192 1450 res

192 1472 287 1547 irride,
317 1489 411 1548 quom
444 1488 483 1530 ea
509 1466 613 1545 ipsius
634 1465 809 1547 A-rrqustiui
841 1465 956 1540 oerbis,
984 1465 1164 1529 solutionem
1210 1467 1357 1546 postulat,
1379 1468 1461 1532 meur
1483 1467 1606 1531 imitari
1628 1468 1743 1533 licem?
1783 1468 1910 1534 Utinam
1932 1490 2003 1535 oero
2024 1490 2094 1533 cum
2115 1491 2192 1535 senr-

192 1557 331 1637 afferam.
365 1554 450 1633 Quae
467 1557 534 1628 toto,
552 1552 661 1630 linqunt,
670 1551 698 1633 ²)
720 1557 878 1615 terrorum
899 1551 968 1615 orbe
989 1556 1164 1628 seruantur,
1210 1572 1272 1632 per
1293 1552 1387 1633 alias,
1409 1559 1475 1617 tum
1493 1553 1529 1616 iu
1549 1553 1608 1617 boc
1630 1573 1663 1617 re
1685 1574 1735 1618 eos
1757 1555 1964 1620 imitarentur.
1996 1555 2083 1620 Nam
2096 1554 2192 1641 (quod

192 1642 238 1705 uel
256 1642 295 1705 ab
312 1640 393 1719 ipsis
410 1637 566 1717 apostolis,
589 1637 635 1700 oet
652 1637 793 1701 corniliis
807 1635 1012 1718 qeneralibus,
1034 1656 1165 1716 quorum
1216 1637 1326 1703 valida
1346 1640 1468 1704 ratione
1488 1638 1673 1719 coinfirmare
1690 1645 1870 1720 promptum
1892 1640 1950 1723 est)
1967 1641 2119 1721 apostolos
2139 1664 2192 1707 no·

192 1731 236 1790 est
262 1725 470 1790 saluberrimo
493 1725 528 1787 iu-
555 1722 681 1786 ecclesia
703 1724 870 1801 autoritas,
896 1727 1012 1786 statuta
1033 1742 1098 1786 esse
1118 1723 1165 1785 im
1216 1743 1288 1788 oum
1320 1725 1386 1789 illic
1418 1723 1589 1805 quidquam
1616 1726 1788 1789 instituisse
1821 1731 1876 1790 alet
1904 1727 2073 1791 decrevisse
2106 1747 2190 1810 nepo.

190 1812 324 1894 telliqere
351 1810 436 1888 licet,·
464 1809 557 1874 sicuti
585 1809 665 1888 quod
694 1808 826 1872 Domini
849 1807 976 1888 passio,
1007 1813 1035 1872 et
1061 1827 1165 1871 resm-
1218 1807 1379 1890 Siquidem
1407 1830 1502 1890 quum
1529 1810 1564 1873 in
1590 1830 1623 1873 eo
1646 1811 1773 1875 cornilio
1805 1809 1919 1875 Petrus
1944 1814 2060 1876 mutari
2086 1812 2191 1877 Derim

192 1899 284 1963 rectio
298 1902 327 1961 et
342 1899 378 1960 in
395 1895 509 1959 coelem
524 1895 671 1967 ascensio,
694 1899 722 1957 et
738 1895 888 1958 advertus
903 1894 1037 1972 spiritns
1054 1895 1164 1970 sancti,
1209 1897 1400 1975 manuntiet,
1417 1897 1447 1959 si
1464 1896 1572 1977 iuqum
1588 1897 1761 1975 imponitur
1777 1897 1945 1961 cervicibus
1954 1898 2190 1977 discipulorum,
2278 1920 2282 1929 ·

193 1982 416 2048 aninuersaria
438 1981 616 2045 solennitate
637 1979 839 2056 celebrantur,
874 1981 957 2043 etsi
976 1980 1053 2060 quid
1074 1979 1164 2044 aliud
1215 2000 1307 2045 suam
1328 1982 1397 2061 ipse
1416 1981 1599 2046 sententiam
1625 1983 1785 2060 subuertit,
1821 1983 1852 2046 si
1880 1983 1989 2066 iaqum
2004 1989 2115 2063 postea
2132 1984 2192 2048 ali-

192 2071 252 2134 tale
275 2068 441 2134 occurrerit
462 2067 542 2146 quod
564 2070 706 2130 seruatur
732 2065 771 2129 ab
792 2066 955 2142 coniicerm,
984 2083 1165 2146 quacunque
1215 2067 1296 2148 quod
1316 2068 1463 2131 conscidit
1484 2067 1610 2146 imponi.
1655 2067 1835 2148 Imponitnr
1856 2073 1972 2147 autem,
2001 2071 2032 2132 si
2053 2089 2113 2132 suo
2135 2090 2191 2133 au-

193 2177 225 2219 se
263 2154 411 2235 diffundit
449 2152 582 2216 ecclesia.
640 2151 741 2231 Quum
761 2156 842 2215 ‚tam
872 2169 981 2230 pauca
1013 2154 1166 2215 enumeret
1215 2153 1337 2216 toritate
1363 2153 1528 2217 decernant
1556 2153 1705 2231 apostoli,
1722 2152 1950 2232 prohibendum
1969 2155 2124 2237 pentibus,
2152 2172 2191 2218 ue

192 2240 342 2320 euempla,
365 2240 436 2319 quis
456 2258 517 2300 uon
537 2239 641 2301 videat
661 2255 730 2300 cnut
752 2238 795 2301 od
813 2241 935 2300 ardores
954 2234 1016 2315 fide
1035 2241 1063 2300 et
1083 2256 1165 2300 reoc-
1215 2237 1391 2318 idolotlmta,
1413 2239 1598 2321 sanquinem
1619 2243 1647 2302 et
1666 2237 1849 2319 suffocatum
1875 2240 2037 2323 attinqant.
2082 2239 2193 2306 Manet

192 2327 295 2390 rentia
323 2324 434 2406 dipnos
459 2323 576 2404 referre
603 2322 737 2388 uoluisse
762 2324 898 2386 usitatos
922 2326 993 2385 tunc
1024 2321 1165 2386 observa
1215 2323 1341 2405 quidem
1368 2323 1469 2389 adlice
1494 2323 1677 2404 scrupulus,
1699 2324 1780 2405 quod
1801 2323 2006 2389 nibilominus
2027 2325 2192 2392 rideantur

192 2413 297 2488 timus,
320 2410 446 2474 nonnisi
467 2410 623 2489 simplices
640 2408 715 2471 illas
736 2413 763 2472 et
784 2428 881 2471 raras
900 2412 928 2470 et
944 2408 1074 2485 sobrias,
1096 2408 1164 2487 qui-
1209 2408 1382 2490 proliibere.
1426 2409 1527 2489 Atqui
1545 2409 1640 2490 facilc
1661 2408 1861 2488 dissolvetur,
1894 2410 1924 2472 si
1955 2411 2026 2490 quis
2052 2413 2192 2491 propius

193 2499 249 2561 bus
275 2495 417 2560 eeclesiae
444 2495 584 2559 ordinem
610 2495 759 2558 contineri
785 2493 860 2557 utile
887 2493 955 2556 est?
1008 2494 1165 2574 Quantum
1215 2495 1328 2561 decreti
1359 2496 1463 2576 ipsius
1495 2515 1620 2559 serrsum
1651 2494 1897 2560 animaduertat:
1928 2496 2019 2559 cuiuis
2045 2498 2191 2576 primum

193 2588 295 2648 autem
315 2582 369 2645 boc
390 2581 429 2644 ab
450 2601 484 2644 eo
509 2580 607 2644 distat
626 2580 706 2659 quod
729 2598 926 2644 ramanenses
947 2579 1093 2662 maqistri
1113 2599 1164 2642 ea·
1215 2581 1340 2659 ordine,
1373 2587 1402 2646 et
1421 2585 1569 2645 mmuerdo
1581 2581 1792 2661 praeciprmm
1813 2585 1907 2659 caput
1927 2586 1984 2657 est,
2017 2582 2193 2663 relinquen·

192 2674 330 2749 torquere
357 2667 474 2744 uolunt,
506 2670 541 2728 ut
570 2666 660 2731 niella
686 2666 729 2728 sit
754 2665 841 2746 apud
870 2684 920 2729 eos
941 2664 1164 2730 eaeremouiola
1215 2667 1290 2732 dom
1312 2686 1377 2730 esse
1396 2667 1539 2751 pertibus
1559 2686 1652 2730 suam
1672 2665 1861 2744 libertatem,
1892 2686 1945 2730 nee
1975 2666 2041 2731 illis
2064 2673 2192 2746 pertm-

191 2775 270 2835 quae
291 2773 352 2817 uon
374 2772 437 2832 pro
459 2752 627 2832 apostolica
648 2750 833 2816 censeatur?
1215 2751 1389 2837 mnam2)
1411 2773 1494 2832 esse,
1527 2756 1583 2816 aut
1608 2753 1646 2821 de
1667 2751 1745 2834 leqis
1766 2750 2027 2816 obseruationibus
2050 2751 2191 2815 ealdor-

277 2843 326 2901 22.
374 2838 423 2901 Ne
453 2837 573 2920 larrqior
603 2839 679 2915 sim,
712 2857 810 2902 uirium
841 2841 960 2901 tardum
991 2836 1164 2916 encomium
1215 2838 1290 2903 dam
1310 2839 1491 2904 mmmm.
1535 2837 1696 2902 Hactenus
1716 2837 1804 2902 nobis
1825 2838 1944 2920 epreqie
1959 2837 2189 2917 patrocinatur.

185 2926 357 3005 proferam.
404 2922 441 2986 Si
463 2924 534 3002 quis
556 2943 605 2987 eos
626 2925 804 3004 iruerroqet,
832 2924 914 2987 unde
935 2942 1051 3003 aquam
1072 2941 1164 2986 acam
1218 2923 1304 3004 erae
1332 2929 1434 2988 autem
1455 2924 1602 3004 proniore
1630 2923 1769 3005 sequitur
1790 2924 1939 3002 exceptio,
1963 2942 2016 2987 nec
2038 2942 2118 2986 inova
2139 2922 2190 2986 len

191 3009 349 3074 lustralem
375 3009 521 3087 babeant,
543 3011 691 3090 protinus
717 3010 915 3088 resporulent,
942 3010 981 3073 ab
1007 3007 1162 3089 apostolis.
1214 3015 1259 3074 est
1290 3010 1330 3074 ab
1351 3010 1498 3090 apostolis
1519 3009 1600 3087 lata,
1633 3009 1689 3073 sed
1701 3038 1704 3043 ·
1720 3008 1864 3074 diuinum
1892 3013 2108 3089 aeternumque
2125 3007 2191 3072 Dei

195 3096 293 3176 erasi
316 3116 375 3158 non
396 3093 476 3157 lianc
497 3096 700 3160 incentionem
722 3096 822 3158 nescia
849 3095 900 3157 cui
927 3114 1055 3159 romano
1083 3094 1163 3173 epis·
1214 3096 1413 3174 urarrdatum,
1432 3096 1470 3160 de
1489 3114 1551 3158 non
1571 3094 1721 3159 rulando
1742 3094 1888 3175 emitote·
1910 3113 1963 3158 nec
1978 3098 2130 3174 punctrun
2151 3114 2190 3158 en
2212 3088 2285 3173 k„

189 3201 261 3261 copo
278 3180 416 3243 tribuant
432 3179 588 3259 tristoriae,
612 3182 675 3261 qui,
697 3183 728 3244 si
748 3180 900 3259 apostolos
917 3180 1109 3244 adhibuisset
1128 3180 1163 3243 in
1215 3180 1273 3245 ella
1295 3180 1433 3245 libertate
1449 3179 1572 3258 delibat,
1594 3179 1649 3245 sed
1663 3185 1766 3263 pentes
1782 3181 1938 3246 dumanot
1954 3181 2103 3258 admonet,
2126 3201 2190 3261 qua
2307 3179 2346 3192 '''

190 3267 361 3343 consilium,
386 3286 544 3346 teneriquam
559 3267 698 3348 profecto
721 3265 959 3330 contaminasset
975 3266 1163 3346 baptismum
1215 3267 1336 3331 ratione
1357 3286 1422 3330 sese
1441 3264 1600 3348 fratribus
1622 3270 1832 3347 atternperent,
1855 3286 1893 3331 ne
1911 3288 1971 3331 sua
1994 3264 2132 3330 libertate
2154 3266 2190 3328 in

192 3353 292 3417 alieno
315 3357 342 3414 et
365 3353 573 3430 intempestivo
594 3353 733 3433 spiribolo.
779 3351 851 3414 Etsi
880 3370 933 3414 rice
953 3351 1033 3415 mibi
1055 3353 1163 3415 oerisi
1214 3371 1320 3416 eorum
1342 3351 1728 3432 affmsimum‘obutantur.
1760 3350 1809 3416 Sit
1829 3351 1882 3416 boc
1903 3353 2002 3435 ipitur
2022 3351 2190 3415 secundmn

190 3438 324 3514 mileest,
347 3443 411 3500 tam
427 3441 576 3501 uetustam
591 3458 656 3502 esse
675 3437 990 3502 eiuscorsecrationis
1001 3437 1161 3520 oriqiriem,
1214 3442 1321 3518 caput,
1354 3443 1389 3500 ut
1420 3437 1553 3503 iunoaia
1580 3437 1718 3503 libertate
1745 3441 1875 3502 utantur
1901 3442 2019 3520 qentes,
2049 3455 2086 3500 ac
2107 3436 2188 3500 citra
2234 3436 2237 3441 ’

190 3544 284 3602 quam
306 3523 372 3587 illic
393 3523 547 3586 scribitur.
595 3523 682 3604 Qerod
709 3525 793 3587 cnuti
814 3523 890 3587 dicit
912 3523 944 3588 A
987 3522 1121 3601 ustinus,
1131 3525 1160 3606 ⁸)
1212 3523 1352 3606 frotmun
1372 3524 1575 3605 offersionem.
1620 3522 1667 3587 At
1692 3527 1808 3588 certunm
1829 3527 1932 3587 tamen
1953 3521 2077 3602 aliquid
2092 3542 2189 3601 prae·

189 3609 343 3689 quosdam
365 3629 420 3673 suo
442 3612 574 3689 ampore
595 3609 739 3673 melanas
766 3609 919 3673 solennem
967 3609 1062 3673 bristi
1090 3610 1161 3674 imi·
1214 3609 1359 3675 sariburd
1405 3610 1538 3690 Nempe,
1572 3614 1725 3690 quatenus
1750 3629 1813 3689 pro
1841 3613 1973 3688 tempore
2001 3606 2188 3687 expediebat,

189 3696 334 3759 tationem
356 3697 391 3758 in
411 3695 521 3758 lotione
538 3696 656 3774 pedum
677 3695 837 3778 refuqisse,
859 3715 897 3760 ne
915 3695 958 3759 ad
975 3695 1162 3776 baptismum
1213 3695 1319 3760 docent
1339 3715 1377 3761 ac
1398 3696 1565 3778 dmipnant
1586 3695 1698 3777 quibus
1719 3694 1810 3759 rebus
1832 3694 1867 3758 in
1886 3694 2025 3776 fratrum
2050 3693 2191 3774 offensio·

189 3782 271 3843 ritus
292 3781 345 3844 illc
361 3781 519 3861 pertinere
538 3781 703 3859 uideretur,
726 3781 902 3845 subindicat
923 3780 1044 3845 nullum
1061 3779 1162 3862 fuisse
1212 3801 1283 3845 mm
1294 3782 1420 3862 possint
1436 3782 1604 3858 incurrere,
1623 3801 1681 3861 quo
1693 3780 1731 3844 ab
1748 3779 1815 3844 illis
1833 3785 1976 3858 caueant,
1994 3777 2075 3842 nibil
2086 3783 2190 3854 tamen

189 3865 313 3930 lotionis
332 3886 438 3950 penus,
461 3867 541 3945 quod
562 3887 632 3931 uim
653 3866 803 3945 baptismo
820 3866 920 3931 ullam
936 3866 1059 3931 baberet
1074 3866 1163 3930 simi·
1213 3886 1326 3932 novum
1348 3868 1391 3933 ad
1412 3872 1572 3932 aeternam
1592 3865 1657 3930 Dei
1679 3865 1788 3949 leqem,
1821 3885 1901 3947 quae
1928 3864 2067 3946 fratrum
2098 3865 2190 3945 offar-

189 3951 360 4015 litudiuem.
399 3952 558 4031 Quidquid
578 3953 628 4030 sit,
651 3951 705 4016 boc
727 3974 748 4014 a
767 3953 885 4031 spirita
907 3952 1071 4033 apostolico
1086 3971 1163 4032 pro
1214 3954 1332 4018 monem
1345 3952 1497 4034 probibet,
1516 3953 1554 4017 de
1574 3972 1631 4017 suo
1653 3953 1796 4033 afferunt.

187 4036 300 4117 feeteun
317 4038 418 4118 fnisse
444 4038 572 4102 minime
598 4038 775 4116 comedam,
803 4044 850 4115 ut,
880 4039 956 4102 dnm
982 4038 1163 4119 quotidiano
1302 4042 1351 4102 24.
1399 4038 1663 4120 Quemadmodum
1680 4038 1719 4116 si,
1742 4038 1797 4118 qui
1814 4035 1948 4101 ecelesiis
1965 4036 2101 4101 umidum
2117 4035 2190 4098 berre

188 4123 277 4203 sipno
299 4123 472 4203 baptismus
494 4124 529 4186 in
549 4125 731 4188 menmriam
751 4125 919 4201 reducitur,
941 4123 1163 4204 quodammodo
1215 4125 1388 4189 constitutis
1403 4128 1567 4205 praesunt,
1587 4122 1695 4202 fideles
1710 4127 1856 4203 pastores
1877 4122 2018 4186 manibus
2038 4121 2108 4185 suis
2126 4120 2189 4184 edi-

188 4211 352 4286 repetatur.
388 4208 453 4273 Nec
469 4229 573 4274 moror
589 4210 670 4290 qnod
687 4209 765 4274 alibi
786 4210 853 4290 ipse
873 4211 957 4275 idem
967 4210 1166 4292 Aupustinus
1215 4215 1295 4288 cant,
1312 4230 1359 4288 ue,
1380 4210 1473 4274 donec
1490 4209 1655 4275 imbecilles
1671 4209 1852 4291 quibuscum
1877 4208 1983 4271 oiount
2006 4206 2187 4282 adolescant,

190 4294 257 4357 alia
289 4313 405 4375 quoque
436 4295 585 4375 apostolis
623 4296 779 4360 adscribit.
836 4296 924 4359 Nam
955 4315 1051 4377 menn
1082 4294 1164 4359 nibil
1209 4295 1325 4377 palam
1351 4295 1403 4361 die
1429 4295 1552 4360 neumis
1578 4295 1727 4359 carnibus
1754 4299 1931 4372 vescamur,
1966 4297 2021 4357 aut
2039 4291 2133 4372 feriis
2153 4291 2189 4353 in

184 4384 313 4459 praeter
339 4381 529 4444 eminduras
556 4380 679 4458 babeat,
710 4402 771 4445 non
796 4381 879 4446 debet
906 4382 945 4446 ab
967 4381 1048 4461 ipsis
1069 4381 1108 4446 de
1129 4401 1163 4445 re
1209 4381 1334 4463 publico
1367 4381 1518 4460 laborent,
1553 4385 1607 4445 aut
1638 4380 1741 4446 simile
1773 4380 1946 4461 quidpiam.
1991 4376 2078 4441 Haec
2105 4376 2188 4438 enim

189 4468 277 4528 tanta
303 4466 456 4529 iiidicium
482 4466 563 4546 fieri.
609 4466 783 4544 Postremo,
805 4471 839 4530 ut
859 4469 954 4532 etiam
974 4468 1082 4531 denus
1104 4466 1162 4531 illa
1214 4469 1346 4547 tametsi,
1368 4467 1503 4548 seposita
1520 4467 1746 4547 superstitione,
1764 4465 1977 4546 iruliffcrerdia
1987 4483 2050 4542 per
2066 4481 2098 4526 se
2114 4461 2187 4536 sint,

188 4570 266 4629 quoe
288 4558 501 4617 commemorat
523 4552 561 4616 ab
583 4557 680 4617 aetate
700 4552 908 4632 apostolorum
922 4553 1063 4632 fluaisse,
1085 4552 1163 4617 mul·
1214 4553 1268 4617 ubi
1288 4559 1390 4619 torm
1408 4553 1524 4618 accedit
1542 4551 1681 4634 fratrum
1702 4552 1837 4632 offensu,
1855 4552 1923 4614 sine
1939 4548 2046 4613 deluto
2063 4546 2189 4611 admitti

187 4640 253 4698 tum
273 4641 376 4700 tamen
405 4640 542 4716 interest,
572 4639 759 4702 instituasue
781 4638 909 4717 aliquod
924 4640 1056 4718 pietatis
1077 4659 1163 4703 exer-
1214 4645 1372 4719 nequeunt.
1407 4637 1461 4704 Sic
1477 4642 1580 4703 autem
1595 4643 1669 4703 sunt
1688 4644 1834 4718 tempora,
1853 4641 1888 4699 ut
1908 4632 2114 4715 spectaculum
2134 4630 2189 4696 loe

187 4722 303 4801 citium,
327 4744 384 4803 quo
406 4724 506 4789 libera
524 4726 708 4789 conscientia
730 4728 860 4787 utamur
874 4722 989 4803 fideles,
1009 4725 1039 4787 si
1061 4729 1162 4789 autem
1214 4726 1353 4807 infirmis
1372 4725 1528 4807 fratribus
1542 4743 1717 4806 proponere
1741 4744 1802 4786 non
1818 4721 1943 4802 possint
1960 4717 2081 4798 fideles,
2110 4719 2188 4798 quin

188 4828 248 4871 nou
276 4811 335 4873 erit
364 4809 431 4874 illis
451 4811 540 4875 utilis
559 4830 650 4887 usus,
674 4810 863 4888 abstimaut;
885 4831 928 4873 an
949 4810 1044 4892 leqem
1064 4810 1161 4891 feras,
1214 4832 1320 4875 eorum
1346 4811 1548 4877 conscientias
1567 4810 1754 4894 pravissime
1781 4808 1947 4870 ordrnrent
1996 4804 2088 4884 §br-is,
2121 4804 2188 4866 nisi

188 4913 267 4972 quae
298 4897 501 4961 conscientias
532 4898 678 4961 seruitute
710 4895 861 4975 illaqueet.
913 4895 1007 4959 Nunc
1039 4916 1109 4960 oero
1141 4918 1163 4961 a
1214 4897 1430 4976 calmnmator,
1453 4898 1499 4961 sic
1520 4917 1632 4961 rrooam
1652 4895 1734 4976 ferri
1756 4893 1794 4958 ab
1815 4893 1858 4956 iis
1879 4891 1974 4973 leqem
1996 4891 2089 4967 dicat,
2112 4909 2189 4970 quos

188 4997 365 5061 quacunque
398 4988 504 5048 ardore
537 4983 729 5059 emanarint,
759 4986 927 5062 postquam
957 4981 1096 5046 omanus
1127 4983 1163 5046 in
1214 4987 1331 5048 condat
1351 4985 1507 5050 duntacat
1526 4980 1687 5047 scandatis
1708 4997 1874 5056 occurrere,
1896 4995 1976 5056 qnae
1997 4980 2070 5038 suut
2091 4971 2188 5037 aDo

259 5183 286 5249 1)
305 5186 385 5238 Cuius
399 5191 437 5240 rei
448 5190 629 5257 Augustimun
642 5189 725 5240 citant
740 5198 837 5240 testem
850 5185 917 5239 1553
929 5203 981 5257 seq.
1034 5186 1064 5256 2)
1073 5188 1160 5256 Epist.
1284 5190 1313 5255 l)
1396 5205 1409 5243 e
1427 5188 1471 5241 liic
1488 5192 1636 5255 sequeretur
1655 5184 1691 5250 (ξ.
1710 5182 1751 5235 23.
1769 5182 1816 5239 24)
1835 5183 1899 5236 olim
1916 5179 2011 5248 (1539)
2027 5180 2140 5246 fuerant
2156 5180 2188 5231 in

190 5250 240 5303 118
257 5251 316 5321 (54)
334 5272 355 5306 c·
376 5255 398 5306 1.
467 5256 497 5321 3)
515 5258 601 5325 apin.
621 5256 673 5309 ns
690 5258 725 5309 55
742 5259 848 5311 555555.
867 5255 927 5325 (54)
945 5258 989 5310 flu.
1063 5316 1074 5327 „
1217 5256 1281 5326 cap.
1303 5258 1333 5311 x
1356 5259 1384 5313 r.
1397 5274 1427 5326 p.
1446 5254 1497 5308 372
1515 5269 1568 5324 seq.
1620 5253 1651 5322 a)
1669 5252 1869 5306 obturandum
1888 5249 1956 5303 1555
1973 5265 2031 5361 5ιῆ

1982 5333 2017 5388 54
