4770 6030
198 336 259 398 147
806 391 810 399 ,
845 327 1113 395 marmorio
1134 328 1240 393 anu.
1263 325 1444 393 enarer.
1471 331 1562 392 raas.
1825 307 1839 332 ‘
2150 332 2210 392 148

196 542 357 588 manuum
382 519 588 603 impositione
613 519 792 602 loquuntur
814 524 956 598 veteres,
986 516 1109 582 sedan
1125 539 1177 584 sa·
1229 537 1305 580 nem
1328 515 1487 582 adductus
1505 522 1563 595 est,
1586 523 1656 580 tum
1673 538 1751 585 rere
1768 525 1938 598 peccatum
1955 516 2062 583 odisse
2079 523 2113 582 et
2134 540 2211 583 exe-

198 615 405 675 cramentum
431 605 572 672 vocant?
618 605 825 689 Augustinus
842 603 868 688 ¹)
896 610 1007 686 aperta
1036 603 1180 670 affirmat
1230 603 1316 667 erari
1337 603 1466 685 incipit,
1495 610 1567 666 tum
1588 602 1651 666 sibi
1671 604 1741 684 ipse
1762 624 1804 667 ex
1825 604 1933 667 animo
1957 602 2119 685 displicet,
2148 605 2212 669 mi·
2249 658 2252 666 .

198 693 284 758 nihil
311 691 494 758 aliudesse
522 711 621 773 quam
651 692 839 756 orationem.
883 689 998 772 Neque
1020 689 1074 755 hic
1096 689 1179 753 mihi
1231 709 1386 752 serumse
1407 686 1451 837 gp.
1465 685 1541 774 300]
1555 695 1589 752 et
1604 687 1769 769 perditum
1785 689 1907 752 fatetur
1924 688 2071 754 etalium
2087 711 2122 755 se
2140 711 2212 757 esse

197 778 322 864 putidis
337 779 404 844 suis
417 777 678 843 distinctionibus
694 776 735 841 eb
759 778 909 840 anniant:
923 797 990 839 nen
1007 774 1180 841 adconfir·
1231 780 1329 856 optat
1374 775 1406 838 A
1448 774 1529 838 haec
1551 773 1607 838 nbi
1629 795 1727 839 sensu
1755 774 1861 855 aliquo
1888 774 2000 838 iudicii
2019 776 2084 840 Dei
2105 783 2213 844 tactus

198 865 372 931 materiam
383 865 608 947 Augrrstinum
628 859 669 948 [p.
682 798 759 948 29Βῆ
772 861 854 926 illud
870 861 1030 940 retulisse,
1048 861 1105 927 sed
1123 883 1180 927 cu·
1232 866 1282 923 est
1303 857 1459 944 (alterum
1480 860 1569 923 enim
1591 881 1633 924 ex
1660 859 1763 923 altero
1789 861 1937 941 protinus
1959 861 2120 946 sequitu)
2140 868 2213 927 tum

200 949 421 1017 ratoriamvol
435 949 735 1016 reconciliatoriam.
761 949 867 1012 Extat
876 947 968 1026 liber,
985 948 1180 1012 etinhomi·
1231 966 1310 1010 vero
1331 945 1500 1028 perculsus
1522 967 1559 1011 ao
1587 953 1813 1012 consternatus
1834 946 1933 1023 iacet,
1961 946 2152 1013 humiliatus
2174 970 2213 1013 ac

199 1057 282 1101 num
303 1036 454 1100 manibus
476 1040 635 1100 versatim.
682 1031 720 1098 Si
742 1035 777 1098 in
799 1033 901 1098 alium
918 1055 1051 1098 sensum
1073 1032 1181 1099 deter—
1232 1031 1376 1097 deiectus
1397 1032 1517 1109 tremit,
1541 1033 1688 1096 animum
1709 1029 1896 1114 despondet,
1920 1031 2078 1115 desperat.
2118 1035 2212 1100 Haec

200 1143 293 1205 queo,
313 1143 413 1204 quam
433 1122 641 1204 Augustinus
655 1121 726 1202 ipse
748 1120 885 1202 scripsit,
909 1119 996 1197 cedo,
1018 1139 1085 1183 nen
1104 1140 1180 1184 con·
1232 1119 1321 1200 prior
1348 1117 1565 1200 poenitentiae
1597 1139 1689 1200 pars,
1724 1139 1822 1199 quam
1855 1117 1954 1200 vulgo
1984 1120 2212 1199 contritionem

200 1209 305 1274 viciis¹
321 1206 432 1284 modo,
466 1228 526 1289 pro
552 1206 678 1272 solenni
701 1227 759 1272 suo
787 1226 893 1283 more,
922 1205 979 1270 sed
1002 1207 1106 1287 sputis
1127 1226 1181 1269 me
1233 1202 1395 1268 dixerunt.
1445 1204 1709 1269 Vivifieationem
1736 1205 1993 1286 interpretantur
2020 1206 2212 1272 consolatio-

200 1295 350 1360 0bruent.
400 1293 536 1359 Utinam
561 1313 640 1357 vero
669 1313 795 1356 morem
823 1292 1053 1370 retineremus,
1084 1312 1182 1374 quem
1233 1311 1318 1368 nem,
1341 1310 1424 1372 quae
1446 1311 1489 1354 ex
1509 1289 1574 1354 fide
1595 1291 1749 1354 nascitur.
1784 1289 1852 1356 Ubi
1873 1289 2001 1355 s‘eilioet
2018 1291 2115 1356 homo
2135 1313 2212 1374 pee-

201 1379 289 1462 apud
305 1385 434 1445 veteres
451 1378 551 1443 fuisse
569 1378 723 1459 suspicor,
741 1377 1090 1459 priusquamabertiva
1101 1376 1182 1441 haec
1233 1376 1302 1452 cati
1318 1375 1515 1440 conscientia
1534 1382 1732 1457 prostratus,
1755 1397 1794 1440 ac
1810 1376 1876 1440 Dei
1893 1376 2009 1440 timore
2029 1398 2212 1459 percussus,

201 1466 399 1531 sacramenti
425 1464 520 1529 larva
546 1471 744 1528 nasceretur.
790 1463 866 1527 Non
892 1469 930 1526 ut
957 1469 1043 1527 esset
1064 1464 1182 1528 confir·
1233 1467 1346 1543 postea
1367 1462 1402 1525 in
1422 1461 1488 1525 Dei
1508 1461 1695 1537 benitatem,
1718 1462 1753 1525 in
1773 1461 2038 1541 misericordiam,
2062 1466 2212 1547 gratiam,

201 1552 312 1630 matie,
335 1571 419 1633 quae
439 1551 510 1615 sine
530 1550 683 1632 baptismi
705 1549 826 1613 iniuria
848 1569 908 1614 nec
925 1550 1088 1613 nominari
1111 1555 1183 1631 pot-
1234 1546 1375 1611 salutem
1395 1568 1478 1629 quae
1500 1553 1550 1610 est
1570 1568 1630 1629 per
1650 1545 1836 1625 Christum,
1860 1548 2036 1630 respiciens
2057 1571 2128 1615 sese
2151 1550 2214 1614 eri·

202 1643 266 1704 est:
301 1636 359 1702 sed
379 1637 559 1701 christiana
586 1635 781 1713 catechesis,
808 1656 873 1717 qua
899 1635 993 1717 pueri
1022 1643 1078 1700 ant
1106 1634 1183 1699 ado·
1235 1634 1299 1716 git,
1327 1635 1483 1715 respirat,
1511 1633 1658 1696 animum
1685 1632 1810 1716 colligit
1835 1642 1869 1697 ot
1890 1633 1982 1699 velut
2008 1657 2030 1700 a
2052 1645 2158 1702 morte
2178 1637 2214 1699 in
2280 1651 2282 1654 ’

201 1723 378 1789 lescentiae
399 1723 549 1805 preximi,
572 1720 649 1785 fidei
671 1743 749 1786 suae
766 1722 927 1785 rationem
948 1741 1058 1786 eoram
1080 1720 1183 1786 eecle—
1234 1719 1338 1783 vitam
1359 1718 1451 1783 redit.
1495 1718 1580 1798 Alii,
1608 1720 1685 1800 quia
1711 1719 1867 1785 videbant
1892 1721 1984 1784 varie
2013 1719 2073 1787 hoc
2094 1743 2214 1787 nomen

203 1810 253 1875 sia
288 1811 497 1892 exponerent.
548 1808 648 1872 Esset
675 1813 786 1873 autem
813 1807 935 1888 optima
962 1805 1183 1872 catechisandi
1234 1806 1271 1868 in
1291 1805 1454 1886 scriptura
1475 1811 1661 1886 acceptum,
1689 1803 1769 1869 duas
1795 1812 1976 1887 posuerunt
1995 1808 2215 1888 poenitentiae

203 1895 305 1972 ratic,
339 1896 367 1959 si
397 1893 539 1958 fonnula
570 1895 606 1957 in
633 1893 723 1959 hune
754 1914 850 1956 usum
877 1893 1060 1975 conscripta
1088 1898 1182 1971 esset,
1234 1891 1373 1968 formas,
1400 1912 1482 1973 quas
1508 1896 1546 1954 ut
1566 1897 1644 1955 nota
1665 1890 1774 1972 aliqua
1794 1890 2047 1974 distinguerent,
2077 1893 2214 1961 alteram

204 2001 368 2045 summam
395 1981 564 2045 continens
582 1984 616 2043 et
630 1979 836 2043 familiariter
851 1978 1019 2061 explicans
1037 1979 1184 2043 emnium
1234 1976 1375 2059 legalem
1393 1976 1556 2054 dixerunt,
1578 1998 1643 2058 qua
1659 1985 1809 2058 peccator
1830 1978 1955 2059 peccati
1974 1981 2118 2046 cauterio
2139 1980 2214 2046 vul-

204 2067 273 2131 fere
304 2065 472 2149 religionis
503 2072 633 2129 nestrae
666 2065 826 2146 capitum,
853 2065 890 2128 in
918 2086 1000 2146 quae
1029 2066 1185 2130 universa
1233 2068 1369 2126 neratus
1391 2068 1425 2126 et
1445 2069 1569 2127 terrere
1589 2063 1658 2128 irae
1679 2063 1744 2126 Dei
1766 2064 1907 2141 attritus,
1929 2064 1964 2129 in
1986 2087 2027 2130 ea
2044 2067 2215 2147 perturba-

204 2149 352 2216 fidelium
373 2151 509 2216 ecelesia
535 2151 718 2215 consentire
740 2150 810 2214 sinc
836 2151 1058 2216 controversia
1078 2149 1182 2215 debet.
1234 2149 1322 2212 tione
1351 2149 1544 2214 constrictus
1572 2148 1701 2227 haeret,
1741 2171 1801 2214 nee
1833 2171 1868 2214 se
1901 2151 2064 2233 explicare
2094 2160 2214 2234 petest3

204 2237 295 2302 Puer
317 2236 470 2303 decennis
492 2235 628 2302 eeclesia
645 2257 680 2300 se
698 2236 839 2315 offerret,
862 2235 904 2300 ad
925 2235 1087 2301 edendam
1107 2234 1184 2300 fidei
1235 2233 1458 2317 evangelicam
1480 2234 1633 2312 alteram,
1660 2256 1725 2316 qua
1745 2242 1895 2317 peccator
1916 2237 2062 2319 graviter
2083 2237 2215 2320 quidem

205 2323 454 2401 cenfessionem
488 2327 660 2405 rogaretur
692 2320 731 2386 de
764 2321 902 2404 singulis
934 2322 1108 2404 capitibus,
1142 2320 1184 2386 ad
1235 2319 1321 2402 apud
1344 2341 1379 2385 se
1399 2321 1547 2398 afflictus,
1570 2319 1667 2385 altius
1686 2329 1798 2386 tamen
1820 2323 1966 2404 emergit,
1989 2331 2024 2388 et
2044 2322 2215 2390 Christum

203 2407 610 2577 tt‘ttttldtt
626 2405 1060 2558 Sldffllnltit'tlllmfflll
1075 2409 1184 2559 {tt
1234 2404 2215 2576 {dlifillluleffilffitldmnllllf'll‘llltbnaffi

408 2545 416 2573 7
611 2543 618 2557 ·
720 2557 722 2561 ψ
1510 2543 1518 2569 s

203 2600 278 2644 ram
298 2580 412 2658 fidem,
442 2601 507 2662 qua
527 2580 728 2644 unanimiter
747 2580 859 2645 Deum
880 2600 984 2643 unum
1006 2579 1083 2644 colit
1103 2579 1184 2644 fide·
1236 2577 1387 2660 exempla
1409 2584 1493 2655 sunt,
1516 2576 1610 2656 Cain,
1634 2576 1725 2655 Saul,
1748 2577 1863 2657 Iudas,
1886 2600 2025 2661 quornm
2046 2582 2214 2662 poeniten·

203 2664 285 2731 lium
302 2665 450 2748 populus,
474 2672 556 2730 teste
574 2672 607 2729 et
624 2671 792 2748 spectante
814 2665 950 2731 ecclesia
965 2666 1183 2747 profiteretur.
1235 2664 1317 2728 tiam
1333 2663 1413 2727 dum
1431 2664 1696 2745 scriptiuanobis
1708 2672 1949 2744 commemorat,
1967 2666 2121 2749 intelligit
2136 2688 2213 2749 pec-

202 2750 297 2817 Haee
319 2750 490 2834 disciplina
511 2753 540 2816 si
562 2751 658 2815 hodie
680 2750 820 2830 valeret,
847 2751 989 2833 prolecto
1011 2757 1185 2832 parentum
1236 2750 1300 2814 cati
1322 2750 1373 2815 sui
1395 2750 1556 2832 gravitate
1579 2751 1699 2832 agnita,
1721 2751 1890 2816 iramDei
1912 2752 2212 2836 timuisse(Gcn.4.

201 2837 408 2919 quorundam
436 2838 569 2921 ignavia
597 2843 782 2916 acueretur,
810 2837 866 2919 qui
886 2836 1063 2902 liberorum
1090 2838 1184 2902 insti·
1239 2833 1358 2901 ISam.
1381 2839 1430 2899 15.
1453 2835 1573 2900 Matth.
1592 2834 1658 2920 27).
1687 2834 1756 2902 Sed
1778 2833 1819 2923 [p.
1833 2836 1909 2925 301]
1929 2838 2041 2904 Deum
2056 2837 2219 2904 duntaxat

200 2924 372 3001 tutionem,
394 2924 488 3005 quasi
510 2945 581 2987 rem
601 2923 686 2987 nihil
703 2922 745 2986 ad
765 2944 800 2987 se
821 2924 1048 3005 pertinentem,
1072 2945 1184 2989 secure
1236 2920 1376 2985 ulterem
1404 2927 1438 2985 et
1457 2920 1599 2985 iudicem
1626 2923 1824 3005 cogitantes,
1852 2923 1888 2988 in
1910 2945 1948 2989 ee
1970 2945 2069 2997 sensu
2091 2924 2217 2991 defece·

201 3008 384 3092 negligunt,
410 3006 451 3093 [p.
471 3007 547 3094 299]
571 3031 670 3091 quam
691 3017 763 3073 tum
785 3009 856 3073 sine
874 3007 1006 3092 publico
1028 3008 1184 3074 dedecere
1236 3013 1322 3071 runt.
1357 3008 1448 3090 Ergo
1471 3028 1584 3072 eorum
1603 3009 1804 3091 poenitentia
1824 3029 1892 3072 non
1914 3009 2004 3074 aliud
2025 3011 2096 3089 fuit,
2119 3032 2218 3094 quam

201 3095 353 3158 omittere
379 3116 445 3158 nen
467 3100 608 3176 possent.
658 3095 766 3159 Maior
787 3101 873 3160 esset
899 3096 934 3159 in
960 3095 1079 3177 populo
1097 3095 1184 3160 chri·
1236 3092 1401 3175 quoddam
1420 3093 1599 3158 inferorum
1620 3095 1749 3172 atrium,
1772 3096 1919 3177 quoiam
1936 3095 1972 3160 in
1992 3095 2055 3162 hac
2076 3098 2146 3162 vita
2166 3099 2218 3162 in-

203 3179 309 3244 stiano
337 3179 414 3243 fidei
442 3201 634 3257 consensus,
662 3202 723 3245 nec
744 3187 837 3245 tanta
857 3181 1037 3245 multorum
1056 3181 1186 3246 inscitia
1236 3180 1354 3262 gressi,
1377 3186 1554 3261 coeperunt
1575 3200 1595 3243 a
1615 3179 1697 3245 faeie
1718 3180 1788 3245 irae
1809 3180 1989 3246 maiestatis
2009 3181 2076 3246 Dei
2096 3204 2219 3265 poenas

203 3271 237 3330 et
258 3264 385 3330 ruditas
392 3289 400 3344 ;
428 3288 494 3330 nen
522 3263 602 3329 adeo
624 3272 746 3330 temere
774 3265 908 3348 quidam
924 3267 1017 3332 noris
1038 3274 1072 3331 et
1091 3287 1185 3349 pere·
1237 3263 1324 3330 dare.
2164 3306 2169 3316 »

204 3351 327 3439 grinis,
343 3350 549 3435 dogmatibus
584 3352 824 3433 abriperentur,
864 3352 1014 3417 omnibus
1047 3351 1186 3436 denique
1323 3350 1560 3433 Evangelicam
1592 3351 1827 3434 poenitentiam
1859 3350 2009 3419 videmus
2043 3353 2080 3417 in
2112 3355 2217 3419 omni-

205 3444 292 3503 esset
311 3437 472 3520 quaedam
489 3438 581 3504 velut
603 3436 776 3503 methodus
792 3436 957 3504 dmtrinae
978 3438 1184 3504 christianae.
1237 3439 1299 3502 bus
1321 3437 1377 3519 qui
1404 3437 1529 3518 peccati
1556 3435 1669 3502 aculeo
1696 3436 1784 3519 apud
1811 3459 1846 3503 se
1874 3437 2067 3517 exulcerati,
2097 3439 2217 3505 fiducia

1239 3529 1349 3587 autem
1377 3521 1617 3587 misericordiae
1637 3523 1702 3588 Dei
1727 3523 1827 3588 crecti
1854 3531 1888 3589 et
1908 3526 2061 3604 recreati,
2084 3525 2127 3590 ad
2146 3525 2218 3590 Do·

1238 3609 1366 3673 minum
1387 3609 1535 3673 conversi
1557 3615 1642 3673 sunt
1685 3608 1887 3675 Perterritus
1909 3617 1959 3675 est
1979 3611 2139 3683 Ezechias
2161 3633 2216 3677 ae-

510 3700 578 3783 D0
609 3700 881 3812 ,aaa
1237 3693 2002 3867 ,marrata
2015 3697 2222 3867 leat

291 3864 448 3930 Proximo
470 3866 540 3932 loco
562 3872 718 3932 statuunt
736 3867 970 3950 poenitentiam
992 3867 1032 3932 de
1054 3888 1119 3950 qua
1139 3867 1186 3934 sic
1237 3865 1360 3931 turbati
1382 3873 1459 3931 sunt
1469 3865 1635 3930 Ninivitas
1656 3866 1805 3932 horribili
1822 3867 2070 3935 denunciatione
2087 3869 2216 3944 excidii,

188 3949 338 4037 ,confuse
355 3959 397 4030 ¹et
422 3953 610 4034 perturbate
640 3953 819 4031 disserunt,
848 3960 886 4017 ut
912 3952 997 4016 nihil
1019 3954 1100 4020 certi
1125 3975 1186 4020 nec
1238 3951 1296 4016 sed
1322 3951 1430 4016 induti
1455 3972 1549 4017 sacco
1573 3959 1607 4017 et
1632 3953 1740 4018 cinere
1763 3961 1911 4032 orarunt,
1940 3960 2108 4037 sperantes
2129 3954 2216 4038 quod

204 4034 299 4102 solidi
328 4058 370 4101 cx
399 4059 510 4101 eorum
539 4037 687 4103 doctrina
715 4039 838 4102 referre
865 4039 991 4121 possint
1019 4041 1185 4105 conscien-
1238 4038 1384 4103 converti
1400 4044 1509 4120 posset
1523 4038 1686 4104 Dominus
1707 4045 1740 4102 ct
1757 4040 1862 4104 averti
1883 4040 2025 4106 aturere
2046 4042 2114 4107 irae
2136 4062 2215 4107 suae

204 4122 279 4186 tiae.
330 4121 400 4187 Nos
426 4124 570 4206 primum
603 4146 685 4207 quae
719 4123 759 4187 de
788 4124 987 4205 poenitentia
1014 4124 1186 4190 didicimus
1238 4122 1323 4207 (Ion.
1338 4121 1382 4207 3).
1433 4121 1609 4188 Confessus
1637 4131 1688 4189 est
1707 4125 1819 4190 David
1845 4146 1880 4190 se
1905 4127 2044 4191 nimium
2063 4148 2215 4209 peccasse

203 4229 247 4272 ex
269 4208 449 4291 scripturis,
470 4211 582 4291 paucis
604 4209 843 4287 enarrabimus;
865 4214 937 4271 tum
958 4208 1084 4289 deinde,
1107 4211 1186 4293 quid
1237 4209 1273 4273 in
1292 4209 1490 4274 recensendo
1507 4209 1633 4291 populo,
1657 4208 1715 4275 sed
1736 4210 1867 4276 adiecit:
1887 4212 1979 4277 aufer
1994 4213 2137 4278 Domine
2151 4213 2215 4278 ini·

204 4301 239 4358 et
259 4292 308 4357 illi
326 4293 478 4373 doceant;
501 4302 671 4377 postremo,
695 4315 794 4377 quam
813 4292 878 4360 levi
896 4300 953 4358 aut
969 4297 1076 4376 potius
1094 4296 1186 4360 nulla
1237 4295 1395 4377 quitatem
1407 4295 1494 4360 servi
1505 4295 1554 4358 tui
1566 4294 1600 4380 (2
1613 4294 1703 4361 Sam.
1715 4294 1799 4379 ult).
1818 4298 1977 4381 ,Agnovit
1988 4297 2140 4363 adulterii
2150 4300 2215 4364 cri·

203 4381 340 4458 ratione,
359 4389 602 4445 sacramentum
622 4381 768 4445 fecefint
1236 4401 1328 4459 men,
1357 4379 1549 4464 obiurgante
1569 4381 1707 4446 Nathan
1728 4390 1761 4447 et
1788 4404 1823 4447 se
1845 4404 1954 4448 coram
1974 4384 2118 4451 Domino
2138 4405 2215 4467 pre-

289 4466 343 4530 De
370 4467 570 4548 poenitentia
597 4465 683 4532 docti
704 4464 837 4549 quidam
858 4467 939 4544 viri,
966 4466 1063 4552 longe
1085 4467 1184 4531 etiam
1237 4467 1369 4544 stravit,
1397 4465 1455 4532 sed
1483 4467 1613 4532 veniam
1641 4467 1740 4533 simul
1768 4470 1953 4551 expectavit
1974 4469 2008 4554 (2
2032 4467 2122 4534 Satn.
2149 4469 2213 4554 12).

203 4558 281 4616 ante
309 4551 391 4617 haec
417 4558 578 4634 tempora,
607 4572 682 4617 cum
708 4553 802 4618 iuxta
829 4553 1009 4635 scripturae
1036 4552 1184 4635 regulam
1237 4552 1327 4616 Talis
1348 4552 1410 4616 fuit
1430 4573 1544 4617 eorum
1564 4554 1777 4635 poenitentia,
1800 4555 1855 4636 qui
1877 4554 1920 4619 ad
1940 4555 2214 4636 praedicationem

203 4637 395 4719 simpliciter
413 4645 446 4703 et
463 4639 589 4703 sincere
608 4638 696 4721 loqui
712 4638 843 4717 vellent,
863 4639 1018 4705 dixemnt
1035 4646 1184 4704 constare
1235 4637 1329 4703 Petri
1355 4638 1540 4720 compuncti
1567 4648 1646 4706 sunt
1665 4638 1777 4718 corde,
1806 4638 1864 4704 sed
1880 4641 1945 4705 Dei
1971 4640 2117 4707 bonitate
2136 4662 2215 4707 eon-

202 4721 330 4788 dua-bus
346 4725 508 4806 partibus:
527 4725 775 4791 mortificatione
792 4725 1063 4792 etvivilieationc.
1092 4723 1184 4789 Mer·
1236 4724 1297 4802 fisi,
1318 4722 1526 4790 addiderunt:
1550 4724 1629 4808 quid
1648 4725 1806 4790 faciemus
1824 4726 1888 4790 viri
1904 4726 2044 4792 frames?
2066 4726 2153 4812 (Act
2168 4727 2213 4811 2).

179 4867 180 4870 ,
202 4809 415 4875 tifieationem
436 4811 710 4893 interpretantur,
740 4811 868 4875 animae
891 4809 1035 4874 dolorem
1057 4831 1095 4876 ae
1116 4816 1183 4875 ter·
1237 4809 1326 4874 Talis
1348 4817 1382 4872 et
1402 4809 1495 4874 Petri
1523 4811 1625 4893 ipsius
1654 4811 1710 4893 qui
1731 4812 1823 4876 flevit
1849 4811 1980 4894 quidem
2002 4834 2128 4892 amare,
2156 4813 2214 4879 sed

201 4914 310 4959 rorem
333 4918 375 4960 ex
395 4898 561 4980 agnitione
583 4898 707 4979 peccati
726 4903 760 4961 et
776 4917 874 4962 sensu
895 4895 1006 4961 iudicii
1022 4897 1088 4961 Dei
1106 4917 1182 4962 con·
1235 4915 1367 4977 sperare
1399 4916 1467 4960 non
1494 4895 1598 4962 desiit
1657 4895 1751 4964 Hace
1779 4919 1966 4980 quanquam
1998 4899 2109 4963 omnia
2135 4921 2216 4965 vera

200 4987 348 5063 ceptum;
376 4983 432 5046 ubi
460 4985 549 5049 enim
575 4984 648 5065 quis
675 4985 710 5047 in
735 5002 849 5049 veram
873 4983 999 5064 peceati
1026 4983 1183 5068 cognitio-
1235 4989 1321 5081 sunt,
1343 5002 1463 5080 nomen
1484 4988 1595 5080 tamen
1615 4983 1723 5064 ipsum
1740 4983 1967 5064 poenitentiae,
1990 4991 2150 5066 quatenus
2173 5007 2215 5049 ex

1233 5074 1575 5239 ttttfttttt
1590 5069 2214 5238 ttffirbtttttttlttttt:

271 5252 300 5321 1)
318 5254 378 5306 Lib,
396 5252 421 5307 4.
440 5255 474 5307 de
492 5256 566 5323 bapt
838 5282 841 5290 ι
1233 5245 1301 5317 tur,
1334 5244 1460 5321 pugnat
1491 5259 1567 5342 cum
1599 5261 1636 5304 ee
1668 5239 1754 5322 qnod
1784 5240 1909 5306 Paulus
1942 5242 1977 5305 in
2009 5242 2103 5307 Actis
2137 5242 2216 5308 dicit

200 5154 297 5161 ι-..-
