4770 6030
198 341 259 402 737
725 336 824 403 OAP.
850 338 894 402 X.
912 336 1003 422 (VI.)
1048 337 1110 402 DE
1132 335 1510 407 msrmlonrlorm
1532 338 1673 404 amm„

195 452 220 505 Α
237 452 310 522 186;
328 450 440 518 32743
459 437 577 526 cara]

910 665 1114 752 carun
1144 664 1484 777 numerumn
1862 752 1868 766 ,
1931 749 1936 767 ,

387 853 481 948 DE
507 853 1047 952 IUSTIFICATIONE
1074 853 1264 949 FIDEI
1289 854 1375 949 ET
1401 855 1680 992 MERITIS·
1704 854 2000 952 OPERUM.

285 1045 310 1103 l.
355 1040 428 1102 Iam
456 1039 539 1102 mihi
565 1040 643 1103 satis
666 1038 840 1122 diligenter
862 1041 1049 1122 exposuisse
1070 1061 1170 1121 supra
1194 1046 1198 1112 Ι
1221 1040 1365 1120 periatur
1393 1061 1432 1104 ea
1459 1041 1584 1121 puritas
1613 1062 1650 1104 ac
1679 1041 1847 1118 sanchtas,
1869 1062 1952 1122 quae
1973 1024 2196 1110 testimonium

195 1126 321 1204 videor,
351 1123 511 1207 quomodo
539 1125 726 1190 hominibus
754 1147 774 1189 a
800 1125 872 1208 lege
894 1125 1075 1190 maledictis
1096 1126 1169 1189 uni·
1221 1125 1366 1190 iustitiae
1389 1125 1475 1207 apud
1496 1126 1560 1189 Dei
1582 1125 1739 1190 thronum
1760 1134 1938 1206 mereatur;
1962 1150 2019 1192 seu
2041 1131 2096 1212 qui
2119 1152 2195 1213 ope-

195 1235 271 1277 cum
292 1210 532 1293 recuperandae
561 1211 675 1274 salutis
701 1216 802 1274 restet
828 1212 864 1274 in
886 1210 951 1276 fide
978 1211 1166 1276 subsidium.
1220 1232 1297 1274 rum
1327 1232 1461 1275 suorum
1494 1212 1680 1295 integritate
1718 1212 1912 1294 respondere
1945 1221 1978 1277 et
2010 1216 2196 1282 satisfacere

99 1352 122 1376 d
195 1300 342 1363 Rursum
374 1295 452 1377 quid
484 1295 565 1360 fides
592 1297 664 1378 ipsa
691 1297 748 1375 sit,
782 1302 815 1360 et
835 1317 919 1379 quae
944 1297 1169 1361 inhominem
1220 1296 1285 1360 Dci
1318 1297 1435 1361 iudicio
1468 1303 1573 1379 queat.
1625 1296 1749 1362 Contra
1775 1299 2003 1364 iustificabitur
2032 1300 2088 1364 ille
2120 1301 2193 1382 fide,

194 1385 259 1447 Dei
280 1383 438 1447 beneficia
458 1382 616 1459 conferat,
645 1388 677 1446 ct
698 1403 778 1463 quos
804 1382 839 1445 in
870 1403 908 1447 ec
935 1383 1061 1448 fructus
1083 1381 1167 1447 edat
1220 1383 1275 1463 qui
1304 1403 1439 1463 operum
1469 1384 1593 1447 iustitia
1624 1383 1776 1448 exclusus
1798 1382 1925 1448 Christi
1951 1386 2109 1450 iustitiam
2136 1409 2196 1468 per

195 1468 334 1534 Summa
361 1474 470 1532 autem
504 1467 584 1532 haec
606 1468 682 1530 fuit:
711 1466 883 1532 Christum
910 1469 1005 1533 nobis
1026 1469 1091 1532 Dei
1111 1468 1168 1533 be·
1218 1466 1318 1531 fidem
1347 1467 1577 1551 apprehendit,
1607 1491 1671 1551 qua
1692 1469 1845 1548 vestitus,
1872 1470 1908 1534 in
1936 1471 2000 1535 Dei
2021 1481 2194 1554 conspectu

193 1555 352 1637 nignitate
375 1552 504 1632 datum,
533 1553 597 1617 fide
620 1573 639 1615 a
665 1553 758 1618 nobis
781 1554 982 1636 apprehendi
1006 1575 1043 1618 ac
1064 1554 1167 1635 possi·
1199 1574 1285 1616 anon
1306 1561 1344 1617 ut
1364 1561 1529 1636 peccator,
1559 1554 1617 1620 scd
1641 1561 1796 1637 tanquam
1823 1556 1928 1622 iustus
1950 1564 2093 1639 apparet.
2140 1558 2194 1623 Ita

107 1711 112 1722 ¹
193 1639 278 1716 deri,
308 1639 400 1704 cuius
430 1661 471 1702 ex
500 1639 747 1720 participatione
776 1638 939 1721 duplicem
960 1640 1167 1721 potissimum
1218 1658 1274 1702 nas
1300 1640 1547 1720 testificationem
1573 1641 1755 1722 simpliciter
1782 1641 2022 1722 interpretamur
2048 1645 2194 1724 acceptac-

192 1726 333 1809 gratiam
356 1725 549 1807 recipiamus
556 1748 564 1802 ;
596 1746 714 1807 nempe
735 1733 774 1788 ut
795 1726 865 1789 eius
887 1727 1074 1791 innocentia
1093 1726 1166 1789 Dec
1218 1744 1296 1803 nem,
1319 1746 1381 1805 qna
1401 1746 1458 1789 neos
1475 1725 1566 1790 Dens
1586 1727 1621 1790 in
1640 1727 1778 1808 gratiam
1800 1732 1931 1808 receptos
1947 1748 2008 1808 pro
2025 1728 2120 1793 iactis
2138 1728 2193 1797 ha-

191 1811 391 1876 reconciliati
416 1831 474 1892 pro
501 1809 608 1875 iudice
632 1811 698 1874 iam
725 1811 903 1892 propitium
931 1812 1109 1876 habeamus
1130 1813 1167 1876 in
1218 1808 1271 1874 aa.
1315 1810 1458 1892 Eamque
1490 1812 1740 1893 inparatam
1773 1813 1953 1877 remissione
1985 1833 2022 1878 ac
2053 1815 2193 1880 institiae

191 1897 288 1962 coelis
308 1904 449 1978 patrem;
473 1895 598 1973 deinde,
622 1905 659 1959 ut
680 1897 751 1960 eius
768 1897 887 1977 spiritu
905 1897 1097 1962 sanctificati
1113 1898 1165 1961 in·
1219 1893 1337 1961 Omma
1357 1897 1559 1979 imputatione
1574 1898 1713 1978 positam
1733 1917 1798 1962 esse
1818 1899 1959 1962 dininas.
2214 1918 2217 1924 ’

68 2053 73 2060 ,
191 1983 375 2047 nocentiam
405 1983 646 2064 puritatemque
674 1983 763 2047 vitae
790 1981 994 2046 meditemur.
1047 1985 1097 2047 Aa
1125 1983 1165 2048 dc
1304 1986 1332 2046 3.
1378 1981 1420 2046 In
1441 1982 1538 2046 huius
1557 1983 1605 2045 rei
1626 1984 1884 2063 mnfirmatianem
1905 1989 2025 2047 castani
2045 1984 2193 2050 mnitaet

190 2068 707 2234 tttttttttfidhsth
723 2066 937 2217 iiiiii&
956 2068 1165 2219 ffiiiait
1211 2066 2192 2238 ttt³ttttrttt”ttdtnttttm⁸⁸⁸ttt

190 2241 242 2303 nis
264 2240 348 2303 ratio
379 2239 484 2304 levius
509 2238 582 2303 ideo
611 2245 734 2302 attacta
760 2245 825 2316 cst,
856 2240 1009 2321 quoniam
1031 2240 1073 2304 ad
1096 2262 1165 2306 rem
1215 2258 1277 2302 nan
1292 2242 1399 2320 potest.
1441 2239 1503 2303 Sea
1522 2240 1599 2319 quia
1620 2239 1718 2303 nimis
1738 2239 1861 2322 capam
1882 2245 1966 2318 esset,
1989 2243 2067 2305 loeas
2088 2260 2192 2306 oannes

190 2326 374 2407 pertinebat
402 2325 585 2408 intelligere
612 2326 769 2407 primurn,
800 2331 833 2386 ct
854 2347 953 2406 quarn
974 2327 1077 2391 otiosa
1098 2346 1166 2391 non
1216 2325 1355 2408 colligere
1376 2327 1501 2389 etinter
1520 2324 1713 2406 reconferre,
1734 2326 1872 2390 satient
1889 2327 2009 2389 iactares
2026 2329 2189 2392 monuisse.

191 2413 233 2475 sit
255 2433 274 2476 a
295 2412 388 2475 bonis
411 2412 561 2492 operibus
583 2409 672 2488 fides,
695 2430 760 2491 qua
782 2409 851 2473 sola
873 2412 1052 2493 gratuitam
1072 2414 1165 2477 iusti·
1218 2409 1283 2474 Per
1303 2431 1335 2475 se
1356 2412 1439 2475 enin
1458 2411 1551 2492 facile
1573 2409 1779 2474 observabant.
1832 2410 1953 2474 Paneas
1980 2417 2100 2476 tantam
2118 2434 2191 2494 pro-

189 2498 284 2575 tiam,
317 2497 382 2560 Dei
409 2496 644 2575 misericordia,
678 2495 876 2574 obtinemus,
905 2502 939 2560 et
965 2497 1073 2579 qualia
1100 2499 1166 2562 sint
1215 2496 1343 2575 dnmm,
1370 2496 1424 2560 abi
1449 2497 1536 2576 iaec,
1561 2497 1599 2560 de
1620 2517 1683 2577 qna
1705 2496 1874 2576 loquimar,
1895 2497 2074 2576 iustificatio
2096 2500 2193 2562 nomi

190 2590 377 2647 sanctorum
398 2584 484 2646 bona
505 2604 617 2666 opera,
647 2584 682 2645 in
704 2582 821 2662 quibus
849 2603 925 2663 pars
947 2582 1045 2648 huius
1067 2605 1165 2666 quae-
1215 2582 1316 2646 natim
1337 2587 1495 2647 banaian.
1543 2580 1606 2648 Ubi
1628 2580 1753 2646 Paains
1774 2582 1820 2645 ait
1842 2579 1932 2664 (Gai.
1955 2585 1983 2660 3,
2003 2582 2039 2666 8)
2061 2585 2194 2664 scripta·

190 2669 305 2733 stionis
328 2676 487 2734 versatur.
521 2669 573 2733 Ea
594 2690 671 2751 ergo
693 2688 781 2731 nunc
799 2669 930 2748 penitus
948 2668 1163 2749 discutienda;
1216 2688 1287 2731 ram
1307 2670 1519 2750 praevidisse,
1550 2668 1632 2749 qnod
1658 2687 1695 2730 aa
1721 2667 1783 2748 fide
1810 2667 1952 2748 iustificat
1970 2673 2072 2749 pentes
2092 2669 2191 2746 Deae,

189 2760 223 2817 et
244 2756 290 2818 ita
312 2753 523 2832 discutienda,
546 2760 584 2817 ut
601 2753 847 2817 meminerimus
864 2754 1077 2837 praecipuum
1095 2776 1165 2821 esse
1216 2752 1293 2834 qnid
1321 2755 1410 2818 alind
1435 2753 1603 2837 inteliipae,
1632 2774 1727 2834 qnam
1755 2751 1859 2817 Deam
1887 2753 2042 2816 iustitiam
2069 2774 2106 2816 ea
2130 2755 2192 2835 fide

190 2839 399 2904 sustinendae
421 2840 588 2923 religionis
606 2839 779 2915 cardinem,
802 2860 866 2919 quo
883 2841 1041 2905 maiorem
1058 2847 1183 2906 attone
1215 2840 1394 2921 imputare?
1436 2839 1525 2920 Item,
1547 2859 1643 2920 aaran
1662 2839 1737 2903 dicit
1759 2837 1868 2922 (Rom.
1889 2841 1917 2916 3,
1938 2838 1994 2922 26)
2017 2838 2122 2903 Deam
2143 2841 2192 2904 in-

189 2927 312 2988 ticncm
344 2946 519 3007 auramque
558 2926 741 2990 afferamus.
796 2924 870 2989 Nisi
901 2927 990 2990 enim
1021 2927 1165 3008 primum
1216 2925 1349 3006 stirieare
1369 2925 1519 3007 impiam,
1541 2926 1596 3007 qni
1617 2929 1661 2989 est
1681 2945 1719 2988 ec
1743 2925 1804 3005 fide
1828 2922 1960 3004 Christi,
1989 2925 2061 3004 quie
2082 2944 2192 2991 smnus

190 3012 353 3089 omniurn,
381 3033 443 3093 quo
471 3012 516 3076 sis
539 3010 625 3093 apud
646 3012 755 3075 Deum
783 3010 868 3089 loco,
898 3019 932 3074 et
952 3012 1048 3093 quale
1071 3011 1110 3077 dc
1132 3019 1165 3077 tc
1216 3029 1281 3074 esse
1300 3016 1414 3093 potest,
1441 3012 1507 3075 nisi
1531 3011 1606 3092 aaa
1628 3009 1767 3091 beneficio
1789 3031 1809 3074 a
1835 3011 2033 3075 damnatime
2054 3010 2191 3091 liberare,

190 3097 233 3159 sit
255 3095 342 3160 illius
364 3096 520 3161 iudicium
543 3105 644 3175 tenes,
666 3104 705 3160 ut
726 3095 853 3159 nullum
874 3097 976 3161 habes
998 3098 1165 3171 stabilien·
1216 3115 1311 3176 qaam
1337 3097 1477 3179 ipsoram
1504 3097 1648 3178 impietas
1670 3095 1865 3161 merebatur?
1912 3096 2065 3178 Apertior
2086 3097 2192 3180 etiam·

191 3180 251 3245 dae
268 3181 383 3246 salutis
400 3181 658 3260 fundamentum,
677 3183 725 3246 ita
742 3203 802 3246 nec
815 3182 989 3266 erigendae
1007 3184 1165 3248 inDeum
1216 3203 1292 3246 nnm
1313 3183 1348 3246 in
1369 3183 1557 3247 mansam
1579 3181 1688 3266 (Rom
1709 3187 1738 3260 8,
1759 3182 1829 3265 33),
1864 3182 1939 3246 dnm
1960 3183 2006 3246 sie
2025 3184 2192 3248 maioma:

189 3267 328 3348 pietatis.
358 3266 425 3331 Sed
442 3269 617 3334 necessitas
635 3268 849 3352 cognoscendi
861 3269 978 3334 melius
995 3290 1038 3333 ex
1055 3267 1165 3353 cogni·
1216 3268 1289 3350 qais
1316 3267 1473 3333 accusabit
1498 3268 1603 3333 eiectos
1629 3267 1719 3332 Dei?
1767 3266 1857 3332 Dens
1878 3273 1921 3332 est
1942 3269 1997 3348 qni
2025 3269 2175 3350 iustificat
2181 3292 2192 3348 ,·

191 3354 278 3416 tione
297 3354 369 3435 ipsa
391 3353 557 3418 elucescet
1216 3354 1289 3435 qais
1309 3353 1539 3418 emtdemnabit?
1584 3352 1728 3419 ceratae
1748 3359 1792 3419 est
1813 3354 1869 3434 qni
1894 3359 2035 3417 mortam
2055 3358 2106 3431 est,
2129 3355 2192 3419 mm

278 3442 305 3500 2.
350 3439 454 3502 Porro
477 3461 518 3503 ne
538 3441 757 3524 impingamus
778 3441 813 3505 in
834 3441 905 3523 ipso
926 3440 1055 3519 limine,
1080 3440 1166 3522 quod
1217 3440 1271 3521 qni
1290 3439 1472 3518 resnrreait,
1495 3445 1523 3504 et
1542 3438 1625 3504 nane
1644 3439 1818 3522 interpellat
1832 3438 2010 3520 procebis.
2056 3437 2192 3504 Perinde

191 3526 285 3587 fieret
304 3524 332 3587 si
346 3523 385 3588 dc
404 3546 439 3588 re
455 3526 622 3608 incognita
641 3525 892 3608 disputationem
909 3525 1164 3609 ingrederemur,
1216 3526 1298 3589 enim
1319 3530 1371 3604 cst,
1394 3546 1430 3589 ac
1450 3527 1480 3589 si
1501 3526 1627 3591 diceret:
1649 3526 1720 3606 qais
1740 3525 1907 3602 aemesabit,
1930 3544 2006 3604 qnos
2028 3522 2118 3588 Dens
2139 3523 2192 3588 ab

191 3610 336 3692 primum
349 3610 547 3692 explicemus
567 3610 645 3694 quid
663 3612 725 3676 sibi
738 3613 841 3677 velint
849 3611 962 3692 istael
1004 3613 1163 3693 untiones,
1215 3611 1328 3674 saci?
1353 3613 1426 3691 qais
1451 3611 1625 3691 damnati,
1659 3631 1735 3691 qnos
1763 3630 1819 3675 sno
1842 3610 2017 3691 patrocinio
2045 3608 2188 3675 cannae

192 3695 358 3759 hominem
380 3718 489 3761 coram
517 3698 589 3761 Deo
611 3698 795 3775 iustificari,
823 3682 992 3762 iustihcarr
1013 3697 1092 3777 fide,
1115 3721 1165 3763 ru·
1215 3696 1373 3777 defendit?
1421 3697 1599 3778 laetificare
1624 3717 1693 3779 erpa
1721 3697 1768 3759 nii
1794 3696 1883 3760 alind
1909 3701 1966 3775 est,
1996 3716 2090 3777 qaam
2118 3717 2188 3760 enm

193 3782 326 3845 stificari
349 3784 508 3864 operibus.
542 3782 717 3847 Iustificari
739 3804 848 3848 coram
867 3784 939 3847 Deo
960 3782 1087 3863 dicitur,
1110 3785 1165 3868 qui
1187 3797 1191 3898 p
1215 3783 1270 3863 qni
1298 3803 1371 3848 rens
1437 3783 1559 3861 ebatur,
1592 3787 1739 3864 tanquam
1772 3781 1943 3864 approbata
1969 3776 2187 3846 innocentiae

192 3867 310 3931 iudicio
337 3869 401 3932 Dei
429 3875 462 3931 ct
489 3875 641 3934 censetur
666 3869 786 3947 iustus,
816 3877 848 3933 et
875 3874 1026 3950 acceptus
1048 3876 1097 3935 cst
1124 3871 1164 3936 ob
1214 3872 1305 3933 reaia
1338 3869 1393 3933 aba
1421 3890 1496 3934 ecre.
1550 3868 1652 3950 Quam
1684 3869 1787 3948 itaque
1808 3887 1869 3932 'nos
1898 3865 2016 3932 Christi
2046 3868 2188 3932 interces-

193 3974 286 4016 suam
314 3954 485 4032 iustitiam;
516 3952 674 4035 siquidem
702 3963 739 4017 ut
759 3956 831 4019 Deo
864 3955 1088 4020 abominabilis
1116 3962 1166 4021 est
1214 3955 1299 4019 aione
1327 3956 1468 4037 iustificat
1489 3953 1594 4033 Deae,
1620 3974 1681 4018 non
1697 3954 1847 4036 propriae
1868 3953 2056 4017 innocentiae
2077 3973 2188 4036 appro-

191 4039 362 4118 iniquitas,
391 4041 437 4103 ita
458 4062 518 4104 nec
547 4041 752 4122 pocenaria
775 4042 843 4104 eius
865 4039 965 4104 oculis
987 4047 1093 4122 potest
1114 4044 1164 4106 in·
1215 4039 1346 4118 batione,
1376 4041 1430 4105 sai
1450 4041 1591 4105 institiae
1611 4040 1811 4122 impanatione
1831 4059 1887 4102 nos
1909 4038 2052 4117 nicolaii,
2076 4044 2110 4101 nt
2125 4058 2186 4119 pro
2263 4083 2268 4098 ,

192 4124 304 4186 venire
332 4126 481 4206 gratiam.
531 4124 675 4189 Proinde
702 4126 884 4208 ubicunque
910 4133 1081 4207 peccatum
1106 4135 1164 4207 est,
1214 4126 1308 4190 tants
1328 4128 1365 4190 in
1388 4124 1510 4191 Christo
1527 4145 1720 4205 eemeamnr,
1748 4126 1804 4207 qai
1825 4124 1968 4189 innubis
1987 4145 2047 4187 nan
2068 4143 2186 4187 snmus.

192 4208 258 4272 illic
280 4210 380 4272 etiam
403 4233 437 4274 se
459 4212 582 4293 profert
610 4212 659 4274 ira
680 4219 714 4275 et
742 4211 823 4274 ultio
845 4213 919 4276 Dei.
963 4211 1165 4279 Iustificatur
1217 4209 1270 4275 Sic
1290 4210 1377 4297 (Act.
1402 4215 1449 4291 13,
1469 4212 1540 4296 38),
1567 4212 1603 4274 in
1630 4213 1766 4275 emwimae
1790 4210 1902 4275 Pauli:
1924 4231 1985 4292 per
2004 4211 2085 4273 bane
2104 4209 2187 4273 nobis

192 4302 301 4357 autem
329 4297 385 4377 qui
418 4318 483 4360 non
509 4297 579 4361 loco
608 4298 799 4378 peccatoris,
834 4296 891 4361 sed
913 4298 991 4362 iusti
1016 4297 1163 4379 habetur,
1215 4299 1420 4362 annuntiatur
1447 4299 1589 4362 remissio
1612 4303 1821 4379 peaamam,
1848 4302 1875 4360 et
1902 4296 1941 4360 ab
1967 4297 2107 4360 omnibm
2133 4294 2185 4373 iis,

192 4401 293 4462 coquo
325 4383 457 4445 nominc
489 4384 636 4448 consistit
670 4404 781 4447 coram
807 4384 873 4447 Dei
906 4383 1075 4463 tribunali,
1109 4386 1166 4451 ubi
1216 4405 1237 4447 a
1258 4384 1371 4465 quibas
1391 4405 1452 4448 non
1467 4384 1619 4466 poteratis
1638 4384 1806 4465 iustificari
1826 4385 1861 4447 in
1881 4383 1943 4465 iege
1961 4381 2069 4459 idaeis,
2083 4381 2189 4444 ‘omnis

192 4473 377 4547 peccateres
399 4490 511 4532 omnes
533 4475 698 4533 corruunt.
735 4466 1019 4547 Quemadmodum
1040 4471 1068 4534 si
1090 4493 1166 4537 rcus
1216 4471 1270 4551 qni
1297 4470 1393 4535 credit
1419 4472 1454 4533 in
1482 4491 1564 4545 eam,
1579 4470 1774 4550 instificetur.
1826 4469 1920 4532 Vides
1942 4473 2014 4548 post
2032 4467 2188 4530 remissib-

191 4552 347 4617 innocens
370 4552 412 4617 ad
433 4554 577 4618 tribunal
591 4555 684 4636 acqui
701 4553 817 4618 iudicis
834 4553 1023 4633 adducatur,
1047 4557 1165 4622 ubisc·
1215 4576 1284 4620 nem
1305 4560 1501 4638 peccatoram
1525 4555 1772 4636 testificationem
1799 4555 1878 4619 hanc
1905 4554 1984 4617 veina
2010 4553 2189 4633 interpreta-

192 4636 335 4702 cundum
363 4641 582 4704 innocentiam
603 4642 672 4704 eius
699 4639 880 4704 iudicatum
906 4642 1019 4719 hient,
1049 4643 1166 4706 iustifi·
1216 4643 1309 4705 tants
1335 4642 1397 4707 icoo
1416 4643 1502 4724 poni.
1560 4640 1655 4705 Vaces
1680 4646 1782 4722 aperte
1805 4661 1865 4721 pra
1887 4638 2073 4703 absoirdione
2094 4640 2187 4702 anmi.

192 4731 284 4787 catus
307 4725 393 4807 apud
413 4726 555 4791 iudicem
577 4724 708 4790 dicitur:
739 4726 784 4790 sic
807 4725 893 4806 apud
917 4727 1027 4790 Deum
1048 4728 1165 4792 iustiti·
1224 4727 1319 4791 Vides
1350 4728 1492 4810 operibns
1523 4727 1599 4810 lepis
1626 4728 1735 4791 adimi.
1797 4726 1890 4790 Vides
1921 4744 2040 4788 mnam
2071 4722 2189 4788 annm

192 4818 294 4888 catur,
318 4813 373 4892 qui
395 4834 531 4875 nurnero
553 4819 759 4893 peccatorum
776 4819 956 4892 exemptus,
980 4813 1090 4876 Deum
1107 4814 1166 4877 ha-
1216 4813 1392 4893 beneficiam
1413 4834 1485 4882 esse.
1536 4813 1629 4878 Vides
1647 4814 1709 4893 fide
1724 4811 1853 4893 percipi.
1899 4809 1952 4874 sa
1972 4829 2069 4891 qaam
2085 4809 2189 4890 panib,

192 4894 247 4957 bet
269 4918 346 4960 suae
374 4898 517 4962 iustitiae
544 4905 661 4961 testem
682 4905 715 4960 et
743 4904 945 4961 assertorem.
990 4897 1167 4964 Iustificari
1217 4918 1314 4962 canna
1334 4899 1449 4963 dieitur
1476 4899 1571 4985 (Luc.
1597 4902 1643 4976 18,
1666 4896 1719 4980 14)
1750 4897 1933 4976 iustificatos
1959 4918 1974 4960 e
2005 4895 2114 4977 amplo
2138 4895 2189 4966 de·

193 5000 270 5062 crgo
292 4984 442 5064 operibus
470 5006 509 5048 ea
532 4984 656 5047 ratione
679 4982 819 5059 dicetrrr,
848 4984 883 5046 in
911 4983 1002 5049 emus
1025 4984 1093 5049 vita
1115 5006 1166 5050 re·
1217 4984 1384 5064 scendisse,
1412 5006 1473 5050 non
1493 5003 1663 5068 possamus
1684 4984 1783 5047 dicere
1803 4981 1908 5062 aliquo
1929 5002 2055 5063 opernm
2081 4981 2189 5046 merito

1218 5075 1433 5151 consequentum
1458 5091 1523 5136 esse
1549 5070 1711 5133 iustitiam.
1764 5066 1831 5132 Hoc
1858 5088 1928 5150 erpo
1959 5068 2089 5132 dicitnr:
2117 5073 2189 5149 post

502 5211 513 5232 ,
1217 5157 1413 5238 impetratam
1434 5161 1628 5240 pemmornm
1653 5155 1791 5231 veniam,
1814 5174 1875 5235 pro
1897 5155 1979 5218 insto
2000 5174 2188 5218 assererem

264 5253 292 5320 1)
312 5255 453 5310 Edetania
471 5274 496 5309 a.
516 5255 583 5309 1539
603 5255 669 5323 Gap.
694 5254 742 5308 Vl.
1218 5240 1286 5308 Deo
1312 5241 1459 5307 habitam
1512 5241 1622 5306 lacae
1649 5259 1718 5323 erqo
1736 5239 1815 5321 fnit,
1843 5259 1904 5303 nan
1930 5259 2056 5322 opernm
2078 5261 2189 5325 appro-

264 5338 373 5394 Oaimni
388 5357 478 5408 opera
519 5332 621 5397 Vot‘l.
1948 5323 1984 5378 4⁷
