4770 6030
173 343 234 406 861
422 335 521 401 (th.
544 334 639 400 XIV.
661 333 788 420 (vm.)
832 335 895 399 DE
916 329 1386 399 PRAEDDSTINATIONE
1408 332 1467 395 ΕΤ
1489 331 1810 398 PROVOEEN'I'IA
1828 334 1919 399 DEI.
1980 349 1985 361 ‘
2116 340 2177 400 862

174 452 414 522 A244313349;
433 448 536 503 0350.

168 533 353 610 perpetuant
380 525 473 608 lepern
499 547 538 589 no
559 525 886 588 spumosarum
905 521 1148 588 obsnuationurn
1201 520 1317 585 censui
1339 519 1426 597 velit,
1455 521 1521 584 iarn
1549 520 1680 601 confessi
1700 542 1825 600 sumus,
1854 522 1935 586 rtiltil
1956 521 2065 587 tatere
2085 524 2180 604 ucli;

174 635 268 679 ursuni
290 617 318 678 et
342 610 436 692 sineru
464 610 507 675 acl
535 608 676 674 ecclesiae
698 608 939 690 aedificationem
960 607 1149 688 referentum
1201 611 1234 670 at
1255 607 1285 670 si
1296 607 1365 669 suis
1382 607 1626 671 circumstantiis
1641 609 2038 688 uestirnentur,'apporebit,
2059 615 2180 674 tatttrnn

175 722 239 782 quea
254 697 439 781 postulante,
459 717 521 760 runt
536 697 625 760 nudo
642 696 760 759 neuen
780 695 909 775 aliquid,
928 694 982 759 sed
998 690 1151 774 quidquid
1202 713 1217 756 e
1237 693 1500 756 mumioniornrn
1522 692 1620 758 muru
1642 692 1801 758 leoninum
1819 696 1934 759 anineis
1950 715 2083 758 errorent
2101 698 2181 761 irase

175 790 245 850 arcte
266 786 302 849 in
323 804 385 847 usu
411 783 498 846 nobis
525 782 770 846 obseruationum
790 781 887 861 fuerit
913 781 1039 858 incerti,
1061 776 1151 842 nullo
1203 778 1300 858 disse,
1328 782 1363 840 ut
1383 799 1444 842 run
1464 778 1558 858 facie
1580 779 1738 844 mutuari
1754 782 1872 860 possit,
1900 782 1967 844 nisi
1988 780 2181 846 audentiae

175 871 339 953 offunione
364 869 515 949 [namus.
559 868 627 932 Hoc
653 868 735 930 enirn
760 868 843 948 serre
868 871 1036 946 tenporurn
1056 864 1151 928 ratio
1203 869 1360 945 conspectu
1392 864 1593 944 spectaculis,
1630 886 1709 946 quoe
1741 886 1853 930 mont
1890 866 2020 931 subirule
2051 867 2181 932 errandi

175 978 254 1036 runt,
275 961 310 1020 ut
326 957 408 1020 ritus
429 955 580 1035 quosdam
607 971 668 1017 noir
689 953 801 1035 inpios
824 952 942 1033 alioqu
961 971 1014 1015 nec
1035 950 1152 1013 induo
1202 950 1367 1013 rnoteriarn
1398 957 1572 1033 supperunt.
1630 951 1684 1015 Sic
1713 953 1846 1034 spirius
1878 954 1977 1018 sarton
2010 953 2181 1016 testimonio

176 1064 237 1121 ros,
254 1062 315 1123 pro
337 1043 384 1105 rei
405 1041 629 1120 opporturtime
650 1038 794 1123 abropni
811 1038 976 1115 muroeniat,
992 1035 1153 1118 praesenti
1204 1036 1351 1101 undans
1372 1040 1417 1100 est
1437 1034 1589 1101 Erecltr'as
1609 1039 1644 1122 (2
1663 1037 1744 1120 Rog'.
1768 1042 1815 1117 18,
1835 1039 1887 1123 4),
1910 1039 1991 1119 quoel
2012 1043 2181 1118 serpe-uteru

176 1129 380 1210 coperimento
411 1131 455 1192 est
487 1125 560 1189 baec
588 1130 680 1189 oetas
732 1124 818 1188 Noni
846 1144 924 1204 quae
956 1122 1152 1204 superiorum
1203 1142 1331 1186 calerna
1358 1122 1523 1202 ecciderit,
1552 1125 1607 1204 qui
1635 1125 1725 1188 iussu
1752 1122 1933 1188 Dominio
1960 1122 2049 1188 Mose
2074 1123 2181 1205 fuerat

177 1220 348 1294 tentporunt
379 1211 510 1277 cumas
534 1211 597 1292 fuit
629 1215 657 1274 et
690 1210 882 1293 ipnorontia,
915 1214 980 1274 tarn
1006 1211 1151 1288 corrupto
1202 1213 1332 1288 uectus,
1354 1212 1382 1271 et
1402 1229 1489 1288 quoru
1510 1209 1546 1272 in
1566 1210 1669 1275 eliciat
1689 1210 1824 1291 bnuficii
1851 1211 2038 1289 μνημόσυνον
2059 1211 2181 1274 snoari

177 1301 328 1380 opinnne,
351 1304 472 1378 unique
486 1297 641 1377 pertinaci
667 1297 769 1362 studio
791 1294 925 1360 cratae
943 1296 978 1359 in
1004 1313 1152 1358 cannue-
1202 1293 1321 1358 uuum
1341 1314 1402 1358 non
1424 1298 1501 1372 nat,
1527 1296 1593 1359 nisi
1615 1295 1728 1376 populi
1755 1296 1948 1361 idololatriae
1975 1297 2091 1363 servire
2116 1315 2178 1360 eoc-
2222 1296 2225 1308 “

109 1424 115 1433 -
178 1386 242 1449 reiis
263 1385 426 1450 lroeserunt
447 1382 601 1459 ecclesiae,
622 1387 656 1446 ut
677 1383 732 1445 oia
752 1383 832 1447 satis
850 1380 1018 1464 repurpari
1040 1401 1061 1443 a
1075 1399 1152 1459 pro
1198 1380 1304 1461 pisset.
1355 1378 1471 1444 Verurn
1494 1401 1590 1461 qutun
1609 1382 1760 1446 rationem
1787 1383 1985 1466 arriperetur
2012 1383 2181 1463 inpietatis

177 1471 309 1553 eunus
329 1469 598 1550 superstitionibus
619 1473 744 1549 quant,
773 1468 850 1548 quin
868 1466 982 1531 multae
1002 1484 1152 1531 caernuo-
1203 1465 1303 1529 oliam
1320 1466 1454 1547 optimus
1474 1487 1530 1530 ren
1551 1487 1614 1545 uon
1634 1466 1761 1547 habaet
1783 1489 1843 1532 run
1860 1469 1982 1533 mitiore
1999 1488 2095 1532 cerusa
2113 1487 2180 1532 coru

177 1556 250 1622 niae
270 1556 426 1633 ullontur,
448 1574 501 1618 nec
518 1555 573 1618 abs
593 1574 628 1618 re
647 1553 721 1618 olion
740 1553 995 1636 forteinstitutoe,
1018 1556 1047 1617 et
1063 1549 1152 1616 nulla
1202 1551 1299 1634 srepit
1329 1572 1424 1633 quarn
1444 1575 1466 1616 a
1493 1549 1581 1617 Mose
1608 1559 1723 1617 erectus
1750 1553 1863 1634 fuerat.
1908 1553 1988 1620 Sunt
2017 1555 2100 1618 enirn
2129 1573 2179 1617 cu

171 1663 234 1724 per
255 1663 288 1707 se
308 1642 464 1722 auteur
484 1639 641 1705 aonides.
1202 1637 1305 1701 raudo
1319 1658 1467 1718 pnousn
1489 1637 1648 1702 hominurn
1667 1639 1801 1719 induta,
1823 1662 1885 1705 run
1913 1662 2001 1706 secus
2028 1660 2064 1704 ae
2093 1639 2178 1721 oepri

266 1731 315 1792 34.
353 1725 470 1807 Quibus
491 1725 689 1806 Mndendis
705 1724 850 1790 obstinate
875 1725 1026 1802 insistere,
1047 1742 1151 1787 nourr-
1202 1721 1390 1805 collapsique
1414 1722 1578 1788 maneti:
1609 1725 1721 1805 quibus
1748 1727 1810 1790 cibi
1844 1728 2029 1792 cononum
2045 1723 2180 1807 paulunt

178 1813 335 1897 tissinnun
355 1812 453 1893 fuerit
468 1812 615 1877 studium.
662 1809 700 1875 st
727 1813 798 1894 quis
827 1812 910 1875 enirn
932 1811 1021 1891 ipsos
1037 1827 1151 1892 perse
1203 1806 1350 1889 difficiles
1369 1809 1560 1889 adimuntur,
1582 1812 1637 1892 qui
1659 1813 1751 1877 sanis
1771 1812 1895 1878 inruuii
1912 1813 2016 1894 futuri
2037 1816 2132 1876 aaut.

966 2174 1224 2181 ...μη-«ψη...
1236 2175 1252 2179 ..-

640 2453 641 2456 Ν
722 2532 926 2618 ennon
957 2532 1248 2619 eneruem
1278 2532 1596 2640 assensu.
1612 2529 1637 2614 ¹>
1710 2534 1713 2542 ’

396 2739 490 2836 DE
518 2736 1195 2835 PRAEDESTINATIONE
1222 2737 1307 2834 ΕΤ
1334 2737 1801 2836 PROVIDENTIA
1826 2738 1960 2836 DEI.

268 2931 294 2989 l.
340 2928 413 2993 Iam
436 2948 513 2992 vero
540 2925 626 3008 quod
651 2945 717 2988 non
740 2923 827 3006 apud
849 2944 962 2988 omnes
990 2943 1153 3006 peraeque
1206 2925 1331 3004 arcani,
1360 2925 1446 3007 quod
1468 2946 1535 2990 non
1556 2931 1721 2991 scrutetur
1742 2933 1838 3008 atque
1860 2925 2004 3003 evolvat,
2034 2926 2105 2990 Deo
2128 2947 2179 2991 re·

178 3012 327 3078 homines
349 3012 461 3078 foedus
482 3013 570 3078 vitae
590 3010 812 3093 praedicatur,
842 3016 875 3074 et
896 3008 983 3092 apud
1005 3031 1060 3074 eos
1082 3010 1154 3092 qui·
1205 3009 1331 3076 lietura.
1376 3010 1419 3074 In
1446 3011 1531 3076 hanc
1557 3010 1728 3077 audaciam
1749 3017 1783 3076 et
1809 3011 2051 3094 improbitatem
2079 3034 2180 3096 quum

180 3098 242 3162 bus
262 3098 470 3180 praedicatur
498 3119 565 3163 non
587 3096 729 3162 eundem
756 3095 864 3161 locum
884 3102 1041 3179 perpetuo
1061 3116 1154 3177 repo-
1205 3096 1326 3161 multos
1353 3095 1523 3161 videamus
1548 3097 1670 3180 passim
1697 3119 1810 3178 ruere,
1838 3105 1871 3162 et
1891 3099 1927 3161 in
1955 3099 1996 3163 iis
2022 3097 2180 3181 quosdam

179 3185 235 3262 rit,
265 3185 300 3247 in
329 3206 368 3249 ea
402 3183 590 3250 diversimte
623 3181 781 3247 mirabilis
810 3181 912 3247 divini
944 3181 1055 3247 iudicii
1081 3181 1154 3246 nlti-
1206 3182 1326 3265 alioqui
1348 3202 1415 3246 non
1436 3182 1553 3261 malos,
1576 3190 1757 3266 opportune
1780 3183 1975 3249 admonendi
1998 3191 2084 3262 sunt,
2107 3185 2179 3267 quis

180 3268 259 3333 tudo
286 3291 321 3335 se
348 3271 479 3352 profert.
524 3270 593 3334 Nec
620 3270 709 3334 enim
731 3268 880 3347 dubium,
902 3268 982 3350 quin
1002 3273 1154 3332 aeternae
1205 3269 1249 3333 sit
1276 3268 1313 3332 in
1340 3268 1402 3333 hac
1429 3275 1522 3351 parte
1551 3268 1649 3335 officii
1676 3270 1727 3335 sui
1756 3267 1880 3335 modus.
1901 3265 1904 3272 ’
1929 3270 2080 3334 Primum
2102 3291 2179 3353 ergo

180 3356 244 3419 Dei
277 3355 459 3421 voluntatis
487 3356 620 3421 arbitrio
649 3355 729 3419 haec
762 3375 888 3437 quoque
916 3354 1058 3418 varietas
1085 3374 1153 3418 ser·
1205 3353 1425 3434 meminerint,
1446 3355 1482 3418 in
1498 3354 1828 3436 praedestinationem
1846 3355 1926 3420 dum
1942 3357 2179 3438 inquinantes

180 3442 256 3506 viat.
308 3439 404 3521 Quod
431 3442 459 3506 si
491 3441 601 3523 polam
627 3450 678 3506 est
698 3440 762 3504 Dei
790 3446 874 3504 nutu
902 3439 989 3518 fieri,
1017 3447 1055 3503 ut
1081 3438 1153 3504 aliis
1205 3440 1241 3503 in
1263 3439 1393 3506 divium
1421 3441 1599 3522 sapientiae
1629 3441 1728 3526 adyta
1754 3450 1939 3524 penetrare,
1970 3461 2032 3524 quo
2058 3441 2180 3525 siquis

180 3526 266 3591 ultro
295 3527 451 3591 offeratur
477 3527 581 3604 salus,
611 3527 667 3591 alii
691 3527 731 3591 ab
760 3526 829 3590 eius
857 3525 947 3589 aditu
971 3532 1152 3605 arceantur,
1205 3546 1318 3591 secure
1339 3547 1377 3591 ac
1398 3525 1600 3592 confidenter
1620 3533 1819 3611 prorumpat,
1842 3549 1903 3592 nec
1924 3548 1990 3609 quo
2010 3548 2104 3591 suam
2124 3548 2180 3592 cu·

179 3612 234 3678 hie
254 3634 394 3696 magnae
416 3621 449 3677 et
476 3613 597 3677 arduae
623 3613 771 3694 protinus
799 3619 972 3695 emergimt
993 3611 1154 3693 quaestio-
1205 3612 1385 3677 rioaitatem
1413 3613 1509 3677 sanet
1536 3621 1741 3696 assequetur,
1769 3621 1802 3677 et
1822 3612 2048 3698 labyrinthum
2069 3613 2180 3696 ingre-

179 3720 256 3776 nes,
290 3720 373 3782 quae
406 3699 502 3763 ahter
534 3697 691 3780 explicari
718 3703 899 3780 nequeunt,
931 3718 1030 3780 quam
1058 3697 1085 3763 si
1113 3695 1153 3762 de
1206 3696 1313 3762 dictur
1340 3698 1432 3763 eitius
1459 3698 1588 3762 nullum
1617 3700 1758 3782 reperiet
1778 3700 1911 3764 exitum.
1956 3698 2070 3781 Neque
2092 3698 2182 3763 enim

180 3784 336 3850 electione
370 3806 407 3850 ac
438 3783 732 3867 praedestinatione
765 3784 978 3849 constitutum
1011 3783 1155 3848 habeant
1206 3805 1346 3866 aequum
1367 3790 1430 3863 est,
1451 3792 1489 3848 nt
1509 3805 1592 3867 quae
1613 3786 1648 3849 in
1669 3805 1704 3848 se
1725 3785 1796 3867 ipso
1819 3784 2008 3850 abscondita
2029 3805 2100 3849 esse
2122 3805 2180 3850 vo-

179 3871 253 3951 piae
274 3877 416 3950 mentes,
443 3869 529 3953 quod
551 3876 662 3935 tenere
685 3870 845 3935 convenit
889 3869 955 3934 Hic
976 3875 1087 3934 autem
1106 3869 1154 3934 lo-
1205 3868 1268 3933 luit
1294 3871 1458 3934 Dominus
1483 3871 1618 3952 impune
1640 3870 1737 3935 homo
1759 3871 1917 3949 excutiat,
1948 3878 1981 3934 et
2002 3870 2180 3952 sapientiae

179 3977 237 4021 cus
259 3956 384 4022 duobus
410 3956 566 4021 membris
592 3955 785 4020 continetur.
829 3956 928 4020 Prius
950 3955 1039 4019 enim
1055 3976 1154 4038 expe·
1205 3955 1453 4035 sublimitatem,
1481 3976 1581 4038 quam
1602 3955 1731 4020 adorari
1752 3963 1786 4021 et
1807 3977 1873 4020 non
1901 3955 2101 4039 apprehendi
2123 3977 2180 4021 vo-

180 4041 350 4122 diendum,
379 4043 518 4125 qualiter
543 4040 682 4124 intelligi
710 4039 842 4119 debeat,
869 4040 955 4123 quod
984 4041 1154 4105 hominum
1204 4041 1282 4120 luit,
1310 4047 1348 4106 ut
1374 4043 1563 4125 peripsam
1588 4042 1938 4125 quoqueadmirabilis
1966 4041 2060 4108 nobis
2087 4042 2178 4121 foret,

180 4126 235 4189 alii
259 4127 476 4206 adsalutem,
506 4127 561 4192 alii
583 4126 625 4191 ad
645 4125 888 4191 damnationem
908 4126 1153 4209 praedestinan-
1205 4128 1340 4210 abipsa
1360 4129 1553 4193 aeternitate
1582 4128 1719 4194 evolvat.
1765 4126 1859 4208 Quae
1885 4128 1979 4193 nobis
2000 4128 2178 4193 communi-

180 4222 244 4276 tur.
288 4212 418 4278 Deinde
446 4235 548 4297 quum
570 4220 703 4277 aeterna
722 4233 848 4295 queque
875 4235 987 4278 rerum
1007 4214 1154 4277 omnium
1205 4212 1311 4278 canda
1332 4215 1459 4278 censuit
1480 4213 1657 4279 veluntatis
1678 4236 1757 4280 suae
1780 4236 1915 4292 amana,
1938 4236 1977 4279 ea
1998 4212 2098 4279 verbo
2120 4232 2178 4276 suo

180 4297 376 4379 dispensatio
409 4320 452 4364 ex
479 4299 544 4363 Dei
577 4297 780 4363 ordinatione
812 4299 961 4381 pendeat,
995 4298 1153 4381 quomodo
1205 4298 1454 4365 commendavit.
1500 4299 1637 4365 Censuit
1657 4306 1780 4380 autem,
1811 4307 1972 4383 quatenus
1994 4305 2105 4362 nostra
2126 4298 2178 4361 in·

179 4383 388 4534 prplviderpgia
408 4385 496 4449 illius
516 4395 649 4482 regatur
671 4383 726 4481 hie
747 4383 889 4534 mipplcilus
911 4383 1153 4534 doelmffiduiil·
1205 4390 1327 4534 teresge
1347 4385 1507 4535 n‘ssssqu‘l
1527 4385 1707 4484 conducere
1728 4385 1928 4484 providebat
1984 4470 2002 4532 ‘t
2028 4467 2061 4532 Α
2161 4468 2167 4481 .

88 4517 90 4520 -
206 4490 751 4535 cannamremrsamm
845 4491 1155 4549 or,cumu1
1314 4522 1321 4535 .
1405 4491 1644 4536 uumimusin
1723 4493 1755 4536 nt
1901 4492 1989 4535 rr
2153 4490 2180 4532 u

179 4492 505 4640 hominumqgenere
541 4491 623 4620 milii
661 4491 811 4620 bmnlm
848 4555 1063 4638 praefandum
1078 4491 1153 4622 poelt
1204 4577 1281 4622 nus:
1299 4557 1324 4642 ¹)
1351 4577 1419 4622 eam
1446 4561 1615 4622 constanter
1641 4471 2179 4638 ummuwlpsdwpoouulwao

178 4641 443 4723 Disputationem
465 4642 505 4707 de
526 4641 829 4725 praedestinatione,
853 4663 954 4724 quum
975 4663 1034 4724 per
1056 4663 1090 4706 se
1112 4643 1156 4706 sit
1205 4643 1378 4708 ανόἰανῑνινη
1397 4644 1489 4727 repis,
1511 4644 1547 4708 in
1567 4664 1626 4724 qno
1647 4649 1720 4709 sunt
1746 4662 1849 4718 omnes
1870 4641 2009 4706 tltesauri
2035 4640 2180 4705 scientiae

179 4725 382 4810 aliquantum
409 4728 579 4811 impedita,
603 4727 699 4793 valde
720 4727 925 4811 perplexam,
949 4735 1045 4810 atque
1073 4727 1153 4792 adeo
1205 4734 1233 4793 et
1263 4730 1435 4812 sepiem
1473 4728 1649 4794 absnnditi
1704 4729 1777 4794 Non
1809 4730 1891 4792 enirn
1922 4729 1989 4808 ipse
2021 4724 2179 4789 Dominus

178 4814 392 4892 periculosam
414 4814 522 4880 reddit
542 4814 713 4878 hominum
741 4814 926 4879 curiositas:
950 4835 1032 4898 quae
1055 4813 1154 4878 nullis
1208 4812 1352 4880 cauum
1378 4816 1449 4880 suis
1476 4816 1599 4899 rnapuis
1626 4821 1653 4879 et
1680 4815 1888 4880 selectissirnrs
1914 4811 2079 4891 discipulis
2099 4811 2179 4877 inni

179 4900 343 4982 repagulis
360 4900 504 4966 cohiberi
525 4905 632 4984 potest
651 4900 730 4982 quin
752 4907 786 4964 et
806 4900 842 4964 in
863 4901 982 4965 vetitas
1000 4900 1154 4983 ambages
1205 4899 1307 4979 duat,
1335 4921 1431 4981 quun
1457 4902 1584 4967 eliceret:
1610 4902 1709 4966 multa
1735 4900 1826 4963 babeo
1848 4898 1932 4962 onis
1954 4897 2082 4963 diceudo
2089 4922 2099 4975 ;
2125 4896 2179 4962 sut

180 4992 335 5067 evagetur
356 4994 389 5051 et
410 4989 447 5052 in
469 4986 606 5052 sublime
629 5007 663 5051 se
684 4987 858 5069 proripiat,
880 4985 972 5065 nihil,
997 4987 1025 5049 si
1046 4985 1153 5065 hceat,
1204 5006 1266 5050 uon
1281 4988 1411 5069 potestis
1425 4992 1553 5068 portare
1573 5007 1671 5066 nunc„
1693 4984 1928 5050 Ambularulunu
1949 4989 2001 5063 est,
2016 4984 2179 5067 proficien-

249 5257 277 5323 ι)
296 5258 439 5314 namna
456 5279 481 5315 a.
501 5260 569 5314 neo
589 5260 654 5331 cap.
678 5260 763 5316 um.
1275 5263 1304 5331 1)
1321 5228 1466 5331 naam.
1484 5262 1575 5316 hona.
1594 5261 1926 5330 (protoparentes,
1946 5262 1970 5317 a.
