4770 6030
185 351 268 413 1123
758 344 1025 413 ῙΝΒΤΙΤΠΤΙΟ
1046 348 1152 414 REL.
1174 343 1355 414 OHRIST.
1383 346 1615 407 1539-1554.
2111 341 2195 403 1124

1827 455 1852 507 A
1866 455 2071 522 414;.aiss;
2091 453 2196 509 6411.

190 543 437 618 praeposterimi
458 534 577 598 fiierit?
600 535 763 599 Dominus
786 540 864 618 e'rgo
887 557 946 599 rex
968 543 1019 600 est
1039 557 1167 619 regum:
1216 535 1323 617 inquit
1346 531 1500 598 Solomon
1525 532 1637 614 (Prov.
1661 536 1708 603 16,
1732 531 1794 615 14).
1813 441 1908 594 [Sed
1936 551 2036 611 quum
2064 529 2153 594 istud
2176 551 2198 593 a

190 623 247 704 qui
269 620 324 685 ubi
346 641 474 686 sacrum
497 641 533 684 os
555 621 691 702 aperuit,
714 643 800 685 unus
822 642 881 704 pro
903 621 1054 686 omnibus
1072 623 1169 686 simul
1216 620 1346 687 coelesti
1374 639 1533 701 praecone
1562 620 1662 683 Petro
1695 617 1943 699 pronuntiatum
1971 617 2014 680 sit
2041 615 2195 693 edictum,

191 727 229 771 ac
251 727 351 788 supra
372 728 483 770 omnes
504 707 547 770 sit
569 705 764 784 audiendus;
788 708 829 771 iis
853 706 979 785 deinde,
1002 707 1057 788 qui
1075 708 1170 773 nobis
1216 704 1433 771 obediendum
1461 705 1533 768 Deo
1560 704 1684 786 potius,
1708 724 1805 784 quam
1840 701 2027 766 hominibus
2056 701 2196 784 (11615,

190 798 354 875 praesunt,
378 791 567 855 hominibus
589 793 725 858 subiecti
748 815 875 872 sumus;
904 792 961 857 sed
983 794 1112 857 nonnisi
1134 794 1170 856 in
1218 792 1283 876 29),
1318 792 1380 857 hac
1413 811 1472 854 nos
1505 789 1700 873 cogitatione
1733 787 1944 853 conaremur.
1994 787 2092 852 Illam
2123 797 2197 852 tum

189 879 269 960 ipso.
315 877 501 942 Adversus·
512 878 620 961 ipsum
648 879 676 942 si
705 877 783 960 quid
805 880 980 960 imperent,
1009 878 1101 943 nullo
1128 880 1171 943 sit
1216 899 1275 943 nos
1303 883 1483 960 praestare,
1508 897 1606 958 quam
1633 875 1796 939 Dominus
1821 874 1937 955 exigit,
1965 873 2196 951 obedientiam,

189 985 250 1028 nec
273 963 350 1034 loco,
373 985 433 1029 nec
456 984 601 1027 numero.
647 964 762 1046 Neque
786 964 839 1028 hic
861 972 964 1028 totam
994 965 1085 1028 illam
1107 984 1172 1047 qua
1217 965 1296 1028 dum
1318 961 1446 1046 quidvis
1469 961 1670 1045 perpetimur
1692 962 1809 1042 potius,
1833 980 1929 1041 quam
1954 960 2114 1041 apietate
2139 959 2197 1024 de-

63 1083 66 1091 ·
188 1050 402 1132 magistratus
423 1049 548 1131 pollent
568 1049 762 1132 dignitatem
790 1050 968 1133 quidquam
989 1072 1169 1114 moremur:
1216 1053 1394 1115 flectamus.
1449 1049 1496 1112 Et
1526 1069 1568 1112 ne
1607 1046 1701 1111 nobis
1740 1045 1907 1111 labescant
1945 1045 2060 1121 animi,
2094 1046 2198 1109 alium

189 1135 242 1201 cui
264 1136 384 1199 iniuria
405 1135 497 1199 nulla
518 1136 571 1214 fit,
607 1135 684 1200 dum
713 1137 747 1199 in
771 1136 933 1213 ordinem,
957 1157 1036 1220 prae
1058 1138 1171 1220 singu·
1217 1139 1316 1202 etiam
1355 1133 1526 1199 stimulum
1564 1132 1690 1197 Paulus
1728 1130 1880 1196 admovet
1913 1129 2096 1215 (10617,
2123 1135 2196 1213 25):

188 1219 252 1284 lari
290 1221 346 1284 illa
384 1242 525 1303 vereque
564 1243 692 1286 summa
725 1223 788 1286 Dei
823 1231 997 1305 potestate,
1033 1224 1168 1306 cogitur.
1216 1244 1276 1286 nos
1296 1221 1369 1285 ideo
1392 1221 1475 1283 tanti
1498 1241 1518 1282 a
1540 1218 1672 1283 Christo
1694 1217 1880 1301 redemptos
1902 1238 1981 1294 esse,
2014 1218 2128 1298 quanti
2149 1217 2202 1282 illi

190 1304 266 1371 Scio
296 1316 456 1388 quantum
484 1329 644 1390 quamque
671 1329 826 1389 praesens
859 1308 936 1374 huic
971 1310 1170 1374 constantiae
1217 1307 1364 1372 constitit
1375 1313 1487 1369 nostra
1499 1304 1689 1386 redempti0,
1712 1324 1754 1367 ne
1767 1303 1877 1385 pravis
1890 1303 2061 1367 hominum
2072 1303 2201 1385 cupidi·

140 1448 143 1452 Α
189 1393 372 1474 periculum
394 1394 576 1457 immineat:
601 1392 686 1474 quod
708 1393 936 1477 indignissime
954 1417 989 1458 se
1007 1393 1172 1459 contemni
1217 1394 1338 1457 tatibus
1372 1412 1483 1456 servos
1512 1412 1571 1454 nos
1601 1388 1805 1466 addicamus,
1838 1389 1941 1452 multo
1975 1409 2054 1453 vero
2086 1391 2201 1454 minus

189 1499 284 1562 reges
305 1479 426 1558 ferant3
449 1499 588 1561 quorum
610 1478 793 1562 indignatio
816 1481 952 1544 nuntius
975 1489 1025 1544 est
1045 1480 1170 1557 mortis,
1216 1479 1385 1562 impietati.
1824 1476 1829 1487 ‘

727 2268 931 2355 CAPUT
963 2270 1321 2356 VIGESIMUM
1351 2269 1613 2355 PRIMUM.
1644 2263 1668 2347 ¹)

675 2473 768 2570 DE
796 2474 958 2571 VITA
985 2474 1275 2572 HOMINIS
1304 2466 1708 2572 CHRISTIANI.

278 2680 303 2738 1.
348 2676 439 2739 Dum
460 2676 563 2738 vitam
589 2674 760 2740 christiani
787 2676 930 2741 hominis
962 2678 1168 2741 formandam
1220 2698 1299 2742 rem.
1344 2678 1418 2760 Hpc
1435 2685 1565 2741 tantum
1589 2677 1734 2752 interest
1758 2673 1843 2756 quod
1865 2675 1923 2751 illi,
1955 2683 2200 2740 1161111111-

188 2762 338 2844 suscipi0,
358 2769 589 2844 argumentum
607 2761 774 2844 ingredior
791 2762 921 2826 varium
940 2769 973 2826 et
992 2764 1166 2845 copiosum,
1219 2763 1329 2828 bitiosi
1348 2762 1506 2840 homines,
1530 2761 1728 2843 exquisitam
1747 2759 1967 2842 dispositionis
1982 2761 2198 2843 perspicuita-

188 2855 222 2914 et
242 2845 328 2929 quod
355 2845 582 2930 magnitudine
609 2868 670 2911 sua
691 2846 827 2930 longum
854 2848 1008 2914 volumen
1036 2848 1168 2997 explere
1219 2857 1301 2927 tem,
1336 2870 1401 2931 qua
1422 2849 1549 2932 ingenii
1577 2847 1808 2911 dexteritatem
1835 2853 2049 2925 ostentarent,
2082 2846 2197 2912 sedulo

141 2929 145 2943 '
186 2933 303 3018 possit,
338 2933 367 2997 11
395 2933 541 2996 numeris
573 2933 641 2996 suis
673 2929 824 2998 omnibus
856 2934 966 3016 ipsum
1001 2935 1077 2999 abso
1091 2955 1168 2999 vere
1220 2935 1424 3014 affectarunt,
1448 2935 1583 3017 spiritus
1605 2954 1684 2998 vero
1706 2933 1780 3010 Dei,
1804 2932 1880 3014 quia
1902 2933 1973 2998 sine
1995 2932 2201 2998 affectatione

186 3019 295 3084 libeat.
350 3018 512 3082 Videmus
550 3019 638 3082 enim
676 3018 712 3081 in
750 3026 907 3101 quantam
945 3020 1167 3102 prolixitatem
1220 3020 1369 3100 docebat,
1396 3041 1463 3084 non
1485 3021 1532 3084 ita
1554 3028 1683 3097 exacte,
1709 3040 1770 3083 nec
1797 3026 1954 3101 perpetuo
1981 3018 2204 3084 methodieam

187 3103 413 3169 diffundantur
440 3112 590 3168 veterum
616 3124 825 3187 paraeneses,
860 3104 900 3170 de
928 3107 1066 3189 singulis
1093 3112 1167 3170 tan·
1221 3108 1381 3171 rationem
1403 3106 1605 3185 observavit3
1634 3126 1734 3188 quam
1760 3110 1871 3168 tamen
1899 3103 1978 3168 dum
2003 3104 2123 3170 alicubi
2144 3126 2202 3188 po-

186 3197 260 3255 tum
294 3189 473 3256 virtutibus
509 3191 713 3272 compositae.
758 3191 873 3274 Neque
906 3191 940 3255 id
972 3191 1167 3274 loquacitate
1221 3194 1278 3272 nit,
1302 3194 1381 3258 11111
1403 3193 1520 3269 innuit,
1542 3214 1609 3255 non
1632 3212 1703 3256 esse
1725 3212 1745 3254 a
1766 3191 1860 3255 nobis
1882 3189 2124 3274 negligendam}

186 3276 304 3354 nimia3
327 3275 488 3358 siquidem
509 3296 736 3358 quamcunque
757 3279 918 3341 virtutem
939 3277 1168 3342 commendare
1307 3281 1336 3342 2.
1381 3279 1486 3343 Porro
1508 3277 1634 3342 duabus
1662 3277 1869 3359 potissimum
1896 3275 2044 3359 partibus
2072 3277 2202 3341 incum-

186 3363 332 3427 oratione
353 3362 558 3445 propositum
580 3362 631 3440 sit,
660 3361 747 3427 ultro
775 3363 870 3428 stilus
899 3364 1028 3428 ineam
1052 3363 1168 3446 ampli·
1221 3364 1269 3428 bit
1281 3363 1372 3443 haec,
1386 3364 1426 3428 de
1438 3385 1504 3446 qua
1515 3363 1688 3446 loquimur,
1712 3362 1893 3444 scripturae
1910 3362 2080 3427 institutio.
2103 3363 2203 3427 Prior

186 3447 350 3526 tudinem,
373 3449 530 3513 materiae
558 3448 665 3531 copia,
688 3447 881 3527 deducitur,
914 3457 952 3514 nt
977 3450 1040 3512 rita
1065 3449 1167 3514 disse·
1222 3458 1279 3528 est,
1302 3456 1340 3513 ut
1359 3451 1502 3514 iustitiae
1525 3471 1631 3527 amor,
1661 3448 1702 3513 ad
1724 3469 1821 3531 quem
1849 3447 1968 3530 alioqui
1997 3456 2119 3512 natura
2138 3447 2202 3511 mi·

185 3535 293 3597 1111116
314 3554 381 3597 161
400 3533 558 3613 videaris,
580 3533 643 3599 uisi
672 3534 777 3599 multa
805 3533 936 3600 dixeris.
981 3534 1068 3599 Mihi
1093 3555 1168 3598 vero
1207 3537 1310 3599 111116
1331 3536 1484 3618 propensi
1505 3557 1632 3613 sumus,
1661 3535 1920 3598 animisnostris
1940 3534 2134 3612 instilletur,
2164 3555 2203 3599 ao

186 3620 315 3683 animus
337 3640 406 3683 non
434 3627 498 3696 est,
528 3628 705 3702 quemme
733 3620 930 3685 traditurum
961 3641 1049 3684 nunc
1070 3622 1169 3702 profi·
1221 3621 1398 3701 inseratur3
1412 3621 1436 3704 ¹)
1470 3622 1587 3699 altera,
1619 3628 1671 3685 ut·
1685 3620 1778 3684 nobis
1804 3640 1920 3683 161111
1949 3620 2201 3702 praescribatur,

190 3711 262 3767 teor
283 3705 370 3768 vitae
389 3705 637 3782 institutionem,
668 3725 705 3769 6ο
728 3727 830 3787 usque
853 3705 1045 3784 extendere,
1076 3712 1170 3770 utet
1222 3728 1305 3790 quae
1337 3729 1396 3772 nos
1429 3708 1463 3770 in
1497 3707 1641 3772 iustitiae
1679 3705 1786 3770 studio
1819 3706 1972 3770 aberrare
2003 3727 2072 3770 non
2104 3706 2200 3770 sinat

189 3790 397 3871 peculiariter
418 3791 565 3875 singulas
586 3798 802 3874 prosequatur
823 3793 970 3869 virtutes,
1000 3798 1033 3855 61
1053 3793 1088 3855 in
1111 3814 1169 3856 ex·
1222 3792 1509 3858 Commendandae
1533 3800 1642 3857 autem
1671 3792 1814 3856 iustitiae
1836 3792 1978 3857 rationes
2006 3792 2105 3856 habet
2127 3791 2201 3873 plu-

190 3874 392 3939 hortationes
414 3878 624 3959 exspatiatur.
669 3878 724 3941 Ex
751 3877 1169 3961 aliorumso1iptis,prao-
1222 3879 1322 3943 rimas
1344 3887 1378 3943 et
1399 3881 1552 3961 optimas,
1583 3900 1624 3942 ex
1652 3878 1769 3959 quibus
1796 3876 1918 3941 multas
1940 3898 2041 3959 supra
2063 3876 2202 3942 diversis

191 3961 305 4026 sertim
333 3983 411 4025 1616
439 3983 481 4026 ex
510 3970 659 4026 veterum
696 3962 855 4042 homiliis,
890 3965 971 4029 haec
1004 3971 1168 4046 petantur.
1221 3964 1301 4029 locis
1322 3966 1518 4042 notavimus,
1541 3963 1716 4028 nonnullas
1738 3962 1846 4028 adbuc
1868 3964 2012 4028 breviter
2029 3963 2083 4029 hic
2100 3963 2203 4027 attin·

190 4046 276 4112 Mihi
299 4046 428 4111 abunde
450 4050 521 4126 erit,
544 4049 571 4113 si
597 4048 790 4113 methodum
810 4050 995 4127 ostendero,
1024 4071 1090 4131 qua
1117 4051 1171 4115 vir
1222 4071 1345 4134 gemus.
1379 4052 1412 4114 A
1428 4071 1491 4133 qno
1509 4049 1722 4114 fundamento
1740 4048 1858 4113 melius
1879 4049 2078 4127 exordiatur,
2102 4070 2202 4131 quam

189 4133 263 4215 pius
286 4131 328 4197 ad
349 4140 474 4197 rectum
496 4134 741 4199 constituendae
764 4136 852 4200 vitae
874 4156 1007 4225 scopum
1030 4135 1169 4200 deduca—
1223 4135 1301 4199 dum
1323 4136 1492 4213 admonet,
1516 4157 1575 4202 nos
1599 4136 1795 4201 sanctificari
1817 4142 1981 4216 oportere,
2010 4135 2087 4218 quia
2107 4136 2201 4200 Deus

190 4225 260 4297 tur;
288 4238 325 4282 ac
353 4218 500 4302 regulam
528 4219 693 4302 quandam
722 4221 943 4287 universalem
964 4222 1109 4286 breviter
1130 4223 1169 4285 fi·
1221 4229 1332 4287 noster
1360 4231 1492 4288 sanctus
1515 4229 1565 4286 est·
1591 4222 1687 4307 (1161.
1711 4226 1759 4299 19,
1785 4225 1803 4282 2
1810 4243 1819 4299 ;
1846 4221 1969 4285 1Ρ611.
1992 4226 2018 4299 1,
2047 4219 2125 4305 16)?
2156 4221 2202 4285 si-

157 4313 161 4320 ’
189 4305 290 4382 11616,
314 4304 355 4368 ad
377 4326 476 4387 quam
497 4305 603 4371 officia
624 4327 684 4371 sua
700 4327 768 4369 non
785 4307 872 4372 male
890 4309 1008 4391 exigat.
1049 4307 1169 4372 Decla-
1222 4307 1366 4390 quidem,
1400 4329 1501 4390 quum
1534 4309 1639 4372 instar
1672 4307 1882 4372 disiectarum
1919 4308 2030 4373 ovium
2064 4307 2203 4389 dispersi

189 4390 390 4456 mationibus
410 4413 506 4456 suum
526 4391 700 4474 aliquando
718 4393 801 4456 forte
823 4400 954 4477 tempus
976 4395 1052 4472 erit;
1074 4414 1170 4475 prae·
1222 4404 1366 4458 essemus
1394 4415 1431 4458 ac
1457 4414 1516 4476 per
1542 4392 1658 4457 mundi
1686 4392 1913 4477 labyrinthum
1941 4392 2102 4475 dissipati,
2132 4393 2203 4475 ipse

191 4475 293 4540 sentis
327 4483 436 4541 autem
468 4477 574 4560 operis
612 4479 695 4542 ratio
728 4480 885 4559 postulat,
921 4487 958 4542 ut
988 4478 1169 4562 simplicem
1222 4502 1282 4544 nos
1313 4479 1480 4563 recollegit
1512 4485 1549 4543 ut
1582 4480 1644 4544 sibi
1677 4485 1880 4562 aggregaret.
1926 4477 2038 4558 Quum
2069 4488 2203 4544 nostrae

191 4560 382 4641 doctrinam,
412 4571 536 4645 quanta
562 4562 674 4628 licebit
701 4563 876 4643 brevitate,
899 4566 1167 4647 perstringamus
1222 4588 1297 4631 cum
1318 4567 1390 4630 Deo
1412 4565 1649 4631 coniunctionis
1671 4565 1871 4629 mentionem
1894 4565 2054 4641 audimus,
2084 4565 2202 4629 memi-

191 4644 476 4728 Quemadmodum
504 4656 615 4713 autem
643 4654 747 4712 certos
770 4650 853 4713 recti
881 4658 914 4714 et
935 4650 1065 4714 honesti
1087 4651 1169 4713 fines
1222 4651 1366 4717 norimus
1385 4653 1594 4717 sanctitatem
1612 4659 1762 4734 oportere
1781 4651 1851 4715 eius
1869 4672 1940 4715 esse
1952 4650 2116 4733 copulam3
2134 4671 2202 4714 non

190 4731 313 4797 habent
333 4733 533 4816 philosophi,
567 4732 654 4797 undo
676 4733 888 4816 particularia
909 4736 1024 4814 officia,
1047 4742 1169 4799 totum·
1221 4738 1299 4820 quia
1316 4739 1496 4803 sanctitatis
1517 4737 1634 4802 merito
1656 4738 1826 4802 veniamus
1853 4737 1888 4800 in
1911 4738 1979 4802 eius
2001 4737 2203 4802 communio-

190 4838 253 4900 que
275 4819 435 4884 virtutum
458 4820 595 4885 chorum
617 4818 795 4898 deducunt,
825 4820 872 4883 ita
894 4842 954 4884 nec
976 4820 1089 4886 ordine
1110 4843 1169 4887 suo
1220 4844 1297 4887 nem
1321 4824 1437 4908 (quum
1458 4825 1567 4906 potius
1591 4823 1769 4887 adhaerere
1790 4823 1894 4904 primo
1917 4823 1965 4886 illi
1993 4831 2142 4905 oporteat
2163 4829 2203 4886 ut

191 4913 280 4968 caret
301 4905 336 4967 in
359 4904 420 4970 hoc
442 4907 617 4989 scriptura3
646 4905 725 4988 quin
753 4906 1007 4995 pulcherrimam
1035 4928 1168 4973 oecono-
1221 4909 1291 4973 6111
1314 4910 1487 4974 sanctitate
1509 4906 1776 4993 perfundamur),
1806 4908 1864 4973 sed
1891 4909 2045 4991 quoniam
2066 4907 2109 4972 ad
2131 4909 2202 4973 eius

190 4989 290 5052 miam
312 4997 410 5069 tenet,
432 5012 470 5057 ac
491 4991 723 5074 philosophicis
746 4992 897 5057 omnibus
919 4990 1039 5056 multo·
1051 4993 1168 5058 certio-
1221 4995 1359 5078 gloriam
1376 5016 1575 5080 magnopere
1594 4996 1745 5077 pertinet,
1763 5015 1831 5059 non
1848 5016 1918 5059 esse
1936 4994 1984 5060 illi
2001 4995 2204 5060 consortium

260 5259 289 5330 1)
309 5261 451 5316 Editiom'a
469 5279 493 5317 a.
512 5262 580 5317 laea
600 5263 665 5331 Oap.
687 5264 714 5317 X
720 5263 787 5318 Vll.
1289 5220 1319 5327 ll
1336 5269 1469 5322 inseratur
1487 5267 1563 5322 1550.
1583 5267 1658 5322 1553.
