4770 6030
194 362 258 426 873
443 359 543 425 OAP.
560 356 656 423 XIV.
675 355 804 442 (VHL)
846 357 911 422 DE
930 352 1404 423 Pataaasrmffloaa
1427 356 1488 421 ΕΤ
1508 353 1833 422 ΡΒΟΠΒΕΝΤΙΑ
1853 358 1945 423 Dua
2129 361 2193 422 874

193 473 307 529 uasa·
325 475 438 540 naen
457 471 559 527 cass.

195 516 331 634 gereret.
377 547 474 629 Quod
506 549 534 612 si
560 458 625 612 bei
653 545 858 628 providentia
884 545 919 610 in
941 545 1027 609 hanc
1055 543 1166 608 condi·
1218 543 1342 625 impios.
1387 542 1455 609 Sed
1476 566 1535 610 cur
1560 546 1749 627 permittere
1777 545 1936 623 dicemus,
1965 547 2028 610 nisi
2049 547 2127 628 quia
2146 547 2194 611 ita

193 637 315 699 tionem
340 634 437 698 homo
465 640 593 699 creatus
624 639 687 709 est,
721 639 758 695 nt
783 639 895 713 postea
921 631 1043 696 faceret
1068 649 1167 711 quae-
1218 629 1311 693 vult?
1357 628 1555 712 Quanquam
1582 651 1644 696 nee
1671 632 1780 712 ipsum
1808 631 1938 713 quidem
1966 653 2025 714 per
2054 653 2088 696 se
2117 654 2193 715 pro·

194 741 321 802 cunque
342 721 428 798 facit,
452 741 518 783 non
540 739 610 783 esse
631 718 680 781 illi
700 718 828 782 crimini
848 716 1058 789 vertendum,
1081 712 1167 795 quod
1219 715 1327 783 babile
1348 722 1411 792 est,
1440 717 1510 780 sola
1530 718 1594 781 Dei
1615 717 1841 798 permissione,
1863 716 1955 782 nulla
1982 717 2193 796 ordinatione,

193 827 254 871 nec
276 807 419 889 effugere
437 806 548 888 possit,
569 812 602 867 et
617 804 682 867 Dei
699 803 865 868 voluntate
884 803 1047 882 suscipiat.
1076 800 1167 882 Ergo
1220 800 1385 865 hominem
1408 802 1468 866 sibi
1491 803 1665 867 accersisse
1686 803 1864 867 interitum.
1910 801 2014 882 Quasi
2031 824 2109 867 vero
2126 825 2193 867 non

193 891 363 957 videamus
391 890 550 974 quomodo
577 890 638 953 rite
666 887 770 953 nodus
798 888 851 953 hie
873 887 1018 969 expediri
1041 885 1165 950 debeat
1220 888 1423 951 constituerit
1453 889 1561 964 Deus,
1600 909 1666 970 qua
1697 888 1879 953 conditione
1911 890 2120 970 praecipuam
2152 912 2193 953 ex

192 979 344 1043 Primum
365 978 526 1053 omnium,
555 983 703 1041 constare
724 976 945 1038 interamnae
966 972 1061 1037 debet
1081 963 1186 1052 quod‘
1220 973 1379 1060 creaturis
1401 974 1468 1037 suis
1490 995 1561 1037 esse
1582 974 1690 1038 vellet.
1735 975 1811 1038 Non
1829 974 1984 1038 dubitabo
2001 975 2102 1058 igitur
2120 997 2194 1040 eum

194 1064 240 1128 ait
270 1061 426 1129 Salomon
458 1061 570 1145 (Prov.
597 1065 645 1137 16,
668 1060 719 1144 4),
752 1061 860 1124 Deum
894 1059 1005 1122 omnia
1035 1066 1168 1138 propter
1219 1058 1405 1140 Augustino
1419 1059 1442 1140 ¹)
1465 1059 1655 1141 simpliciter
1675 1061 1784 1135 fateri,
1812 1061 2015 1124 voluntatem
2036 1061 2100 1124 Dei
2123 1082 2194 1126 esse

194 1150 404 1230 semetipsum
438 1146 633 1223 condidisse,
673 1147 811 1227 impium
843 1165 968 1226 quoque
1005 1142 1047 1206 ad
1081 1142 1168 1206 diem
1218 1164 1330 1207 rerum
1362 1145 1604 1222 necessitatem,
1637 1153 1735 1227 atque
1765 1146 1800 1208 id
1832 1147 2014 1211 necessario
2046 1147 2195 1210 futurum

195 1235 327 1298 malurn.
377 1235 464 1298 Ecce
491 1254 591 1315 quum
623 1253 741 1295 rerum*
761 1232 906 1304 omnium
935 1228 1101 1311 dispositio
1133 1229 1168 1291 in
1220 1229 1398 1314 essequod
1420 1230 1474 1294 ille
1495 1230 1647 1294 voluerit:
1678 1232 1950 1312 quemadmodum
1980 1253 2019 1295 ea
2045 1254 2121 1297 vere
2143 1234 2194 1297 fu-

195 1341 296 1384 manu
321 1320 387 1384 Dei
414 1321 470 1396 sit,
495 1340 595 1400 quum
622 1339 722 1399 penes
749 1318 857 1398 ipsum
884 1314 1024 1379 resideat
1053 1313 1168 1378 salutis
1219 1321 1295 1378 tura
1315 1322 1394 1379 sunt
1414 1337 1497 1398 quae
1518 1315 1725 1400 praeviderit.
1769 1317 1866 1382 Nune
1895 1338 1973 1382 vero
2000 1319 2026 1381 si
2053 1340 2113 1401 pro
2135 1341 2195 1383 sua

196 1426 234 1471 se
256 1406 370 1469 mortis
391 1406 578 1481 arbitrium,
607 1403 740 1468 consilio
762 1409 909 1483 nutuque
931 1421 990 1465 suo
1011 1400 1059 1463 ita
1080 1399 1167 1462 ordi·
1219 1410 1253 1463 et
1271 1401 1446 1483 impiorum
1474 1403 1683 1466 excusatione
1705 1402 1757 1467 vel
1788 1403 1975 1486 Pelagiani,
2004 1404 2056 1468 vel
2085 1405 2194 1469 Mani·

194 1497 267 1567 nat,
298 1498 335 1554 ut
362 1491 448 1554 inter
475 1491 623 1554 homines
648 1494 840 1565 nascantur,
858 1487 1035 1574 wplantare
1060 1492 1167 1550 certae
1220 1485 1326 1564 chael,
1360 1487 1413 1551 vel
1440 1487 1693 1569 Anabaptistae,
1726 1488 1778 1552 vel
1808 1489 1963 1569 Epicurei
1998 1488 2091 1573 (nam
2119 1512 2194 1555 cum

195 1577 293 1641 morti
314 1575 430 1651 devoti,
453 1577 507 1658 qui
526 1597 586 1639 sua
602 1573 781 1656 perditione
794 1574 819 1656 ¹)
840 1566 942 1654 ipsius
959 1592 1080 1635 nomen
1098 1570 1166 1653 glo-
1219 1571 1290 1636 istis
1312 1581 1451 1654 quatuor
1477 1574 1572 1638 scetis
1600 1574 1692 1638 nobis
1720 1575 1753 1636 in
1784 1574 1845 1639 hee
1872 1587 2065 1657 argumento
2094 1597 2193 1658 nego-

194 1663 330 1726 rificent.
375 1659 413 1725 Si
435 1663 506 1742 quis
527 1668 687 1736 causetur,
709 1658 835 1723 nullam
857 1659 905 1722 eis
925 1657 1038 1721 inferri
1055 1677 1167 1720 neces·
1219 1657 1301 1720 tiurn
1324 1657 1388 1743 est)
1409 1660 1635 1723 necessitatem
1663 1680 1728 1741 qua
1749 1682 1790 1723 ex
1812 1660 1875 1724 Dei
1897 1661 2193 1743 praedestinatione

194 1747 324 1812 sitalem
357 1768 400 1810 ex
426 1747 490 1811 Dei
523 1746 741 1828 providentia,
775 1743 832 1809 sed
858 1744 965 1825 potius
992 1762 1031 1806 ea
1056 1741 1167 1806 condi·
1219 1745 1489 1827 constringuntur
1515 1745 1683 1822 obiiciant,
1711 1745 1794 1808 nihil
1817 1747 1960 1810 afferunt
1988 1747 2028 1810 ad
2045 1754 2194 1812 ‘causam

195 1833 283 1897 tione
306 1853 326 1895 a
346 1832 488 1896 Domino
517 1853 587 1896 esse
609 1839 749 1908 creatos,
773 1830 926 1912 quoniam
946 1829 1091 1909 futuram
1113 1848 1166 1892 eo-
1217 1827 1379 1893 idoneum.
1431 1828 1468 1894 si
1502 1830 1588 1894 enirn
1621 1830 1875 1913 praedestinatio
1907 1832 1989 1895 nihil
2023 1833 2110 1896 aliud
2144 1840 2195 1897 est

194 1940 269 1983 rum
297 1919 493 1999 pravitatem
521 1917 732 1999 praeviderit:
761 1936 866 1997 neque
889 1913 972 1977 nihil
995 1912 1086 1990 dicit,
1108 1932 1166 1977 ne·
1218 1935 1317 1996 quam
1351 1915 1480 1979 divinae
1512 1916 1673 1991 iustitiae,
1707 1917 1852 1981 occultae
1883 1917 2015 1999 quidem
2050 1919 2107 1983 sed
2142 1921 2193 1984 in-

193 2025 255 2087 que
277 2013 390 2067 totum.
436 2002 552 2068 Solent
573 2002 704 2084 quidem
730 2001 897 2065 interdum
924 1999 986 2064 hac
1008 1999 1167 2063 solutione
1219 2000 1377 2083 culpatae,
1401 1999 1612 2082 dispensatio,
1640 2003 1716 2084 quia
1738 2023 1802 2066 non
1829 2002 1983 2086 indignos
2003 2005 2102 2070 luisse
2124 2027 2193 2070 cer-

193 2091 243 2153 ati
263 2099 404 2167 veteres,
433 2087 490 2155 sed
512 2090 605 2170 quasi
634 2087 827 2152 dubitanter.
874 2084 1067 2151 Scholastiei
1088 2105 1166 2148 vero
1218 2093 1289 2150 tum
1308 2095 1358 2149 est
1374 2087 1430 2168 qui
1447 2087 1481 2149 in
1499 2108 1571 2151 eam
1590 2097 1709 2150 sortem
1732 2088 2062 2170 praedestinarentur,
2084 2092 2193 2156 iustis·

192 2175 228 2237 in
251 2196 289 2238 ea
315 2174 498 2256 quieseunt,
523 2197 560 2239 ae
588 2175 616 2237 si
642 2173 726 2237 nihil
760 2178 873 2238 eontra
899 2172 1018 2254 opponi
1047 2178 1164 2253 posset.

192 2261 354 2342 Equidem
377 2261 624 2342 praescientiam
646 2259 748 2324 solam
771 2258 897 2322 nullam
915 2259 1036 2320 inferre
1054 2277 1165 2320 neces·

194 2347 323 2411 nitatem
351 2347 509 2410 creaturis
535 2345 675 2409 libenter
709 2364 910 2420 concessero,
944 2343 1072 2406 tametsi
1100 2362 1166 2405 non

193 2452 305 2495 omncs
327 2434 553 2496 assentiantur.
599 2429 687 2496 Sunt
708 2432 796 2494 enim
824 2430 880 2511 qui
908 2429 1012 2509 ipsam
1040 2448 1166 2509 qaoque

193 2539 325 2582 eausam
353 2539 464 2581 rerum
496 2539 566 2582 esse
599 2516 722 2581 volunt.
767 2516 892 2578 Verum
926 2513 1008 2577 mibi
1040 2514 1166 2578 acutius

194 2623 231 2668 ac
242 2603 434 2685 prudentius
446 2602 575 2667 videtur
590 2603 795 2684 perspexisse
812 2600 919 2677 Valla,
938 2600 993 2681 qui
1011 2619 1166 2680 superva-

193 2710 288 2754 cuam
311 2711 380 2754 esse
400 2689 485 2753 hane
513 2690 752 2754 contentionem
775 2685 930 2763 ostendit,
958 2685 1112 2766 quoniam
1134 2691 1167 2746 et

192 2775 261 2839 vita
282 2784 315 2839 et
340 2797 428 2839 mors
455 2773 586 2838 divinae
613 2795 667 2838 ma
693 2775 718 2838 's
749 2772 927 2838 voluntatis
954 2791 1051 2852 quarn
1072 2790 1167 2852 prae·

192 2861 345 2924 scientiae
372 2862 439 2925 sint
466 2861 615 2925 actiones.
688 2861 698 2922 i
726 2859 896 2922 hominum
928 2863 1046 2920 eventa
1072 2875 1167 2936 prae·

193 2945 319 3008 videret
357 2947 448 3010 Deus
486 2946 660 3036 duntaxat,
701 2966 769 3009 nen
808 2944 906 3008 etiarn
942 2962 1000 3007 suo
1033 2941 1167 3005 arbitrio

194 3029 378 3111 disponeret
405 3053 442 3096 ae
464 3031 643 3108 ordinaret,
671 3038 741 3094 tum
763 3051 829 3093 non
851 3030 909 3093 abs
931 3050 967 3091 rc
989 3029 1168 3110 agitaretur

193 3118 352 3196 quaestio,
381 3117 495 3198 ecquid
524 3117 565 3181 ad
594 3138 705 3181 eorum
735 3115 961 3180 necessitatem
989 3113 1097 3177 valeat
1117 3113 1167 3194 ip·

193 3201 260 3266 sius
273 3202 495 3282 providentia.
542 3200 608 3268 Sed
631 3224 732 3285 quum
758 3223 825 3265 non
847 3200 911 3264 alia
937 3200 1063 3263 ratione
1084 3218 1167 3280 quae

193 3287 303 3350 futura
325 3296 409 3363 sant,
432 3289 635 3370 praevideat,
665 3289 728 3353 nisi
750 3288 827 3369 quia
847 3287 894 3349 ita
914 3293 952 3348 ut
972 3287 1089 3348 fierent
1111 3282 1166 3347 de·

193 3374 305 3447 crevit,
328 3374 451 3438 frustra
472 3374 512 3438 de
533 3375 748 3456 praescientia
770 3373 812 3436 lis
831 3379 990 3448 movetur,
1012 3370 1068 3434 ubi
1090 3391 1166 3434 een-

193 3465 259 3521 stat
280 3458 482 3523 ordinatione
501 3460 609 3541 potius
631 3470 664 3522 et
685 3467 767 3522 nutu
796 3459 905 3521 omnia
926 3457 1065 3522 evenire.
1110 3454 1167 3519 In·

193 3544 296 3607 ficiari
318 3566 395 3627 ergo
416 3567 482 3608 non
504 3547 625 3627 poteris
633 3547 662 3628 ²)
680 3546 759 3626 quin
777 3542 988 3625 praesciverit
1005 3542 1166 3606 Dominus

193 3650 289 3710 quem
317 3631 440 3694 exitum
470 3639 554 3694 esset
583 3631 753 3695 habiturus
776 3630 887 3705 horno,
916 3637 1090 3709 antequam
1116 3628 1166 3708 ip-

190 3736 263 3778 sum
286 3716 447 3793 conderet,
470 3729 504 3780 et
524 3717 596 3780 ideo
619 3717 838 3798 praesciverit,
861 3715 938 3796 quia
959 3713 1091 3777 decreto
1108 3733 1167 3777 suo

190 3801 237 3865 sic
269 3802 443 3866 ordinarat.
498 3803 539 3866 In
571 3802 819 3884 praescientiam
851 3800 915 3864 Dei
948 3800 975 3864 si
1008 3800 1080 3881 quis
1112 3798 1166 3861 hic

189 3886 382 3965 invehatur,
421 3897 542 3952 temere
581 3897 615 3952 et
646 3887 827 3952 inconsulte
859 3885 1019 3968 impingit
1076 3882 1166 3964 Quid

190 3974 291 4046 enim,
321 3995 455 4055 quaeso,
484 3982 548 4051 est,
574 3996 632 4040 cur
653 3995 729 4037 reus
751 3979 869 4055 agatur
889 3971 1066 4048 Dominus,
1089 3970 1166 4052 quia

190 4078 256 4120 non
279 4059 478 4141 ignoraverit
506 4059 590 4141 quod
612 4061 758 4123 futurum
782 4057 874 4122 erat?
920 4057 958 4119 In
986 4054 1164 4138 praedesti-

191 4144 356 4206 nationem
379 4146 540 4226 competit,
569 4144 694 4227 siquid
722 4152 772 4208 est
793 4143 847 4209 vel
867 4144 985 4218 iustae,
1016 4140 1069 4207 vel
1091 4162 1164 4224 spe-

191 4228 295 4294 ciosae
330 4231 558 4309 querimoniae.
616 4231 685 4296 Nec
720 4229 897 4294 absurdum
932 4227 1036 4291 videri
1069 4227 1165 4291 debet

190 4314 276 4396 qaod
298 4313 377 4392 dico,
401 4317 524 4393 Deam,
554 4338 619 4379 non
642 4315 737 4380 modo
758 4316 856 4397 primi
879 4314 1024 4377 hominis
1053 4333 1164 4378 casum

190 4401 278 4463 etin
306 4422 343 4464 eo
369 4408 572 4481 posterorum
599 4403 730 4465 ruinam
752 4400 968 4483 praevidisse,
993 4397 1050 4462 sed
1078 4398 1164 4462 arbi-

189 4487 252 4549 trio
274 4508 401 4568 quoque
423 4509 480 4550 suo
503 4487 715 4569 dispensasse.
760 4486 808 4551 Ut
830 4487 917 4550 enim
946 4483 987 4548 ad
1016 4485 1086 4548 eius
1112 4505 1165 4547 sa·

189 4572 527 4654 panticapen-tinet,
561 4573 706 4636 omniurn
742 4592 825 4653 quae
852 4572 963 4634 futura
990 4577 1068 4634 sunt
1095 4590 1165 4634 esse

188 4659 381 4739 praescium,
400 4659 446 4722 sic
464 4658 505 4722 ad
523 4659 711 4740 potentiam,
730 4659 840 4721 omnia
856 4677 958 4720 manu
976 4676 1036 4720 sua
1051 4676 1165 4737 regere

189 4763 226 4807 ac
246 4743 418 4807 moderari.

279 4835 325 4892 18.
371 4830 436 4895 Hie
459 4828 501 4894 ad
524 4829 764 4894 distinctionem
781 4827 960 4893 voluntatis
978 4834 1011 4891 et
1027 4827 1164 4908 permis-

189 4915 289 4978 sionis
312 4917 504 4991 recurritur,
533 4915 711 4980 secundum
740 4936 838 4996 quarn
865 4914 1011 4977 obtinere
1039 4912 1163 4988 volunt,

188 5002 396 5080 permittente
417 5001 526 5081 modo,
553 5023 619 5064 nou
641 5009 752 5065 autem
779 4998 908 5064 volente
933 5000 1022 5075 Deo,
1056 4998 1163 5080 perire

189 5173 393 5185 ——.-——.

257 5272 287 5339 1)
304 5290 352 5325 suo
371 5276 454 5327 exitio
474 5275 542 5328 1550
558 5292 627 5346 seqq.
697 5275 727 5343 2)
745 5290 823 5328 nemo
840 5273 943 5342 poterit
960 5271 1030 5326 1560
1046 5286 1116 5342 seqq.

1219 2172 1338 2235 simum
1358 2192 1475 2253 qrcoqtae
1495 2193 1567 2237 esse
1589 2173 1762 2255 ¹interitum
1789 2195 1886 2255 quem
1908 2197 1949 2238 ex
1972 2175 2194 2256 praedestina-

1219 2258 1308 2320 tione
1334 2259 1489 2336 subeunt,
1518 2278 1612 2338 aeque
1640 2267 1766 2322 certum
1792 2267 1848 2322 est.
1894 2260 1948 2323 Ad
1980 2260 2056 2339 hoe,
2085 2264 2131 2328 sie
2153 2285 2195 2327 ex

1217 2343 1283 2408 Dei
1303 2343 1600 2426 praedestinatione
1621 2343 1742 2424 pendet
1761 2365 1872 2407 eorum
1895 2346 2041 2427 perditio,
2064 2357 2102 2412 ut
2119 2370 2196 2414 eau-

1218 2449 1255 2494 sa
1276 2437 1309 2492 et
1329 2429 1467 2494 materia
1486 2430 1521 2492 in
1542 2430 1622 2511 ipsis
1643 2430 1834 2511 reperiatur.
1879 2431 2008 2513 Lapsus
2036 2441 2087 2497 est
2108 2436 2195 2498 enim

1218 2516 1344 2597 primus
1366 2516 1471 2594 horno,
1495 2516 1571 2597 quia
1588 2515 1752 2579 Dominus
1769 2516 1815 2579 ita
1833 2516 1987 2598 expedire
2010 2531 2193 2584 censuerat:

1218 2621 1277 2665 cur
1299 2602 1476 2679 censuerit,
1511 2622 1570 2665 nos
1591 2600 1679 2665 latet.
1725 2600 1863 2665 Certum
1884 2611 1996 2666 tamen
2028 2615 2093 2682 est,
2128 2627 2194 2669 non

1219 2686 1315 2749 aliter
1336 2688 1515 2764 censuisse,
1545 2688 1609 2751 nisi
1631 2688 1707 2768 quia
1727 2687 1870 2757 videbat
1887 2689 2028 2752 nominis
2050 2692 2101 2753 sui
2124 2691 2193 2773 glo-

1219 2771 1301 2835 riam
1324 2772 1400 2835 inde
1422 2774 1538 2836 merito
1560 2772 1727 2837 illustrari.
1772 2773 1838 2838 Ubi
1855 2774 2053 2838 mentionem
2072 2776 2194 2857 gloriae

1219 2857 1283 2920 Dei
1306 2857 1408 2935 audis,
1430 2858 1497 2923 illic
1519 2858 1676 2922 iustitiam
1699 2859 1813 2941 cogita.
1858 2860 1987 2923 Iustum
2016 2862 2103 2924 enirn
2123 2882 2194 2926 esse

1220 2952 1354 3024 oportet,
1377 2943 1461 3025 quod
1484 2943 1614 3008 laudem
1636 2955 1789 3007 merctur.
1835 2944 1933 3009 Cadit
1959 2947 2060 3029 igitur
2086 2947 2193 3026 horno,

1219 3028 1283 3092 Dei
1309 3029 1515 3110 providentia
1536 3030 1583 3094 sic
1604 3029 1790 3106 ordinante,
1817 3030 1875 3095 sed
1902 3051 1960 3096 suo
1987 3034 2068 3097 vitio
2097 3033 2192 3098 cadit

1219 3114 1496 3178 Pronuntiaverat
1526 3115 1622 3197 paulo
1656 3125 1732 3179 ante
1760 3117 1936 3194 Dominus,
1971 3120 2080 3181 omnia
2111 3140 2194 3200 qaae

1219 3200 1341 3263 fecerat
1375 3220 1445 3264 esse
1477 3199 1573 3265 valde
1605 3200 1698 3264 bona.
1745 3201 1840 3266 Unde
1872 3224 1949 3288 ergo
1980 3204 2037 3267 illa
2070 3204 2193 3268 homini

1218 3286 1378 3367 pravitas,
1408 3293 1446 3349 ut
1473 3287 1585 3351 aDeo
1607 3308 1665 3351 suo
1688 3286 1838 3352 deficiat?
1882 3289 1933 3352 Ne
1960 3311 2001 3353 ex
2031 3292 2194 3354 cratitione

1219 3392 1289 3435 esse
1310 3380 1489 3453 putaretur,
1513 3372 1617 3456 elegio
1639 3394 1698 3437 suo
1721 3374 1958 3456 approbaverat
1974 3374 2085 3452 Deus,
2107 3376 2194 3456 quod

1218 3457 1398 3538 profectum
1431 3464 1502 3521 erat
1534 3478 1554 3521 a
1586 3480 1620 3522 se
1653 3460 1731 3541 ipso.
1776 3460 1916 3540 Propria
1947 3480 2025 3542 ergo
2057 3460 2191 3540 malitia,

1219 3563 1317 3624 quam
1344 3553 1513 3624 acceperat
1540 3545 1722 3608 aDomino
1755 3565 1873 3626 puram
1901 3550 2055 3609 naturam
2081 3567 2193 3610 corru-

1219 3629 1283 3710 pit;
1306 3650 1366 3693 sua
1386 3629 1484 3693 ruina
1501 3637 1603 3692 totam
1620 3633 1844 3712 posteritatem
1865 3630 1900 3694 in
1922 3631 2060 3694 exitium
2082 3652 2193 3696 secum

1219 3715 1363 3777 attraxit
1410 3712 1521 3794 Quare
1548 3714 1583 3776 in
1612 3728 1765 3796 corrupta
1791 3716 1900 3798 potius
1929 3716 2066 3780 humani
2094 3738 2192 3800 gene-

1218 3800 1263 3864 ris
1286 3807 1405 3863 natura
1431 3800 1616 3864 evidentem
1644 3800 1861 3865 damnationis
1888 3823 2019 3867 causam
2049 3813 2192 3867 contem·

1217 3885 1354 3966 plemur,
1377 3906 1474 3967 quarn
1497 3885 1718 3951 absconditam
1740 3907 1778 3951 ae
1796 3888 1925 3968 penitus
1942 3888 2193 3971 incompreben-

1218 3970 1344 4036 sibilem
1366 3972 1571 4053 inquiramus
1590 3973 1624 4035 in
1648 3972 1712 4036 Dei
1733 3972 2037 4054 praedestinatione.
2079 3975 2192 4056 Neque

1217 4057 1396 4121 immensae
1418 4057 1483 4121 Dei
1504 4058 1682 4139 sapientiae
1704 4058 1896 4122 submittere
1914 4059 2081 4143 hucusque
2101 4063 2192 4142 inge·

1217 4143 1310 4206 nium
1329 4143 1455 4226 pigeat,
1484 4150 1522 4206 ut
1547 4143 1583 4205 in
1604 4144 1718 4209 multis
1745 4144 1816 4209 eius
1845 4146 1972 4210 arcanis
1994 4147 2190 4211 succumbat

1216 4228 1342 4292 Eorum
1374 4228 1462 4305 enim
1495 4249 1578 4311 quae
1610 4230 1692 4295 scire
1724 4251 1784 4294 nec
1817 4229 1927 4308 datur,
1961 4253 2022 4296 nec
2050 4233 2099 4295 fas
2132 4238 2189 4310 est,

1217 4312 1312 4377 docta
1332 4322 1383 4378 est
1400 4314 1600 4397 ignorantia:
1634 4316 1788 4380 scientiae
1816 4317 2016 4399 appetentia,
2045 4317 2191 4380 insaniae

1215 4421 1232 4464 s
1291 4421 1347 4464 res.
1441 4416 1445 4425 ·

1232 4420 1291 4481 pm
1305 4490 1353 4549 19.
1396 4486 1494 4550 Dicet
1514 4485 1598 4549 forte
1614 4487 1786 4569 quispiam,
1804 4509 1857 4551 me
1877 4486 2023 4551 nondum
2043 4487 2190 4552 attulisse

1216 4571 1302 4653 quod
1334 4571 1526 4654 sacrilegam
1553 4572 1644 4635 illam
1686 4575 1927 4637 excusationem
1962 4581 2188 4653 compesceret.

1216 4656 1288 4740 Ego
1316 4679 1395 4721 vero
1424 4677 1466 4720 ne
1498 4655 1533 4720 id
1559 4657 1691 4740 quidem
1725 4660 1808 4723 effici
1840 4679 1935 4739 pesse
1960 4658 2077 4735 fateor,
2111 4659 2191 4739 quin

1216 4763 1344 4824 semper
1370 4743 1489 4807 fremat
1515 4744 1666 4825 impietas
1694 4752 1727 4808 et
1756 4744 1987 4807 obmurmuret.
2032 4743 2117 4806 Mihi
2135 4755 2190 4808 ,ta-

1217 4849 1293 4891 men
1314 4828 1436 4894 dixisse
1457 4827 1586 4906 videor,
1612 4829 1699 4910 quod
1728 4829 1768 4892 ad
1791 4827 1982 4910 obloquendi
2002 4850 2068 4892 non
2090 4830 2190 4893 ralio-

1216 4934 1291 4976 nem
1319 4921 1462 4990 tanturn,
1498 4914 1555 4979 sed
1585 4921 1791 4995 praetextum
1819 4935 1945 4996 quoque
1979 4913 2189 4979 adimendum

1216 5000 1387 5063 sufficeret.
1431 5000 1646 5065 Exeusabiles
1668 4999 1830 5080 peccando
1857 5000 1970 5064 haberi
2000 5001 2117 5064 volunt
2137 5022 2189 5066 re·
2219 5076 2221 5080 Α

1285 5273 1314 5340 1)
1331 5275 1405 5328 Libr.
1423 5273 1448 5327 6.
1467 5273 1501 5327 de
1520 5273 1616 5327 Gencs.
1635 5273 1669 5324 ad
1686 5273 1757 5325 liter.
1776 5289 1798 5325 c.
1817 5273 1858 5327 15.
1975 5312 1981 5350 Ι
