4770 6030
226 343 387 438 xxvur
465 328 468 338 ’
756 338 1021 406 msrrrurro
1043 337 1320 405 summersis
1344 290 1670 404 euersumque,
1720 328 1722 341 '

228 553 250 598 a
271 533 391 598 nostris
420 533 566 615 partibus
589 538 667 608 stat,
696 551 734 595 ac
748 529 866 594 ‘solida
887 528 1067 593 eruditione
1088 529 1238 611 iustaque
1266 528 1444 611 sagacitate
1471 535 1738 612 argumentorum
1761 528 1959 594 debilitatem
1981 550 2041 610 pro
2062 530 2227 594 contraria

228 645 391 711 sententia
430 643 604 708 allatorum
648 641 896 718 demonstravit,
943 639 1117 705 editionem
1149 640 1330 723 prinoipem
1366 660 1534 722 nunquam
1568 661 1670 704 manu
1708 647 1865 708 tractasse
1892 621 2034 718 ridetur,
2080 647 2113 704 et
2145 641 2226 705 satis

226 763 348 822 temere
386 754 500 819 sumit
526 753 671 818 eiusdem
707 753 819 835 plures
856 751 1033 816 emissiones
1070 773 1151 834 quas
1180 751 1287 817 dicere
1325 751 1422 816 liceat
1449 750 1561 835 (hodie
1594 751 1701 818 Gallis
1735 753 1850 835 tiroqes
1882 751 2075 836 appellatas)
2107 752 2224 831 fuisse3

226 887 326 950 quum
353 865 448 930 aliter
475 865 614 930 Platteri
641 871 734 943 nota,
768 884 915 928 mensem
942 863 1099 927 martium
1124 862 1199 928 libri
1225 863 1411 928 natalitium
1439 862 1630 942 indicantis,
1663 885 1738 928 oum
1758 864 1967 945 praefationis
1989 865 2226 947 subscriptione

225 976 390 1043 conciliari
411 998 478 1042 non
499 977 615 1059 possit:
639 995 719 1057 opus
741 974 872 1053 scilicet,
895 981 978 1039 teste
1000 974 1062 1039 hac
1085 974 1319 1056 subscriptione
1341 993 1453 1038 mense
1478 981 1616 1058 augusto
1644 974 1842 1053 absolutum,
1871 977 2020 1058 proximo
2042 975 2226 1057 septembre

225 1089 279 1155 vel
300 1084 429 1154 octobre
451 1089 649 1173 evulgatum,
672 1099 740 1153 tam
762 1086 875 1170 rapide
897 1086 1099 1152 divenditum
1121 1086 1232 1163 fuisse,
1256 1095 1294 1149 ut
1317 1087 1384 1150 iam
1404 1091 1479 1167 post
1497 1107 1616 1168 paucos
1638 1108 1767 1151 meuses
1788 1089 1907 1152 iterum
1921 1087 2011 1169 prelo
2033 1086 2147 1152 subiici
2169 1085 2226 1151 de-

224 1201 340 1266 buerit.
384 1181 478 1263 idem
505 1207 599 1264 autor
620 1201 656 1264 in
677 1199 831 1281 opusculo
852 1219 966 1264 reeens
987 1197 1086 1263 edito:
1117 1195 1227 1262 051515
1248 1217 1291 1261 oa
1312 1196 1364 1261 551
1383 1196 1508 1261 d'Aoste
1532 1201 1622 1260 1861.
1652 1218 1682 1279 p.
1703 1201 1752 1263 36.
1785 1219 1852 1263 non
1882 1199 1988 1264 solum
2015 1199 2101 1263 hane
2130 1218 2226 1263 suam

224 1312 421 1377 sententiam
443 1311 548 1375 denuo
568 1311 787 1390 sommendat,
816 1309 874 1376 sed
895 1316 929 1375 et
948 1309 1184 1391 praefationem
1206 1308 1247 1373 ab
1268 1309 1361 1372 initio
1389 1308 1424 1372 iu
1447 1316 1584 1390 utroque
1606 1330 1754 1375 sermone
1776 1309 1898 1375 editam
1919 1310 2020 1375 fuisse
2040 1330 2082 1373 ex
2104 1308 2227 1392 duplici

225 1423 461 1505 subscriptione
480 1422 569 1507 (Kal.
593 1425 679 1508 Aug.
703 1430 737 1488 et
757 1423 792 1487 X
813 1421 882 1488 (151.
907 1420 1014 1504 Sept.)
1042 1421 1180 1504 probare
1202 1426 1346 1487 conatur.
1391 1420 1457 1485 Hic
1484 1421 1520 1484 in
1541 1421 1650 1485 verbis
1672 1421 1741 1486 ludi
1763 1429 1797 1487 51
1818 1443 1921 1488 vanas
1943 1422 2144 1487 coniecturas
2165 1441 2240 1503 pro¹

224 1534 319 1601 factis
338 1533 499 1600 venditari
521 1535 653 1600 obvium
675 1542 732 1612 est,
756 1555 861 1617 neque
881 1535 923 1598 iis
944 1532 1125 1597 refutandis
1145 1531 1233 1596 ultra
1249 1531 1505 1596 immorabimur.

214 1657 215 1660 ’
378 1644 526 1724 (laetere,
547 1667 630 1728 quae
651 1647 785 1728 insuper
806 1666 827 1710 a
846 1643 1040 1729 quibusdam
1063 1643 1277 1718 adducuntur,
1300 1649 1494 1726 argumente
1515 1664 1582 1707 nou
1604 1644 1673 1727 eius
1696 1654 1773 1709 sunt
1793 1646 1952 1710 momenti
1973 1654 2010 1710 ιι1
2025 1646 2093 1709 15ιιι
2110 1645 2226 1728 despe-

224 1764 332 1824 ratam
360 1778 492 1823 oausam
521 1758 655 1823 reficere
681 1758 821 1840 possint3
848 1778 964 1822 verum
992 1754 1135 1837 nequid
1163 1755 1308 1819 omisisse
1331 1753 1501 1819 videamur
1523 1754 1564 1819 do
1590 1756 1768 1834 industria,
1796 1757 1882 1839 quod
1904 1757 1996 1822 nobis
2024 1757 2226 1823 contrarium

225 1871 282 1947 sit,
314 1868 396 1934 hmo
418 1890 544 1952 quoque
567 1868 787 1934 discutiamus.
832 1869 957 1934 Parum
988 1887 1158 1932 assevero
1186 1867 1290 1931 simile
1312 1866 1515 1932 contendunt
1535 1865 1712 1932 Calvinum
1733 1869 1818 1951 regi,
1846 1869 1902 1951 qni
1929 1890 1995 1933 non
2016 1869 2080 1934 nisi
2100 1868 2226 1933 medio·

224 1981 323 2046 ariter
348 1980 449 2045 latine
477 1980 591 2045 doctus
612 1988 697 2059 erat,
728 1981 789 2047 hoc
811 2000 960 2045 sermone
983 1980 1150 2061 scripsisse
1171 1999 1234 2061 quo
1255 2000 1335 2043 usus
1356 1980 1414 2043 vix
1440 1978 1562 2043 librum
1584 2000 1681 2043 suum
1708 1980 1828 2045 lectum
1853 1981 1896 2044 iri
1925 2001 2056 2063 sperare
2083 1987 2225 2063 poterat;

223 2091 289 2156 imo
322 2113 422 2173 quum
447 2092 627 2157 calumnias
654 2099 767 2158 contra
797 2113 899 2158 novos
927 2091 1107 2157 haereticos
1134 2091 1204 2172 ipso
1233 2110 1310 2172 rege
1339 2097 1450 2154 autore
1478 2092 1513 2153 im
1541 2090 1706 2172 publicum
1735 2112 1865 2173 sparsas
1893 2091 2054 2175 depellere
2082 2104 2224 2174 cuperet,

224 2224 308 2286 quae
328 2203 358 2268 ei
379 2203 487 2285 prima
508 2203 670 2273 scribendi
692 2226 791 2270 causa
812 2205 925 2282 fuerit,
954 2224 1023 2267 non
1044 2203 1185 2285 potuisse
1207 2223 1274 2265 uon
1296 2222 1334 2265 eo
1355 2222 1504 2266 sermone
1526 2203 1650 2284 ntiqui
1672 2202 1823 2284 plurimis
1844 2211 1930 2268 esset
1952 2204 2136 2282 familiaris,
2159 2203 2227 2268 nisi

224 2316 343 2380 infecta
364 2336 400 2379 re
424 2313 588 2380 discedere
610 2316 716 2381 vellet.
762 2314 870 2381 Simul
891 2314 1073 2397 periculum
1094 2315 1129 2377 in
1151 2334 1244 2377 mora
1264 2313 1373 2391 fuisse,
1397 2334 1498 2395 quum
1518 2313 1660 2395 quotidie
1683 2315 1783 2380 atroci
1805 2316 2055 2396 persequutione
2078 2314 2225 2398 exagita-

224 2433 338 2491 rentur
364 2428 402 2504 ii,
431 2427 547 2509 quibus
574 2427 784 2492 defendendis
806 2448 937 2510 operam
965 2447 1059 2491 suam
1079 2425 1245 2491 dicaverit.
1290 2425 1354 2489 His
1376 2424 1524 2489 omnibus
1547 2425 1631 2490 effici
1652 2433 1690 2489 ut
1717 2446 1845 2490 sumere
1868 2426 2052 2504 debeamus,
2074 2433 2108 2491 et
2129 2425 2225 2510 galli·

225 2558 297 2604 eam
319 2538 494 2602 editionem
516 2539 667 2621 aliquam,
692 2547 828 2603 stanno
850 2539 1017 2621 trigesimo
1039 2543 1131 2602 sexto
1153 2537 1310 2600 maiorem
1331 2537 1502 2601 exstitisse.

377 2649 491 2731 Ipsum
520 2648 695 2715 Calvinum
722 2671 822 2731 supra
842 2658 959 2713 testem
986 2647 1183 2719 adduximus
1210 2649 1245 2711 iu
1266 2647 1464 2728 praefatione
1487 2647 1529 2711 ad
1553 2648 1705 2713 Psalmos
1727 2648 1767 2714 de
1794 2650 1962 2715 occasione
1990 2648 2152 2715 scribendi
2173 2651 2225 2715 sui

225 2763 332 2844 operis
359 2760 460 2827 verba
487 2762 669 2827 facientem.
721 2760 829 2841 Quam
856 2781 957 2843 quum
984 2760 1145 2843 significet
1179 2758 1338 2842 supplicia
1368 2759 1468 2823 fuisse
1495 2759 1629 2824 ineunte
1658 2781 1743 2824 anno
1773 2765 1854 2824 1535
1883 2761 1917 2825 in
1946 2760 2058 2826 Gallia
2084 2762 2225 2844 purioris

225 2873 387 2957 evangelii
411 2872 596 2939 vindicibus
623 2874 782 2955 irrogata,
813 2877 846 2936 et
866 2873 1010 2936 maxime
1031 2871 1211 2937 calumnias
1232 2876 1346 2935 conta
1367 2870 1499 2935 eosdem
1515 2891 1575 2952 per
1597 2870 1812 2937 Germaniam
1838 2894 1982 2955 sparsas,
2013 2879 2125 2937 autore
2146 2893 2225 2958 rege

226 2992 297 3049 tum
323 2986 478 3067 temporis
504 2985 692 3067 principum
718 2984 969 3067 protestantium
996 2982 1108 3048 foedus
1131 2982 1307 3062 ambiente,
1336 2988 1426 3065 patet
1453 2982 1696 3047 Institutiouem
1710 3005 1791 3048 non
1817 2984 1854 3048 in
1876 2983 1986 3049 Gallia
2007 2985 2225 3066 conscriptam
2308 3062 2310 3065 ¹

224 3096 324 3160 fuisse
346 3117 410 3178 qua
430 3109 501 3159 tum
521 3097 589 3160 iam
611 3095 811 3174 discesserat,
835 3115 939 3177 neque
959 3096 994 3159 in
1017 3093 1202 3160 Santonum
1223 3094 1354 3159 civitate
1375 3093 1520 3159 Ioulisna
1541 3094 1610 3159 sive
1631 3094 1824 3178 Engolisma
1841 3093 2060 3180 (Arsacem)
2082 3097 2225 3162 511155-

224 3206 363 3271 mondus
384 3207 519 3271 tradidit
539 3207 574 3292 (l.
594 3207 614 3270 1.
634 3229 660 3273 5.
681 3208 727 3292 9.)
754 3208 941 3272 narratione
962 3227 1029 3270 nou
1050 3207 1160 3272 mi‘nus
1180 3205 1327 3270 fabulosa
1348 3226 1447 3288 quam
1467 3205 1590 3288 lepida,
1613 3207 1670 3271 sed
1691 3209 1726 3271 in
1747 3209 1820 3290 ipsa
1839 3207 1972 3272 Basilea
1992 3209 2125 3273 ineunte
2145 3229 2225 3275 vere

225 3320 304 3384 anni
329 3322 410 3382 1535
433 3325 588 3403 coeptam.
640 3319 780 3383 Minime
808 3319 910 3403 igitur
938 3318 1122 3382 tardarem
1144 3338 1317 3400 aggressus
1338 3338 1409 3382 esse
1432 3316 1587 3383 dicendus
1609 3319 1686 3397 erit,
1714 3318 1840 3384 tardius
1860 3320 2048 3399 confecisse,
2072 3322 2127 3403 qui
2149 3328 2224 3403 post

223 3438 363 3513 quatuor
384 3451 523 3509 menses,
545 3433 633 3495 inter
655 3430 735 3495 alios
757 3451 937 3514 gravesque
958 3430 1094 3508 labores,
1118 3436 1188 3492 tam
1208 3429 1413 3511 praeclarum
1435 3449 1551 3511 eorpus
1571 3428 1736 3494 doctrinae
1759 3431 1941 3496 absolverit.
1976 3428 2073 3510 Quod
2095 3432 2137 3498 ad
2154 3454 2223 3498 ser·

223 3563 355 3606 monem
376 3542 515 3607 latinum
537 3543 670 3622 attinet,
694 3540 851 3606 Oalvinus
873 3540 984 3607 hercle
1005 3541 1125 3606 librum
1147 3562 1244 3605 suum
1267 3562 1332 3603 non
1354 3542 1425 3624 regi
1446 3541 1624 3607 Francisoo
1647 3541 1704 3606 sed
1724 3543 1784 3606 toti
1801 3543 1871 3607 orbi
1889 3543 2067 3608 christiano
2084 3545 2223 3627 scripsit,

224 3653 266 3717 ad
292 3654 386 3719 euius
413 3652 569 3719 iudicium
598 3654 638 3719 ab
667 3653 786 3736 iniquis
812 3653 945 3738 tyranni
973 3652 1111 3717 decretis
1132 3652 1225 3733 quasi
1255 3652 1469 3733 appellatione
1494 3653 1580 3717 facta
1601 3673 1778 3735 provocare
1800 3654 1943 3733 volebat,
1970 3674 2070 3736 quam
2091 3676 2224 3721 causam
2297 3636 2303 3645 ⁸

223 3764 347 3829 maiore
368 3765 460 3846 quasi
481 3766 517 3829 in
538 3765 608 3829 foro
630 3771 664 3830 et
686 3785 796 3830 coram
822 3764 997 3829 solenniori
1019 3764 1205 3829 auditorum
1227 3784 1345 3828 corona
1367 3769 1498 3829 acturus
1520 3784 1587 3828 non
1609 3771 1736 3846 poterat
1762 3786 1829 3828 non
1851 3765 1952 3829 latine
1974 3787 2081 3845 orare,
2109 3769 2224 3850 utqui

223 3883 337 3943 eontra
369 3877 515 3942 sentiunt
546 3877 644 3958 plane
676 3875 851 3942 ridiculum
878 3875 1000 3958 aliquid
1027 3875 1192 3958 postulare
1216 3875 1398 3941 videantur
1444 3875 1618 3940 Caeterum
1649 3897 1690 3940 ex
1718 3877 1790 3958 ipsa
1817 3878 2016 3959 praefatione
2043 3854 2084 3943 ad
2112 3900 2224 3962 regem

223 3995 313 4071 patet
334 3987 509 4054 Calvinum
530 3989 765 4072 apologeticum
786 3988 882 4052 illum
903 4008 1037 4071 scopum
1056 4009 1123 4053 nou
1143 3987 1238 4052 unice
1259 3995 1491 4070 persequutum
1512 4008 1598 4065 esse,
1626 4009 1742 4053 verum
1764 3990 1862 4054 etiam
1885 3987 2095 4068 didacticum,
2127 3998 2224 4073 atque

223 4100 313 4166 hunc
341 4100 477 4165 fortasse
504 4101 697 4182 primarium
725 4099 832 4164 1111555.
883 4099 995 4165 Nihilo
1022 4102 1130 4166 minas
1158 4102 1228 4164 eius
1255 4098 1429 4164 declaratio
1458 4100 1592 4163 minime
1614 4100 1767 4184 ambigua
1789 4099 1831 4164 ad
1859 4094 2056 4165 firmandam
2076 4109 2224 4166 nostram

193 4203 196 4209 ¹
224 4212 264 4278 de
285 4221 470 4295 temporum
491 4214 618 4277 ratione
640 4212 835 4277 sententiam
857 4211 954 4275 valet.

377 4325 541 4406 Denique,
570 4324 598 4388 si
625 4324 665 4387 de
693 4323 751 4387 1115
772 4344 945 4405 operarum
967 4323 1070 4385 nimia
1091 4322 1243 4387 tarditate
1270 4328 1303 4386 et
1329 4322 1619 4404 procrastinatione
1640 4323 1853 4405 quaesiveris,
1886 4323 2094 4405 quafaotum
2115 4332 2224 4390 estut

223 4436 429 4535 paucioribus
454 4435 603 4518 plagulis
616 4433 815 4499 excudendis
842 4435 1007 4499 semestris
1035 4455 1127 4498 mora
1147 4435 1299 4516 imposita
1325 4435 1381 4511 sit,
1410 4433 1544 4498 minime
1566 4455 1646 4516 opus
1674 4440 1794 4511 estut,
1825 4455 1900 4499 oum
1931 4435 2107 4516 Gerdesio,
2136 4436 2223 4501 Iulio

223 4547 354 4613 Bonuet
376 4547 527 4631 aliisque,
555 4546 683 4612 saeculo
705 4546 753 4611 illi
775 4553 961 4611 nostrorum
989 4545 1236 4627 bibliopolarum
1257 4566 1383 4610 morem
1404 4545 1543 4627 tribuas,
1571 4546 1729 4612 librorum
1751 4567 1874 4611 annum
1896 4547 2040 4612 natalem
2060 4547 2097 4613 in
2118 4546 2223 4613 titulis
2320 4634 2323 4639 .

225 4658 439 4741 anticipaudi,
468 4659 559 4741 quasi
582 4657 787 4722 Basileeuses
808 4658 863 4722 isti
884 4658 1141 4730 Institutionem‚
1170 4657 1237 4720 iarn
1259 4657 1300 4722 ad
1320 4656 1486 4722 nundinae
1507 4659 1713 4723 autumnales
1736 4658 1815 4722 anni
1841 4662 1920 4722 1535
1941 4668 2104 4741 paratam,
2127 4680 2222 4742 prae-

224 4775 352 4835 mature
374 4771 537 4852 sequentis
558 4769 636 4834 anni
662 4775 740 4833 nota
760 4769 1000 4852 insigniverint.
1044 4766 1140 4848 Quod
1162 4790 1257 4834 nemo
1280 4769 1387 4835 dicere
1412 4771 1518 4852 potuit
1544 4771 1608 4835 nisi
1629 4771 1684 4853 qui
1711 4769 1832 4835 librum
1853 4771 1961 4851 ipsum
1982 4791 2151 4853 nunquam
2171 4772 2221 4837 vi-

225 4879 286 4959 dit,
309 4881 344 4945 in
364 4883 455 4946 ciuus
477 4881 599 4947 scilicet
625 4882 691 4945 fine
718 4880 915 4966 typographi
937 4881 999 4963 ipsi
1020 4902 1131 4946 mense
1153 4883 1271 4946 martio
1293 4881 1426 4946 demum
1451 4902 1510 4947 suo
1532 4882 1636 4947 officio
1663 4902 1698 4946 se
1720 4880 1888 4947 defirnotos
1915 4888 2087 4948 testantur.
2132 4882 2223 4948 Vera

225 4993 273 5056 rei
294 5013 391 5057 eausa
412 4993 521 5074 potius
543 4994 578 5057 in
601 4992 718 5057 humili
739 4991 949 5075 modestoque
971 4999 1058 5057 statu
1079 4993 1228 5059 officinae
1250 4994 1396 5058 Thomas
1417 4993 1557 5058 Platteri
1578 4991 1764 5076 quaerenda
1786 4999 1848 5073 est,
1876 5013 1981 5076 quem·
2000 4995 2120 5059 scimus
2142 4996 2222 5060 satis

225 5110 318 5166 curta
345 5103 543 5184 supellectile
573 5127 669 5170 usum
698 5124 772 5169 aere
789 5095 899 5168 alieno
926 5103 1112 5192 laborasse,
1139 5112 1172 5170 et
1193 5099 1385 5170 eum‘sooiis
1415 5111 1574 5186 perpetua
1604 5103 1765 5169 discordia
1791 5105 1962 5170 stlitibus
1989 5111 2057 5170 tam
2083 5104 2221 5188 publicis
2288 5143 2292 5154 ·

226 5232 324 5295 quam
345 5215 482 5295 privatis
503 5223 719 5281 contestatum
739 5235 818 5281 esse.
868 5214 943 5281 Non
966 5215 1102 5283 dicimus
1124 5218 1206 5283 haee
1227 5215 1269 5281 ad
1290 5215 1521 5281 Balthasarem
1543 5216 1680 5280 Lusium
1702 5215 1824 5300 (Roob)
1852 5217 1887 5281 in
1908 5217 2103 5301 publicando
2124 5238 2222 5300 opere
