4732 6030
1108 329 1186 394 'VII

148 536 242 606 tum
272 524 386 606 vitae
417 523 588 607 illorum
612 551 790 607 sursum
815 523 1032 619 attentius.
1058 523 1578 634 contemplantes,÷eeram
1608 524 1851 607 adsistimus
1873 523 2043 635 optimis
2065 524 2150 610 illis

147 661 269 766 viris,
309 661 383 770 qui
414 689 568 770 aquam
586 659 965 743 ¹ueritatis-'viram
993 661 1189 761 sitientes
1209 690 1326 744 eum:
1344 662 1598 752 »inveterata
1624 661 1847 745 foedarum
1871 663 2150 773 superstitio·

147 827 250 879 num
293 797 525 880 autoritate
557 796 736 879 nav-iter
766 795 941 878 luetati·
966 808 1085 903 sunt,
1120 809 1168 880 et
1205 798 1418 881 eeclesiae·
1433 797 1721 911 salamitates
1747 797 1927 908 ind-igne
1964 800 2151 886 ferentes
2288 804 2291 815 '

2140 948 2147 961 ἱ

147 934 419 1055 evangelium
453 933 524 1016 vel
560 934 604 1016 in
635 945 864 1044 eonspeetu
899 935 1140 1046 principum
1167 918 1355 1018 madida·
1372 935 1632 1018 'vindieatum
1655 935 1876 1043 docendo,
1910 938 2151 1047 'scribenda

147 1071 450 1178 eoneionando,
472 1070 688 1167 moriendo
719 1072 995 1182 popularibus
1026 1072 1165 1155 denuo
1195 1083 1441 1156 revocatum
1463 1073 1823 1179 sommendarunt,
1854 1076 2042 1184 posteris⁴
2061 1106 2150 1159 ser-

148 1212 303 1293 vatum
330 1208 680 1314 transmiserunt,
718 1208 820 1318 igne
837 1209 1049 1292 mmirum
1089 1211 1137 1292 in'
1171 1210 1310 1292 terris.
1327 1209 1588 1293 redaneenso-
1610 1211 1677 1293 de·
1693 1240 1779 1321 quo
1808 1210 2018 1295 Dominus
2049 1213 2151 1297 elim

146 1347 318 1429 dixerat
344 1375 390 1428 se
420 1345 529 1428 nihil
558 1346 664 1429 adeo
694 1374 849 1456 eupere
880 1375 1009 1456 quam
1039 1359 1091 1429 ut
1114 1347 1278 1429 ardeat.
1340 1346 1473 1452 Sane,
1510 1349 1564 1430 si·
1579 1348 1751 1431 illorum
1780 1348 1977 1431 virorum·
1998 1347 2166 1461 imagi-
2241 1400 2246 1409 ·

140 1499 233 1567 nee·
251 1482 482 1569 immortali
510 1482 658 1581 laurea
693 1483 951 1566 decorandas
967 1531 970 1535 ·
989 1485 1261 1596 proponimus
1298 1514 1383 1567 non
1413 1514 1473 1568 eo·
1493 1496 1619 1597 paeto
1648 1485 1694 1569 id
1723 1486 1899 1568 faeimm
1923 1499 1975 1569 ut
2000 1500 2151 1572 eunota

145 1634 192 1704 et
222 1621 714 1734 singula,‘'quaeeunque
744 1619 814 1702 vel
845 1621 1030 1703 dixerint
1060 1621 1130 1704 vel
1160 1622 1342 1732 egerint,
1375 1623 1496 1733 quasi
1527 1619 1640 1705 om'ui
1669 1622 1766 1706 labe
1799 1624 1991 1735 expertia
2021 1635 2067 1707 et
2086 1628 2150 1706 vi-

143 1759 315 1870 tuperio
342 1759 505 1858 maiora
535 1757 846 1865 collaudemus,
883 1787 1034 1841 verum
1063 1788 1210 1842 earum
1239 1747 1508 1871 potissimum
1522 1760 1746 1842 =rirtutom
1781 1761 1989 1844 rationem
2018 1752 2149 1846 habe
2184 1829 2187 1834 .

143 1925 245 1980 mus
272 1925 382 2007 quae
419 1895 600 1978 nullum·
622 1896 668 1977 in
698 1895 912 1978 hominem
942 1897 1219 1983 christianum
1248 1886 1341 1979 non¹
1363 1897 1513 1980 eadere
1544 1897 1723 2003 debent,
1759 1898 2001 2009 quibusque
2031 1898 2149 2006 selis,

144 2035 190 2116 in
219 2045 373 2145 tantos·
391 2045 565 2143 tamque
595 2032 806 2144 gloriosos
836 2033 920 2116 Dei
938 2035 1091 2145 gratia
1121 2034 1348 2119 adiuvante
1377 2035 1440 2116 rei
1478 2035 2019 2146 evangelieae=.aesertores
2051 2065 2149 2118 eva-

144 2200 251 2254 sere.
289 2169 433 2276 gQuas
462 2172 574 2252 inter
604 2171 787 2252 virtutes
825 2171 919 2254 iure
947 2200 1231 2254 recensemus·
1252 2171 1594 2267 ardentissimum
1632 2173 1783 2257 salutis
1814 2186 1860 2255 et
1890 2174 2011 2284 paeis
2042 2173 2149 2256 diri*

147 2339 229 2392 nae
257 2307 533 2414 desiderium,
573 2307 783 2409 sineerum
812 2319 859 2390 et
888 2309 1144 2420 flagrantem
1162 2374 1165 2379 .
1180 2308 1373 2391 veritatis
1404 2307 1536 2392 semel
1559 2309 1746 2420 agnitae
1769 2340 1983 2417 amorem,
2019 2311 2150 2394 fidam

147 2462 195 2528 et
222 2446 514 2528 inconcussam
551 2445 595 2526 in
616 2473 676 2528 ea
705 2429 943 2556 profitenda
973 2447 1272 2552 constantiam,
1309 2471 1447 2556 neque
1486 2445 1752 2529 saeculorum
1787 2449 2148 2554 eonsuetudinem,

144 2613 288 2693 neque
315 2583 652 2666 adversariorum
681 2583 917 2693 potentiam
945 2583 1132 2666 minasve
1162 2571 1469 2695 respieientem,
1502 2583 1690 2667 studium
1721 2584 1902 2693 denique
1931 2585 2068 2695 pium,
2087 2584 2147 2666 ⁴li-

144 2719 313 2826 berale,
341 2719 619 2826 indefessum,
657 2720 701 2801 in
725 2720 969 2804 vscrutandis
999 2721 1240 2832 seripturis,
1271 2721 1314 2802 in
1344 2721 1578 2803 ediscendis
1616 2732 1661 2803 et
1691 2721 1898 2832 augendis
1915 2721 2147 2804 >sanation-

145 2860 229 2940 bus
266 2855 509 2969 disciplinis,
546 2857 590 2938 in
630 2858 824 2941 omnibus
859 2860 950 2940 fer'e
990 2859 1111 2941 bouis
1147 2858 1311 2941 artibus
1346 2859 1587 2942 ereolendis
1622 2859 1895 2943 eolloeatum,
1929 2859 2073 2942 Haeo
2103 2870 2149 2965 et

144 2995 390 3078 huiusmodi
434 2993 517 3076 alia
562 3023 671 3105 quae
709 2995 778 3078 hie
817 3024 1082 3078 enumerare·
1101 2995 1282 3106 longum
1319 2997 1447 3101 l'oret,
1485 3008 1583 3078 ante
1622 2997 1763 3079 omnia
1790 2996 2004 3078 imitanda
2048 3007 2149 3093 sunt

144 3132 314 3243 magnis
343 3132 389 3213 in
418 3131 509 3217 illis
536 3132 735 3219 ecelesiae
772 3144 942 3216 nostrae
972 3133 1288 3239 liberatoribus3
1328 3133 1396 3214 his
1430 3145 1574 3216 autem
1600 3134 1794 3245 fulgent,
1833 3133 1931 3215 inde
1962 3134 2016 3216 ab
2046 3163 2147 3244 ap0÷

144 3269 357 3352 stolorum
394 3299 589 3375 exoessu,
627 3270 762 3355 nullis·
790 3270 974 3354 seeundi
1041 3270 1161 3353 Haee
1195 3269 1476 3353 esatimitatio
1513 3300 1623 3381 quae
1651 3272 1774 3354 iuvat
1808 3281 1865 3352 etv
1889 3271 2066 3381 prodest
2093 3281 2149 3351 -et

141 3407 393 3513 fmetifiaat,
434 3405 591 3518 quippe
630 3436 740 3517 quae
775 3437 860 3490 non
892 3437 952 3490 ex
990 3437 1113 3492 earne
1144 3420 1221 3490 aut
1249 3407 1375 3490 litera
1418 3408 1607 3490 nate-sit
1621 3438 1785 3491 -rerum
1815 3437 1868 3489 ex
1908 3435 1961 3488 eo
1979 3407 2147 3517 spiritu

143 3574 233 3654 quo
264 3544 344 3656 ipsi
375 3546 625 3655 agebantur,
657 3557 815 3628 etnon
845 3546 927 3629 nisi
956 3545 1000 3627 in
1029 3545 1299 3655 generosiore
1329 3574 1498 3655 quoque
1527 3556 1709 3657 peetore
1728 3545 1888 3628 oriatur
1918 3555 1984 3649 et,
1998 3543 2148 3652 ‚quoad

143 3695 301 3765 natura
327 3681 588 3794 suppeditat,
619 3694 765 3766 saneta
786 3683 977 3792 quadam
1007 3682 1147 3766 alatur
1177 3681 1470 3764 aemulatione.
1521 3721 1525 3751 τ

274 3818 560 3929 ›Atque-*hoe
590 3819 731 3931 ipsum
762 3831 830 3903 est
859 3820 1048 3902 studium
1077 3820 1145 3902 eui
1175 3820 1309 3900 indies
1332 3819 1496 3901 felisius
1516 3817 1806 3929 promovendo
1830 3818 1976 3929 plures
2002 3828 2147 3900 nostra

144 3957 349 4040 memoria
384 3955 464 4037 riri
489 3956 624 4049 -doeti
659 3957 864 4040 haetenus
901 3957 1184 4040 ineubuerunt
1226 3968 1277 4037 ut
1320 3955 1653 4066 eoryphaeorum
1693 3955 1805 4037 inter
1842 3957 2147 4039 reformatores

141 4122 273 4204 opera
303 4092 451 4177 sedulo
481 4093 680 4205 eolleeta,
698 4095 875 4178 ‘mendis
904 4106 1109 4207 purgata,
1145 4092 1264 4176 novis
1296 4093 1407 4176 euris
1437 4091 1678 4198 illustrata,
1710 4092 1850 4175 denuo
1880 4093 1995 4204 typis
2025 4120 2144 4173 man-

142 4231 307 4338 darent,
338 4242 391 4313 a·
413 4259 466 4313 er
488 4233 692 4342 perraris,
720 4232 893 4339 mancis,
924 4231 1036 4314 mole
1058 4260 1144 4315 ¹sua
1172 4230 1405 4337 horrendis,
1436 4231 1574 4340 magis
1594 4229 1767 4313 habiles·
1783 4231 1972 4313 fenerent
1995 4228 2143 4313 editio-

144 4398 233 4474 nes,
263 4368 460 4452 omnibus
481 4368 670 4451 numeris
693 4370 938 4476 absolutas„
955 4370 1086 4453 cuivis
1115 4368 1288 4480 legendi
1313 4367 1465 4479 eupido
1491 4367 1613 4450 faaile
1634 4379 1841 4479 patentes.
1886 4365 1988 4472 Qui,
2010 4368 2143 4475 quum

141 4519 323 4587 vetares·
341 4505 566 4617 scriptores
588 4506 788 4618 plurimi,
827 4519 917 4590 tam
943 4505 1110 4618 profani
1138 4535 1272 4616 quam
1300 4503 1591 4611 aeclesiastici,
1623 4505 1854 4617 splendidis
1891 4500 2142 4612 exemplari-

142 4644 224 4724 bus
254 4642 416 4725 dudum
453 4645 674 4751 venirent,¹
704 4674 832 4755 aegre
870 4646 1065 4726 ferebant
1093 4655 1274 4726 nostroe*
1290 4642 1465 4749 Patres,
1495 4672 1610 4752 -quos
1642 4643 1744 4724 iure
1762 4642 1843 4724 hoe
1873 4637 2040 4721 nomine
2078 4638 2142 4741 in·

142 4779 382 4891 signiveris,
408 4810 545 4891 usque
572 4781 653 4865 tali
684 4794 1010 4893 euru1expertes
1040 4779 1301 4879 delitescere.
1338 4844 1342 4849 .

297 4917 490 5025 Primus,
506 4919 644 5029 vquod,
667 4921 866 5024 seiamus,
897 4928 996 5002 ante
1026 4917 1155 5000 haee‘?
1170 4928 1334 5028 septem
1351 4965 1355 4982 ·
1371 4917 1509 5001 lustra
1546 4917 1628 5000 Vir-
1667 4914 1922 5000 elarissimus
1943 4913 2142 4997 Carolus

141 5053 409 5165 Theophilus
440 5055 820 5139 Bretsehneiderus
832 5118 843 5162 ,
883 5067 978 5137 tum
1004 5055 1210 5166 temporis
1242 5054 1355 5164 apud
1386 5054 1632 5165 Thuringos
1663 5053 1875 5165 gothanos
1906 5034 2141 5133 eruditissi-

140 5222 239 5273 mus
283 5192 512 5304 theologus
560 5224 833 5305 summusque
872 5193 1073 5277 eeclesiae
1113 5192 1314 5298 antistes,
1358 5192 1579 5277 eonsilium
1615 5191 1727 5302 oepit
1756 5189 1933 5299 orbique
1971 5171 2142 5272 literato
