4770 6030
179 313 218 373 17
864 311 1098 379 EPIS'ICLA
1120 310 1496 380 NUNCUPA'PORIA„
2146 322 2187 384 18

174 498 299 564 Christi
320 497 353 580 (1
374 498 449 564 Cor.
468 500 503 584 3)
526 501 578 564 cui
599 523 659 583 per
676 502 785 566 omnia
802 504 873 567 sine
889 503 1078 584 exceptione
1095 523 1153 584 pa·
1179 499 1183 563 Ι
1206 500 1358 582 linquunt
1374 503 1533 587 angulum
1548 505 1745 589 imaginibus
1761 527 1912 572 vacuum
1944 507 2041 572 Alius
2056 490 2150 590 pater
2161 508 2188 593 ¹)

173 610 312 675 randum
334 613 385 675 sit
428 611 529 676 Hunc
551 612 712 677 delectum
732 616 789 696 qui
808 636 873 678 non
893 624 991 691 tenet,
1014 614 1097 678 nihil
1118 615 1153 678 in
1206 612 1376 690 eonsulm,
1398 621 1436 677 ut
1456 615 1560 681 officio
1578 615 1792 682 humanitatis
1811 640 1891 701 erga
1912 628 2057 684 mortuos
2076 621 2112 684 in
2130 642 2183 686 se-

173 723 329 805 religione
351 725 563 788 constitutum
585 725 726 799 habebit
750 725 879 807 quando
900 726 1004 790 multa
1021 727 1153 809 ignora·
1205 723 1337 805 pultura
1359 725 1511 806 dehmcti,
1534 729 1714 793 sineremus
1731 751 1787 795 eos
1803 731 1978 813 quiescere.
2011 731 2083 796 Hos
2100 732 2185 796 limi·

173 844 252 898 runt
266 836 371 909 sancti
383 835 431 898 illi
442 838 514 914 viri,
532 859 628 919 saepe
644 839 730 901 inter
741 859 776 901 sa
792 839 1028 914 conflictantur,
1046 839 1148 901 inter-
1205 844 1255 900 tes
1274 846 1504 920 perrumpunt,
1532 862 1608 904 cum
1628 853 1821 924 perpetuam
1849 839 1890 927 [p
1903 839 1958 928 22]
1982 852 2185 908 mortuorum

173 945 252 1010 dum
273 948 373 1010 etiam
395 970 506 1013 secum
529 946 570 1033 [p
583 946 638 1035 20]
657 958 813 1033 pugnant
847 950 922 1013 Non
944 951 1014 1014 sine
1041 972 1149 1028 causa,
1178 1006 1181 1031 ,
1206 947 1456 1013 sollicitudinem
1470 951 1641 1015 incutiunt
1674 953 1729 1016 Ex
1746 954 1893 1036 patribus
1913 954 2030 1038 erat2)
2052 956 2108 1036 qui
2124 976 2183 1019 ne·

173 1059 332 1140 inquiunt,
345 1044 552 1125 aSolomona
564 1061 676 1141 (Prov.
687 1061 742 1145 22)
754 1061 976 1139 admonemur,
988 1084 1030 1126 ne
1041 1072 1151 1126 trans·
1206 1061 1297 1142 gavit
1314 1061 1348 1123 in
1374 1071 1577 1126 sacramento
1599 1085 1718 1129 coenae
1740 1086 1811 1129 esse
1834 1086 1950 1129 verum
1971 1085 2103 1147 corpus,
2126 1066 2185 1131 sed

174 1169 362 1253 gradiamur
383 1173 532 1255 antiquos
549 1175 718 1245 terminos.
741 1195 821 1256 quos
842 1182 1022 1256 posuerrmt
1040 1182 1150 1255 patras
1204 1173 1398 1255 mysterium
1410 1173 1571 1238 duntaxat
1585 1176 1737 1258 eorporis,
1752 1177 1800 1242 sic
1817 1177 1905 1240 enim
1922 1175 1964 1240 ad
1981 1177 2119 1242 verbum
2133 1178 2183 1242 lo-

173 1284 285 1347 nostn‘.
326 1286 373 1348 At
392 1306 458 1348 non
475 1285 589 1349 eadem
607 1300 657 1349 cst
673 1285 787 1368 regula
808 1287 843 1348 in
865 1307 1023 1369 agrorum·
1040 1286 1152 1349 limiti-
1205 1285 1452 1370 quitmgigitur
1472 1285 1606 1350 modum
1622 1296 1841 1369 praetemunt,
1863 1309 1939 1353 cum
1955 1289 2080 1353 faciunt
2096 1289 2186 1354 reale
2273 1305 2278 1311 ·

173 1396 234 1461 bus
258 1412 292 1458 et·
317 1395 501 1461 obedientia
517 1396 608 1473 fidei,
638 1419 737 1479 quam
753 1399 800 1464 sic
826 1406 1048 1480 comparatam
1080 1419 1153 1462 esse
1205 1402 1239 1458 et
1264 1396 1486 1462 substantiale.
1536 1399 1653 1463 Patras
1679 1406 1788 1478 crant,
1818 1420 1956 1481 quorum
1988 1401 2111 1485 unus⁸)
2144 1402 2187 1467 ab

173 1515 313 1589 oportet,
343 1516 379 1570 ut
403 1508 612 1574 obliviscatur
635 1509 792 1591 poprdum
823 1531 934 1588 suum,
961 1517 995 1574 et
1020 1510 1154 1575 domum
1204 1529 1266 1571 usu
1288 1529 1400 1573 sacrae
1418 1507 1542 1574 Christi
1564 1531 1682 1574 coenae
1698 1511 1734 1574 in
1751 1517 1857 1574 totum
1873 1511 2111 1576 submovendos
2129 1511 2186 1578 de·

172 1620 275 1701 patris
301 1621 352 1683 sui
376 1620 478 1704 (Psal
505 1619 571 1701 45).
620 1619 717 1702 Quod
747 1623 776 1684 si
808 1629 976 1703 tantopere
1008 1622 1153 1705 gestium
1205 1621 1317 1693 crevit
1340 1622 1395 1702 qui
1418 1620 1552 1686 alterius
1568 1623 1685 1704 speciei
1703 1624 1949 1705 participatione
1966 1625 2119 1702 contenti,
2141 1624 2184 1690 ab

172 1727 386 1812 ἆλληγορζειν,
403 1755 462 1797 cur
477 1754 543 1796 non
556 1733 717 1815 apostolos
732 1734 949 1815 potiusquam
965 1733 1045 1798 alios
1055 1755 1151 1815 quos-
1206 1731 1309 1796 altara
1336 1733 1542 1798 abstinebant
1547 1756 1555 1811 ;
1583 1734 1666 1798 alter
1674 1734 1703 1818 ⁴)
1724 1735 1852 1798 fortiter
1872 1742 2011 1819 pugnat,
2034 1758 2100 1801 non
2128 1735 2186 1801 de·

171 1844 224 1909 vis
244 1856 355 1926 patres
376 1845 645 1927 interpretantur,
668 1867 689 1909 a
710 1844 826 1927 quibus
847 1846 1063 1927 praescriptos
1084 1853 1151 1908 ter·
1205 1843 1392 1927 negandum
1413 1845 1531 1927 populo
1550 1844 1740 1910 Christiano
1755 1846 1890 1910 Domini
1908 1847 1958 1910 sui
1981 1847 2185 1930 sanguinem,

171 1949 278 2021 midos
294 1956 385 2020 nefas
401 1957 445 2020 sit
461 1955 640 2021 revellere?
678 1954 735 2021 Sic
750 1957 838 2020 anim
854 1958 1086 2039 interpretatus
1102 1964 1153 2020 est
1204 1976 1264 2037 pro
1286 1957 1378 2021 cuius
1399 1956 1598 2022 confessione
1619 1959 1814 2041 sanguinem
1832 1980 1929 2023 suum
1951 1958 2118 2032 effimdere
2134 1961 2186 2025 iu·

171 2069 406 2153 Hieronymus,
428 2069 519 2134 cuius
535 2069 637 2133 verba
657 2069 692 2132 in
709 2089 784 2132 suos
803 2090 943 2133 canones
959 2067 1149 2132 retvrlenmt
1205 2067 1308 2131 betur.
1358 2066 1430 2132 Hos
1462 2070 1618 2134 terminos
1646 2070 1863 2148 sustulerunt,
1898 2093 1975 2136 cum
2006 2070 2185 2136 inviolabili

259 2178 357 2262 Quod
378 2183 407 2246 si
427 2202 548 2259 eorum,
571 2201 651 2262 quos
672 2179 873 2262 intelligunt,
895 2181 978 2244 fixos
1001 2201 1072 2244 esse
1094 2200 1150 2244 vo-
1203 2177 1277 2261 lege
1298 2179 1332 2243 id
1353 2179 1461 2265 ipsum
1480 2181 1654 2260 iusserrmt,
1676 2182 1762 2264 quod
1779 2183 1834 2246 ille
1851 2184 2186 2248 excommunicatione
2291 2192 2298 2199 '

171 2293 245 2357 lunt
269 2293 442 2369 terminos,
469 2315 528 2358 cur
553 2292 616 2374 ipsi
645 2293 771 2373 quoties
802 2290 882 2356 libet
907 2291 988 2357 adeo
1014 2293 1150 2357 licenter
1204 2292 1368 2373 puniebat,
1387 2292 1441 2358 hic
1452 2291 1561 2356 valida
1577 2295 1702 2357 ratione
1718 2294 1930 2377 improbabat
1952 2295 2055 2359 Pater
2065 2301 2144 2374 erat,
2154 2294 2185 2379 ⁵)

171 2403 478 2487 transgrediuntur?
507 2404 563 2468 Ex
579 2405 727 2486 patribus
744 2413 852 2482 eraut,
871 2426 1010 2486 quorum
1028 2403 1111 2468 alter
1123 2404 1147 2488 ¹)
1204 2405 1259 2486 qui
1270 2404 1487 2468 temeritatem
1502 2425 1573 2468 esse
1588 2406 1735 2482 asserunt,
1747 2404 1789 2470 dc
1804 2426 1840 2469 rc
1856 2405 1994 2471 obscura
2009 2407 2044 2470 in
2059 2414 2185 2472 utram·

171 2516 267 2580 dixit:
296 2517 407 2581 Deum
431 2526 581 2582 nostrum
601 2537 667 2580 non
693 2514 789 2580 edere
810 2537 915 2598 neque
936 2516 1060 2594 bibere,
1087 2518 1149 2580 ita·
1203 2516 1392 2598 vispartam
1407 2515 1552 2594 definire,
1573 2516 1645 2580 sine
1659 2515 1756 2581 claris
1772 2523 1868 2598 atque
1883 2516 2089 2583 evidentibus
2100 2519 2181 2584 scri-

171 2651 234 2711 que
255 2651 321 2693 non
343 2628 463 2694 habere
484 2650 565 2710 opus
584 2628 738 2693 calicibus
759 2649 864 2709 neque
882 2627 993 2705 discis;
1015 2628 1149 2712 alter:²)
1202 2634 1320 2709 pturae
1345 2628 1546 2692 testimoniis.
1581 2627 1680 2692 Hunc
1696 2629 1874 2691 terminum
1890 2627 1981 2692 obliti
1998 2637 2084 2706 sunt,
2109 2649 2186 2695 cum

170 2763 265 2807 sacra
286 2763 403 2805 aurum
424 2762 490 2805 non
511 2762 666 2823 quaerere
687 2760 792 2822 neque
809 2760 888 2804 auro
909 2740 1046 2822 plaeere,
1067 2761 1150 2823 quae
1203 2745 1252 2803 tot
1262 2740 1517 2817 constitutiones,
1528 2747 1577 2803 tot
1592 2760 1741 2817 canones,
1753 2739 2019 2832 totmagistralcs
2029 2738 2184 2804 determi-

172 2876 252 2918 auro
276 2875 344 2918 non
369 2862 532 2917 emuntur.
577 2851 876 2935 Transmdiuutru
897 2873 975 2935 ergo
1001 2852 1148 2930 limitem,
1203 2851 1368 2929 nationes,
1401 2852 1472 2916 sine
1504 2851 1572 2915 ullo
1603 2851 1668 2915 Dei
1705 2851 1803 2916 verbo
1838 2857 2030 2914 statuerunt
2082 2850 2186 2914 Pater

172 2988 249 3031 cum
272 2967 309 3030 in
333 2966 440 3030 saona
461 2966 529 3029 suis
555 2973 723 3046 tantopere
747 2984 841 3042 auro,
867 2973 1015 3047 argento,
1043 2965 1148 3043 ebore,
1203 2961 1323 3048 erat‘)
1351 2964 1407 3045 qui
1430 2962 1588 3027 Montano
1613 2959 1653 3047 [p.
1666 2959 1722 3048 23]
1745 2963 1831 3027 inter
1848 2962 1928 3026 alias
1951 2961 2104 3026 haereses
2125 2981 2185 3026 ex-

39 3154 55 3168 ,
171 3098 348 3153 marmore,
381 3076 516 3159 lapillis,
549 3077 661 3141 sericis
683 3075 901 3153 delectantur,
940 3073 1055 3162 [pal]
1089 3097 1149 3142 nec
1203 3073 1378 3156 probravit,
1399 3073 1486 3156 quod
1503 3075 1629 3156 primus
1645 3074 1841 3138 ieiuniorum
1857 3073 1946 3157 leges
1966 3074 2183 3155 imposuisset

170 3191 234 3254 rite
243 3190 354 3254 Deum
365 3189 427 3254 coli
437 3195 563 3271 putant,
577 3189 640 3253 nisi
653 3189 764 3252 omnia
773 3188 855 3251 luxu
866 3187 1023 3252 diffluant
1044 3188 1146 3253 Pater
1203 3186 1303 3251 Hunc
1323 3207 1450 3268 quoque
1471 3187 1649 3250 terminum
1673 3185 1769 3269 longe
1791 3193 2017 3264 excessenmt,
2040 3207 2115 3250 cum
2136 3184 2185 3251 ie-

170 3300 279 3386 crat')
295 3302 352 3384 qui
374 3301 470 3365 dixit:
494 3300 566 3365 ideo
588 3323 624 3365 se
643 3300 744 3364 libere
766 3321 881 3365 carnes
893 3299 998 3378 edera,
1021 3300 1148 3385 quodie
1202 3298 1293 3361 iunia
1313 3297 1526 3364 strictissimis
1547 3296 1674 3381 legibus
1701 3305 1889 3363 sanxerrmt
1940 3297 2042 3362 Pater
2064 3296 2184 3381 erati)

170 3415 291 3479 caeteri
312 3413 528 3491 abstinebant,
550 3400 627 3496 ¹quia
638 3410 846 3477 Christianus
858 3420 952 3477 esset
980 3413 1096 3496 Itaque
1111 3414 1151 3477 fl·
1202 3410 1257 3493 qui
1284 3410 1419 3493 negavit
1444 3410 1599 3476 ecclesiae
1629 3411 1789 3476 ministris
1820 3405 2079 3473 interdicendum
2106 3429 2185 3473 con·

170 3547 230 3590 nes
244 3525 444 3603 transiliunt,
455 3546 530 3590 cum
546 3523 625 3588 diris
642 3525 786 3590 animam
800 3523 970 3604 devovent,
989 3547 1071 3607 quae
1087 3548 1148 3608 per
1202 3522 1329 3605 iugium
1346 3528 1380 3586 et
1396 3523 1578 3588 castitatem
1596 3521 1824 3605 pronunciavit
1839 3541 1914 3584 curn
1930 3519 2062 3601 propria
2079 3540 2181 3584 uxore

168 3635 453 3720 quadragesimam
479 3657 612 3701 caruem
633 3637 821 3720 gustaverit
866 3636 983 3702 Patres
1005 3646 1107 3715 erant,
1115 3636 1146 3722 ⁴)
1203 3635 1425 3713 concubitum,
1454 3642 1487 3698 et
1520 3635 1654 3712 Patras,
1685 3634 1742 3716 qui
1769 3632 1839 3696 eius
1871 3629 2040 3693 autoritati
2072 3651 2185 3695 assen-

167 3769 307 3831 quorum
334 3770 418 3812 unus
446 3745 541 3811 dixit:
575 3746 786 3826 monachum,
819 3749 876 3831 qui
897 3749 1049 3814 manibus
1080 3751 1148 3816 suis
1202 3753 1323 3812 serunt
1368 3745 1432 3811 His
1453 3746 1573 3811 finibus
1592 3744 1716 3829 egressi
1736 3750 1822 3819 sunt,
1845 3762 1920 3807 cum
1940 3741 2008 3805 suis
2028 3741 2186 3808 sacrificis

167 3881 235 3925 non
251 3860 387 3935 laboret,
408 3861 551 3925 violento
568 3858 705 3925 iudicari
723 3859 904 3942 aequalem3
927 3859 1063 3945 alter:⁶)
1081 3866 1160 3926 non‘
1202 3857 1396 3924 coelibatum
1427 3856 1628 3921 indixerunt
1681 3855 1789 3920 Pater
1814 3850 1933 3936 erat⁸)
1969 3853 2025 3934 qui
2057 3855 2185 3919 censuit

168 3971 267 4038 licere
288 3972 458 4039 monachis
478 3994 520 4037 ex
541 3956 647 4036 alieno
667 3971 779 4036 vivere
799 3973 928 4037 etiamsi
944 3973 1066 4038 assidui
1083 3976 1150 4039 sint
1201 3990 1305 4034 unum
1325 3968 1496 4036 Christum
1518 3965 1718 4033 audiendum
1736 3986 1817 4046 esse,
1840 3963 1961 4045 dequo
1979 3962 2183 4031 dictumsit:

168 4085 205 4148 in
226 4085 564 4167 contemplationibus,
587 4084 622 4147 in
644 4083 855 4163 orationibus,
878 4085 913 4148 iu
935 4083 1059 4150 studiis.
1103 4086 1150 4150 Et
1200 4083 1310 4164 ipsum
1331 4079 1455 4160 audite,
1484 4101 1545 4145 uec
1566 4074 1819 4162 respiciendum,
1846 4074 1925 4158 quid
1946 4075 2003 4139 alii
2027 4083 2103 4141 ante
2123 4096 2184 4142 nos

170 4196 259 4261 hunc
276 4196 416 4260 limitem
432 4197 628 4280 transgressi
645 4203 730 4275 suut,
749 4217 824 4260 cum
839 4197 957 4261 otiosos
974 4199 1149 4264 monacho-
1201 4201 1259 4258 aut
1287 4192 1443 4273 dixerint,
1477 4201 1536 4257 aut
1566 4192 1715 4269 fecerint,
1754 4187 1814 4254 sed
1841 4187 1933 4271 quid,
1967 4189 2024 4271 qui
2055 4188 2181 4269 primus

170 4318 398 4387 rumventres
418 4310 454 4372 in
476 4308 588 4372 lustris
609 4316 644 4373 et
662 4307 838 4373 fornicibus
857 4308 1069 4388 collocarunt,
1092 4311 1149 4393 qui
1199 4305 1346 4370 omnium
1367 4312 1426 4383 est,
1449 4303 1611 4384 Christus,
1632 4302 1842 4386 praeceperit
1882 4299 1982 4365 Hunc
2003 4299 2103 4363 finem
2124 4318 2183 4363 ne-

170 4419 277 4484 aliena
308 4421 490 4485 substantia
522 4427 755 4485 saturarentur.
810 4421 912 4485 Pater
942 4420 1061 4506 erat‘)
1092 4423 1149 4504 qui
1200 4439 1263 4501 que
1289 4417 1352 4500 ipsi
1378 4417 1439 4482 sibi
1464 4416 1697 4499 praestituunt,
1723 4434 1829 4496 neque
1853 4406 2183 4492 aliispraestitutum

170 4529 266 4595 dixit:
290 4531 488 4596 horrendam
510 4553 581 4596 esse
601 4531 881 4611 abominationem,
903 4532 1015 4605 videre
1031 4533 1148 4616 imagi·
1202 4593 1308 4600 W-.
1330 4593 1407 4599 „n-

168 4665 246 4707 ΗΘΜ
282 4644 318 4707 in
348 4643 611 4708 Chrisunnorum
645 4643 784 4725 templis
839 4644 1025 4708 Plurimum
1057 4645 1149 4711 abac
1265 4693 1294 4758 ι)
1316 4692 1478 4745 Ambrosius
1501 4690 1530 4742 in
1548 4690 1594 4741 us.
1618 4687 1652 4740 so
1670 4687 1836 4740 assumo.
1923 4680 1954 4747 a)
1973 4682 2064 4734 sutor
2090 4683 2182 4751 opera

169 4756 248 4836 quin
276 4777 311 4819 ⁸0
332 4757 421 4820 intra
446 4754 506 4820 110ss
528 4757 611 4821 fines
632 4755 833 4833 contheam,
860 4754 990 4839 quando
1010 4777 1075 4819 non
1095 4777 1146 4821 rs
1196 4779 1347 4848 imperfecti
1369 4778 1398 4830 in
1421 4776 1596 4828 satanam.
1631 4773 1730 4825 soma
1759 4772 1800 4824 11.
1827 4772 1900 4823 inor
1925 4784 2010 4836 opera
2038 4768 2179 4838 chrysost.

188 4897 208 4902 ·’
287 4897 327 4902 --·
351 4896 377 4905 -·
724 4845 742 4882 ⁰
1198 4864 1229 4931 3)
1247 4864 1370 4919 Celusius
1387 4879 1444 4915 cau.
1463 4861 1649 4928 comperimus,
1668 4859 1702 4911 de
1719 4864 1866 4911 consecrat
1885 4855 1947 4907 dist.
1966 4853 1991 4906 2.
2078 4854 2109 4922 4)
2128 4855 2180 4925 Cy-

240 4960 269 5027 l)
288 4962 427 5024 Achatius,
447 4963 475 5014 in
494 4963 611 5030 Tripert.
636 4961 758 5014 historia.
828 4959 859 5031 2)
877 4961 1038 5014 Ambrosius
1056 4963 1102 5015 lib.
1122 4961 1145 5015 l.
1199 4953 1317 5019 prianus,
1336 4950 1413 5018 epist
1432 4947 1457 5000 2.
1476 4947 1522 5000 lib.
1542 4946 1564 4997 1.
1584 4944 1726 5011 delapsis
1796 4939 1827 5008 ὃ)
1846 4939 2022 5008 Augustinus,
2042 4941 2087 4992 lib.
2104 4943 2127 4993 1.
2146 4941 2181 4995 de

170 5044 204 5097 ee
228 5047 330 5098 officiis.
406 5045 1045 5130 &Spiridionsriperthbalib.1.c.10.
1116 5048 1148 5116 4)
1200 5037 1288 5105 amun
1312 5036 1384 5089 Novi
1406 5034 1479 5086 vat,
1497 5049 1519 5085 ο.
1538 5032 1601 5117 ult-¹
1662 5027 1692 5093 6)
1711 5025 1880 5095 Apollonius,
1900 5043 1924 5121 νἶ
1943 5024 2098 5079 molestat.
2117 5028 2180 5082 sisa

170 5130 286 5199 Tripert.
305 5133 368 5185 hist.
387 5134 433 5186 lib.
452 5132 476 5185 5.
496 5151 517 5186 c.
537 5134 561 5186 1.
665 5133 696 5199 ὁ)
715 5133 894 5202 Augustinus:
913 5133 947 5186 de
962 5135 1066 5202 operib,
1090 5151 1147 5187 mo.
1200 5124 1246 5175 lib.
1265 5121 1289 5174 ὀ.
1308 5139 1330 5174 c
1350 5119 1390 5172 18.
1461 5117 1492 5186 7)
1510 5116 1691 5185 Paphnutius,
1712 5131 1736 5164 v.
1754 5112 1873 5180 Tripert.
1898 5111 1960 5163 hmt.
1982 5113 2027 5164 lib.
2046 5112 2070 5165 2.
2095 5130 2117 5166 c.
2138 5115 2180 5168 14.

170 5218 278 5270 nasot.
352 5219 383 5286 s)
401 5220 582 5288 Epiphanius,
600 5221 629 5273 in
647 5220 762 5289 opaea
785 5220 820 5272 aa
840 5219 1008 5290 momuyno
1026 5237 1112 5273 vasa
1200 5208 1231 5274 8)
1249 5207 1409 5277 Cyprianus,
1427 5206 1477 5274 Eo·
1496 5202 1521 5257 3ι
1540 5204 1586 5256 lib-
1604 5200 1630 5254 ⁹·

207 5301 317 5357 Caluam
331 5321 421 5374 opera.
461 5305 517 5358 Vol.
535 5303 560 5357 1.
828 5319 832 5325 ’
1959 5282 1977 5335 2
