<?xml version="1.0" encoding="UTF-8"?>
<!DOCTYPE html PUBLIC "-//W3C//DTD XHTML 1.0 Transitional//EN"
    "http://www.w3.org/TR/xhtml1/DTD/xhtml1-transitional.dtd">
<html xmlns="http://www.w3.org/1999/xhtml" xml:lang="en" lang="en">
 <head>
  <title>
</title>
<meta http-equiv="Content-Type" content="text/html;charset=utf-8" />
  <meta name='ocr-system' content='tesseract 3.04.00' />
  <meta name='ocr-capabilities' content='ocr_page ocr_carea ocr_par ocr_line ocrx_word'/>
</head>
<body>
  <div class='ocr_page' id='page_1' title='image "./ioanniscalvinio05calvgoog_0176.png"; bbox 0 0 4770 6030; ppageno 0'>
   <div class='ocr_carea' id='block_1_1' title="bbox 175 342 2182 436">
    <p class='ocr_par' dir='ltr' id='par_1_1' title="bbox 175 342 2182 436">
     <span class='ocr_line' id='line_1_1' title="bbox 175 342 2182 436; baseline 0.002 -5"><span class='ocrx_word' id='word_1_1' title='bbox 175 370 237 432; x_wconf 81' lang='grc' dir='ltr'><strong>ιιι</strong></span> <span class='ocrx_word' id='word_1_2' title='bbox 827 366 927 434; x_wconf 73' lang='lat' dir='ltr'><strong>cla.</strong></span> <span class='ocrx_word' id='word_1_3' title='bbox 949 367 1010 436; x_wconf 76' lang='grc' dir='ltr'>ιι</span> <span class='ocrx_word' id='word_1_4' title='bbox 1055 366 1325 433; x_wconf 78' lang='lat' dir='ltr'><strong>naumann.</strong></span> <span class='ocrx_word' id='word_1_5' title='bbox 1349 342 1530 434; x_wconf 68' lang='lat' dir='ltr'><strong>onear.</strong></span> <span class='ocrx_word' id='word_1_6' title='bbox 2119 373 2182 436; x_wconf 82' lang='lat' dir='ltr'><strong>na</strong></span> 
     </span>
    </p>
   </div>
   <div class='ocr_carea' id='block_1_2' title="bbox 133 555 2185 2270">
    <p class='ocr_par' dir='ltr' id='par_1_2' title="bbox 133 555 2185 2270">
     <span class='ocr_line' id='line_1_2' title="bbox 173 555 2183 642; baseline 0.002 -22"><span class='ocrx_word' id='word_1_7' title='bbox 173 556 223 642; x_wconf 85' lang='grc'><strong>4);</strong></span> <span class='ocrx_word' id='word_1_8' title='bbox 251 557 345 621; x_wconf 88' lang='lat' dir='ltr'><strong>item:</strong></span> <span class='ocrx_word' id='word_1_9' title='bbox 375 557 449 621; x_wconf 83' lang='lat' dir='ltr'><strong>Lex</strong></span> <span class='ocrx_word' id='word_1_10' title='bbox 477 557 595 638; x_wconf 81' lang='lat' dir='ltr'>peribit</span> <span class='ocrx_word' id='word_1_11' title='bbox 622 578 642 621; x_wconf 90' lang='lat' dir='ltr'><strong>a</strong></span> <span class='ocrx_word' id='word_1_12' title='bbox 669 556 850 635; x_wconf 82' lang='lat' dir='ltr'><strong>sacerdote,</strong></span> <span class='ocrx_word' id='word_1_13' title='bbox 881 563 914 621; x_wconf 94' lang='lat' dir='ltr'><strong>et</strong></span> <span class='ocrx_word' id='word_1_14' title='bbox 940 555 1110 622; x_wconf 89' lang='lat' dir='ltr'><strong>consilium</strong></span> <span class='ocrx_word' id='word_1_15' title='bbox 1133 577 1153 621; x_wconf 88' lang='lat' dir='ltr'><strong>a</strong></span> <span class='ocrx_word' id='word_1_16' title='bbox 1205 555 1380 622; x_wconf 86' lang='lat' dir='ltr'><strong>vertendae</strong></span> <span class='ocrx_word' id='word_1_17' title='bbox 1402 555 1716 640; x_wconf 83' lang='lat' dir='ltr'><strong>eonfringendasque</strong></span> <span class='ocrx_word' id='word_1_18' title='bbox 1738 557 1908 638; x_wconf 86' lang='lat' dir='ltr'><strong>imagines,</strong></span> <span class='ocrx_word' id='word_1_19' title='bbox 1931 556 2072 621; x_wconf 88' lang='lat' dir='ltr'><strong>alterum</strong></span> <span class='ocrx_word' id='word_1_20' title='bbox 2089 560 2183 624; x_wconf 88' lang='lat' dir='ltr'><strong>resti·</strong></span> 
     </span>
     <span class='ocr_line' id='line_1_3' title="bbox 173 640 2183 728; baseline 0.002 -22"><span class='ocrx_word' id='word_1_21' title='bbox 173 643 354 707; x_wconf 84' lang='lat' dir='ltr'><strong>senioribus</strong></span> <span class='ocrx_word' id='word_1_22' title='bbox 376 643 448 728; x_wconf 75' lang='lat' dir='ltr'><strong>(aa.</strong></span> <span class='ocrx_word' id='word_1_23' title='bbox 469 643 512 726; x_wconf 83' lang='lat'><strong>7).</strong></span> <span class='ocrx_word' id='word_1_24' title='bbox 558 641 662 723; x_wconf 77' lang='lat' dir='ltr'><strong>Quasi</strong></span> <span class='ocrx_word' id='word_1_25' title='bbox 683 642 767 708; x_wconf 85' lang='lat' dir='ltr'><strong>falsa</strong></span> <span class='ocrx_word' id='word_1_26' title='bbox 788 643 855 706; x_wconf 88' lang='lat' dir='ltr'><strong>sint</strong></span> <span class='ocrx_word' id='word_1_27' title='bbox 876 640 1002 707; x_wconf 80' lang='lat' dir='ltr'>Christi</span> <span class='ocrx_word' id='word_1_28' title='bbox 1021 648 1055 706; x_wconf 93' lang='lat' dir='ltr'><strong>et</strong></span> <span class='ocrx_word' id='word_1_29' title='bbox 1076 662 1153 724; x_wconf 92' lang='lat' dir='ltr'><strong>apo-</strong></span> <span class='ocrx_word' id='word_1_30' title='bbox 1205 641 1344 707; x_wconf 87' lang='lat' dir='ltr'><strong>tuendas</strong></span> <span class='ocrx_word' id='word_1_31' title='bbox 1365 643 1499 709; x_wconf 65' lang='lat' dir='ltr'><strong>censent.</strong></span> <span class='ocrx_word' id='word_1_32' title='bbox 1545 642 1591 708; x_wconf 80' lang='lat' dir='ltr'><strong>Et</strong></span> <span class='ocrx_word' id='word_1_33' title='bbox 1617 644 1750 707; x_wconf 90' lang='lat' dir='ltr'><strong>omnino</strong></span> <span class='ocrx_word' id='word_1_34' title='bbox 1779 643 1865 706; x_wconf 90' lang='lat' dir='ltr'><strong>inter</strong></span> <span class='ocrx_word' id='word_1_35' title='bbox 1886 642 2078 707; x_wconf 77' lang='lat' dir='ltr'>orientalem</span> <span class='ocrx_word' id='word_1_36' title='bbox 2099 645 2183 710; x_wconf 87' lang='lat' dir='ltr'><strong>ocei-</strong></span> 
     </span>
     <span class='ocr_line' id='line_1_4' title="bbox 173 726 2153 812; baseline 0.001 -19"><span class='ocrx_word' id='word_1_37' title='bbox 173 728 332 794; x_wconf 86' lang='lat' dir='ltr'><strong>stelorum</strong></span> <span class='ocrx_word' id='word_1_38' title='bbox 349 729 514 805; x_wconf 70' lang='lat' dir='ltr'><strong>mhcinia,</strong></span> <span class='ocrx_word' id='word_1_39' title='bbox 534 726 715 793; x_wconf 90' lang='lat' dir='ltr'><strong>cuiusmodi</strong></span> <span class='ocrx_word' id='word_1_40' title='bbox 725 730 789 794; x_wconf 87' lang='lat' dir='ltr'><strong>ista</strong></span> <span class='ocrx_word' id='word_1_41' title='bbox 801 735 891 793; x_wconf 88' lang='lat' dir='ltr'><strong>sunt:</strong></span> <span class='ocrx_word' id='word_1_42' title='bbox 913 728 1045 792; x_wconf 81' lang='lat' dir='ltr'><strong>venient</strong></span> <span class='ocrx_word' id='word_1_43' title='bbox 1057 727 1153 812; x_wconf 84' lang='lat' dir='ltr'><strong>multi</strong></span> <span class='ocrx_word' id='word_1_44' title='bbox 1206 726 1441 812; x_wconf 90' lang='lat' dir='ltr'><strong>dentalemque,</strong></span> <span class='ocrx_word' id='word_1_45' title='bbox 1464 735 1503 792; x_wconf 90' lang='lat' dir='ltr'><strong>ut</strong></span> <span class='ocrx_word' id='word_1_46' title='bbox 1522 738 1650 808; x_wconf 84' lang='lat' dir='ltr'><strong>voeant,</strong></span> <span class='ocrx_word' id='word_1_47' title='bbox 1673 728 1852 807; x_wconf 85' lang='lat' dir='ltr'><strong>eeclesiam,</strong></span> <span class='ocrx_word' id='word_1_48' title='bbox 1875 748 1952 792; x_wconf 85' lang='lat' dir='ltr'><strong>rara</strong></span> <span class='ocrx_word' id='word_1_49' title='bbox 1973 729 2153 794; x_wconf 82' lang='lat' dir='ltr'><strong>concordia</strong></span> 
     </span>
     <span class='ocr_line' id='line_1_5' title="bbox 171 812 2183 899; baseline 0.001 -20"><span class='ocrx_word' id='word_1_50' title='bbox 171 812 474 898; x_wconf 76' lang='lat' dir='ltr'><strong>pseudoprophetae</strong></span> <span class='ocrx_word' id='word_1_51' title='bbox 495 814 529 878; x_wconf 89' lang='lat' dir='ltr'><strong>in</strong></span> <span class='ocrx_word' id='word_1_52' title='bbox 558 815 690 879; x_wconf 88' lang='lat' dir='ltr'><strong>nomine</strong></span> <span class='ocrx_word' id='word_1_53' title='bbox 711 819 784 879; x_wconf 86' lang='lat' dir='ltr'><strong>meo</strong></span> <span class='ocrx_word' id='word_1_54' title='bbox 807 813 941 899; x_wconf 88' lang='lat' dir='ltr'><strong>(Matth.</strong></span> <span class='ocrx_word' id='word_1_55' title='bbox 962 813 1034 897; x_wconf 86' lang='grc'><strong>24);</strong></span> <span class='ocrx_word' id='word_1_56' title='bbox 1057 813 1151 877; x_wconf 89' lang='lat' dir='ltr'><strong>item:</strong></span> <span class='ocrx_word' id='word_1_57' title='bbox 1291 813 1382 877; x_wconf 85' lang='lat' dir='ltr'><strong>Eant</strong></span> <span class='ocrx_word' id='word_1_58' title='bbox 1401 835 1489 879; x_wconf 89' lang='lat' dir='ltr'><strong>nuno</strong></span> <span class='ocrx_word' id='word_1_59' title='bbox 1509 819 1543 879; x_wconf 93' lang='lat' dir='ltr'><strong>et</strong></span> <span class='ocrx_word' id='word_1_60' title='bbox 1569 814 1705 879; x_wconf 84' lang='lat' dir='ltr'><strong>affixum</strong></span> <span class='ocrx_word' id='word_1_61' title='bbox 1727 813 1961 897; x_wconf 86' lang='lat' dir='ltr'><strong>alligatumque</strong></span> <span class='ocrx_word' id='word_1_62' title='bbox 1987 814 2055 879; x_wconf 90' lang='lat' dir='ltr'><strong>suis</strong></span> <span class='ocrx_word' id='word_1_63' title='bbox 2077 816 2183 881; x_wconf 90' lang='lat' dir='ltr'><strong>cenci-</strong></span> 
     </span>
     <span class='ocr_line' id='line_1_6' title="bbox 171 897 2183 984; baseline 0 -19"><span class='ocrx_word' id='word_1_64' title='bbox 171 901 245 984; x_wconf 78' lang='lat' dir='ltr'><strong>ugo</strong></span> <span class='ocrx_word' id='word_1_65' title='bbox 273 901 352 979; x_wconf 90' lang='lat' dir='ltr'><strong>scio,</strong></span> <span class='ocrx_word' id='word_1_66' title='bbox 382 899 468 982; x_wconf 90' lang='lat' dir='ltr'><strong>quod</strong></span> <span class='ocrx_word' id='word_1_67' title='bbox 489 906 563 983; x_wconf 91' lang='lat' dir='ltr'><strong>post</strong></span> <span class='ocrx_word' id='word_1_68' title='bbox 584 898 763 965; x_wconf 77' lang='lat' dir='ltr'><strong>discessum</strong></span> <span class='ocrx_word' id='word_1_69' title='bbox 790 920 900 963; x_wconf 90' lang='lat' dir='ltr'><strong>meum</strong></span> <span class='ocrx_word' id='word_1_70' title='bbox 927 900 1098 964; x_wconf 90' lang='lat' dir='ltr'><strong>intrabunt</strong></span> <span class='ocrx_word' id='word_1_71' title='bbox 1117 900 1154 963; x_wconf 92' lang='lat' dir='ltr'><strong>in</strong></span> <span class='ocrx_word' id='word_1_72' title='bbox 1205 897 1258 963; x_wconf 85' lang='lat' dir='ltr'><strong>liis</strong></span> <span class='ocrx_word' id='word_1_73' title='bbox 1280 899 1431 980; x_wconf 82' lang='lat' dir='ltr'><strong>spiritum</strong></span> <span class='ocrx_word' id='word_1_74' title='bbox 1453 907 1604 965; x_wconf 88' lang='lat' dir='ltr'><strong>sanetum</strong></span> <span class='ocrx_word' id='word_1_75' title='bbox 1624 920 1682 965; x_wconf 89' lang='lat' dir='ltr'><strong>suc</strong></span> <span class='ocrx_word' id='word_1_76' title='bbox 1699 921 1790 964; x_wconf 90' lang='lat' dir='ltr'><strong>more</strong></span> <span class='ocrx_word' id='word_1_77' title='bbox 1811 901 1941 965; x_wconf 87' lang='lat' dir='ltr'><strong>iactent.</strong></span> <span class='ocrx_word' id='word_1_78' title='bbox 1972 898 2087 982; x_wconf 88' lang='lat' dir='ltr'><strong>Neque</strong></span> <span class='ocrx_word' id='word_1_79' title='bbox 2104 922 2183 966; x_wconf 84' lang='lat' dir='ltr'><strong>vero</strong></span> 
     </span>
     <span class='ocr_line' id='line_1_7' title="bbox 174 981 2184 1071; baseline 0 -21"><span class='ocrx_word' id='word_1_80' title='bbox 174 1006 233 1050; x_wconf 85' lang='lat' dir='ltr'><strong>vos</strong></span> <span class='ocrx_word' id='word_1_81' title='bbox 256 985 459 1071; x_wconf 82' lang='lat' dir='ltr'><strong>(Ephesinae</strong></span> <span class='ocrx_word' id='word_1_82' title='bbox 473 985 627 1051; x_wconf 88' lang='lat' dir='ltr'><strong>ecelesiae</strong></span> <span class='ocrx_word' id='word_1_83' title='bbox 644 986 810 1068; x_wconf 87' lang='lat' dir='ltr'><strong>episcopos</strong></span> <span class='ocrx_word' id='word_1_84' title='bbox 828 984 1003 1067; x_wconf 88' lang='lat' dir='ltr'><strong>alloquitur</strong></span> <span class='ocrx_word' id='word_1_85' title='bbox 1013 981 1154 1068; x_wconf 90' lang='lat' dir='ltr'><strong>Paulus)</strong></span> <span class='ocrx_word' id='word_1_86' title='bbox 1205 983 1261 1049; x_wconf 87' lang='lat' dir='ltr'><strong>hic</strong></span> <span class='ocrx_word' id='word_1_87' title='bbox 1281 985 1546 1051; x_wconf 86' lang='lat' dir='ltr'><strong>omnia’concilia</strong></span> <span class='ocrx_word' id='word_1_88' title='bbox 1569 984 1764 1064; x_wconf 88' lang='lat' dir='ltr'><strong>damnanda,</strong></span> <span class='ocrx_word' id='word_1_89' title='bbox 1787 993 1845 1050; x_wconf 90' lang='lat' dir='ltr'><strong>aut</strong></span> <span class='ocrx_word' id='word_1_90' title='bbox 1861 985 2007 1050; x_wconf 91' lang='lat' dir='ltr'><strong>omnium</strong></span> <span class='ocrx_word' id='word_1_91' title='bbox 2032 992 2106 1050; x_wconf 88' lang='lat' dir='ltr'><strong>acta</strong></span> <span class='ocrx_word' id='word_1_92' title='bbox 2131 1007 2184 1052; x_wconf 89' lang='lat' dir='ltr'><strong>re-</strong></span> 
     </span>
     <span class='ocr_line' id='line_1_8' title="bbox 171 1068 2183 1156; baseline 0.001 -21"><span class='ocrx_word' id='word_1_93' title='bbox 171 1071 241 1154; x_wconf 94' lang='lat' dir='ltr'><strong>lupi</strong></span> <span class='ocrx_word' id='word_1_94' title='bbox 263 1093 396 1154; x_wconf 85' lang='lat' dir='ltr'><strong>graves,</strong></span> <span class='ocrx_word' id='word_1_95' title='bbox 426 1091 493 1135; x_wconf 92' lang='lat' dir='ltr'><strong>non</strong></span> <span class='ocrx_word' id='word_1_96' title='bbox 521 1077 692 1154; x_wconf 73' lang='lat' dir='ltr'><strong>pereuntes</strong></span> <span class='ocrx_word' id='word_1_97' title='bbox 719 1073 811 1156; x_wconf 81' lang='lat' dir='ltr'><strong>gregi</strong></span> <span class='ocrx_word' id='word_1_98' title='bbox 839 1078 936 1135; x_wconf 82' lang='lat' dir='ltr'><strong>etex</strong></span> <span class='ocrx_word' id='word_1_99' title='bbox 954 1070 1046 1136; x_wconf 87' lang='lat' dir='ltr'><strong>vobis</strong></span> <span class='ocrx_word' id='word_1_100' title='bbox 1073 1071 1153 1152; x_wconf 88' lang='lat' dir='ltr'><strong>ipsis</strong></span> <span class='ocrx_word' id='word_1_101' title='bbox 1206 1068 1393 1149; x_wconf 89' lang='lat' dir='ltr'><strong>scindenda,</strong></span> <span class='ocrx_word' id='word_1_102' title='bbox 1412 1077 1456 1148; x_wconf 90' lang='lat' dir='ltr'><strong>et,</strong></span> <span class='ocrx_word' id='word_1_103' title='bbox 1470 1070 1556 1154; x_wconf 92' lang='lat' dir='ltr'><strong>quod</strong></span> <span class='ocrx_word' id='word_1_104' title='bbox 1574 1070 1700 1150; x_wconf 88' lang='lat' dir='ltr'><strong>dicitur,</strong></span> <span class='ocrx_word' id='word_1_105' title='bbox 1714 1093 1780 1136; x_wconf 88' lang='lat' dir='ltr'><strong>una</strong></span> <span class='ocrx_word' id='word_1_106' title='bbox 1796 1070 1896 1134; x_wconf 85' lang='lat' dir='ltr'><strong>litura</strong></span> <span class='ocrx_word' id='word_1_107' title='bbox 1913 1069 2098 1136; x_wconf 89' lang='lat' dir='ltr'><strong>inducenda</strong></span> <span class='ocrx_word' id='word_1_108' title='bbox 2116 1071 2183 1138; x_wconf 92' lang='lat' dir='ltr'><strong>dis·</strong></span> 
     </span>
     <span class='ocr_line' id='line_1_9' title="bbox 173 1155 2184 1240; baseline 0 -18"><span class='ocrx_word' id='word_1_109' title='bbox 173 1164 272 1222; x_wconf 82' lang='lat' dir='ltr'><strong>enmt</strong></span> <span class='ocrx_word' id='word_1_110' title='bbox 292 1158 355 1223; x_wconf 75' lang='lat' dir='ltr'><strong>viri</strong></span> <span class='ocrx_word' id='word_1_111' title='bbox 377 1157 546 1239; x_wconf 91' lang='lat' dir='ltr'><strong>loquentes</strong></span> <span class='ocrx_word' id='word_1_112' title='bbox 567 1179 738 1240; x_wconf 87' lang='lat' dir='ltr'><strong>perversa,</strong></span> <span class='ocrx_word' id='word_1_113' title='bbox 767 1165 806 1221; x_wconf 93' lang='lat' dir='ltr'><strong>ut</strong></span> <span class='ocrx_word' id='word_1_114' title='bbox 827 1155 991 1221; x_wconf 86' lang='lat' dir='ltr'><strong>adducant</strong></span> <span class='ocrx_word' id='word_1_115' title='bbox 1012 1155 1153 1238; x_wconf 88' lang='lat' dir='ltr'><strong>discipu·</strong></span> <span class='ocrx_word' id='word_1_116' title='bbox 1205 1163 1293 1237; x_wconf 89' lang='lat' dir='ltr'><strong>puto.</strong></span> <span class='ocrx_word' id='word_1_117' title='bbox 1328 1156 1433 1220; x_wconf 85' lang='lat' dir='ltr'><strong>Video</strong></span> <span class='ocrx_word' id='word_1_118' title='bbox 1454 1157 1543 1222; x_wconf 89' lang='lat' dir='ltr'><strong>enim</strong></span> <span class='ocrx_word' id='word_1_119' title='bbox 1561 1156 1689 1223; x_wconf 88' lang='lat' dir='ltr'><strong>elucere</strong></span> <span class='ocrx_word' id='word_1_120' title='bbox 1706 1158 1742 1221; x_wconf 91' lang='lat' dir='ltr'><strong>in</strong></span> <span class='ocrx_word' id='word_1_121' title='bbox 1765 1155 1967 1239; x_wconf 84' lang='lat' dir='ltr'><strong>quibusdam,</strong></span> <span class='ocrx_word' id='word_1_122' title='bbox 1990 1158 2184 1238; x_wconf 79' lang='lat' dir='ltr'><strong>praesertim</strong></span> 
     </span>
     <span class='ocr_line' id='line_1_10' title="bbox 172 1241 2184 1327; baseline 0.001 -20"><span class='ocrx_word' id='word_1_123' title='bbox 172 1243 221 1308; x_wconf 90' lang='lat' dir='ltr'><strong>los</strong></span> <span class='ocrx_word' id='word_1_124' title='bbox 242 1251 317 1325; x_wconf 88' lang='lat' dir='ltr'><strong>post</strong></span> <span class='ocrx_word' id='word_1_125' title='bbox 337 1264 372 1308; x_wconf 88' lang='lat' dir='ltr'><strong>se</strong></span> <span class='ocrx_word' id='word_1_126' title='bbox 390 1242 478 1327; x_wconf 89' lang='lat' dir='ltr'><strong>(Act</strong></span> <span class='ocrx_word' id='word_1_127' title='bbox 493 1243 565 1327; x_wconf 82' lang='lat'>20);</span> <span class='ocrx_word' id='word_1_128' title='bbox 584 1245 678 1308; x_wconf 89' lang='lat' dir='ltr'><strong>item:</strong></span> <span class='ocrx_word' id='word_1_129' title='bbox 701 1243 835 1307; x_wconf 84' lang='lat' dir='ltr'><strong>fuerunt</strong></span> <span class='ocrx_word' id='word_1_130' title='bbox 851 1241 1153 1325; x_wconf 86' lang='lat' dir='ltr'><strong>pseudoprophetae</strong></span> <span class='ocrx_word' id='word_1_131' title='bbox 1205 1242 1240 1304; x_wconf 92' lang='lat' dir='ltr'><strong>in</strong></span> <span class='ocrx_word' id='word_1_132' title='bbox 1268 1243 1404 1307; x_wconf 88' lang='lat' dir='ltr'><strong>vetustis</strong></span> <span class='ocrx_word' id='word_1_133' title='bbox 1432 1243 1512 1316; x_wconf 90' lang='lat' dir='ltr'><strong>illis,</strong></span> <span class='ocrx_word' id='word_1_134' title='bbox 1540 1264 1657 1308; x_wconf 85' lang='lat' dir='ltr'><strong>verum</strong></span> <span class='ocrx_word' id='word_1_135' title='bbox 1685 1243 1815 1325; x_wconf 89' lang='lat' dir='ltr'><strong>pietatis</strong></span> <span class='ocrx_word' id='word_1_136' title='bbox 1838 1241 1997 1321; x_wconf 91' lang='lat' dir='ltr'><strong>studium,</strong></span> <span class='ocrx_word' id='word_1_137' title='bbox 2025 1251 2120 1308; x_wconf 86' lang='lat' dir='ltr'><strong>notas</strong></span> <span class='ocrx_word' id='word_1_138' title='bbox 2140 1244 2184 1310; x_wconf 88' lang='lat' dir='ltr'><strong>ad</strong></span> 
     </span>
     <span class='ocr_line' id='line_1_11' title="bbox 174 1326 2182 1412; baseline 0.001 -19"><span class='ocrx_word' id='word_1_139' title='bbox 174 1330 210 1393; x_wconf 91' lang='lat' dir='ltr'><strong>in</strong></span> <span class='ocrx_word' id='word_1_140' title='bbox 235 1329 369 1411; x_wconf 90' lang='lat' dir='ltr'><strong>populo,</strong></span> <span class='ocrx_word' id='word_1_141' title='bbox 403 1330 487 1394; x_wconf 87' lang='lat' dir='ltr'><strong>sieut</strong></span> <span class='ocrx_word' id='word_1_142' title='bbox 512 1339 552 1409; x_wconf 37' lang='lat' dir='ltr'><strong>,et</strong></span> <span class='ocrx_word' id='word_1_143' title='bbox 578 1329 666 1393; x_wconf 88' lang='lat' dir='ltr'><strong>inter</strong></span> <span class='ocrx_word' id='word_1_144' title='bbox 693 1350 750 1394; x_wconf 85' lang='lat' dir='ltr'><strong>vos</strong></span> <span class='ocrx_word' id='word_1_145' title='bbox 778 1336 875 1392; x_wconf 90' lang='lat' dir='ltr'><strong>erunt</strong></span> <span class='ocrx_word' id='word_1_146' title='bbox 896 1327 969 1392; x_wconf 81' lang='lat' dir='ltr'><strong>falsi</strong></span> <span class='ocrx_word' id='word_1_147' title='bbox 997 1326 1152 1406; x_wconf 85' lang='lat' dir='ltr'><strong>docteres,</strong></span> <span class='ocrx_word' id='word_1_148' title='bbox 1206 1326 1287 1391; x_wconf 88' lang='lat' dir='ltr'><strong>haec</strong></span> <span class='ocrx_word' id='word_1_149' title='bbox 1314 1327 1452 1410; x_wconf 86' lang='lat' dir='ltr'><strong>ingenii,</strong></span> <span class='ocrx_word' id='word_1_150' title='bbox 1485 1328 1667 1408; x_wconf 88' lang='lat' dir='ltr'><strong>doetrinae,</strong></span> <span class='ocrx_word' id='word_1_151' title='bbox 1694 1328 1903 1412; x_wconf 78' lang='lat' dir='ltr'><strong>prudentiae,</strong></span> <span class='ocrx_word' id='word_1_152' title='bbox 1932 1348 1998 1392; x_wconf 92' lang='lat' dir='ltr'><strong>non</strong></span> <span class='ocrx_word' id='word_1_153' title='bbox 2019 1328 2182 1396; x_wconf 84' lang='lat' dir='ltr'><strong>obscuras.</strong></span> 
     </span>
     <span class='ocr_line' id='line_1_12' title="bbox 174 1411 2185 1498; baseline 0 -18"><span class='ocrx_word' id='word_1_154' title='bbox 174 1416 230 1498; x_wconf 90' lang='lat' dir='ltr'><strong>qui</strong></span> <span class='ocrx_word' id='word_1_155' title='bbox 252 1415 460 1480; x_wconf 75' lang='lat' dir='ltr'><strong>introducent</strong></span> <span class='ocrx_word' id='word_1_156' title='bbox 481 1421 600 1493; x_wconf 81' lang='lat' dir='ltr'><strong>sectae,</strong></span> <span class='ocrx_word' id='word_1_157' title='bbox 629 1413 828 1497; x_wconf 89' lang='lat' dir='ltr'><strong>proditiones</strong></span> <span class='ocrx_word' id='word_1_158' title='bbox 849 1420 883 1478; x_wconf 93' lang='lat' dir='ltr'><strong>et</strong></span> <span class='ocrx_word' id='word_1_159' title='bbox 904 1419 1045 1491; x_wconf 88' lang='lat' dir='ltr'><strong>caetera,</strong></span> <span class='ocrx_word' id='word_1_160' title='bbox 1073 1413 1153 1477; x_wconf 85' lang='lat' dir='ltr'><strong>alia·</strong></span> <span class='ocrx_word' id='word_1_161' title='bbox 1205 1411 1274 1477; x_wconf 89' lang='lat' dir='ltr'><strong>Nec</strong></span> <span class='ocrx_word' id='word_1_162' title='bbox 1307 1412 1418 1478; x_wconf 87' lang='lat' dir='ltr'><strong>dubito</strong></span> <span class='ocrx_word' id='word_1_163' title='bbox 1448 1415 1528 1497; x_wconf 89' lang='lat' dir='ltr'><strong>quin</strong></span> <span class='ocrx_word' id='word_1_164' title='bbox 1560 1414 1633 1480; x_wconf 87' lang='lat' dir='ltr'><strong>aliis</strong></span> <span class='ocrx_word' id='word_1_165' title='bbox 1661 1435 1788 1498; x_wconf 93' lang='lat' dir='ltr'><strong>quoque</strong></span> <span class='ocrx_word' id='word_1_166' title='bbox 1815 1413 1975 1479; x_wconf 87' lang='lat' dir='ltr'><strong>aetatibus</strong></span> <span class='ocrx_word' id='word_1_167' title='bbox 2008 1413 2185 1481; x_wconf 85' lang='lat' dir='ltr'><strong>habuerint</strong></span> 
     </span>
     <span class='ocr_line' id='line_1_13' title="bbox 174 1497 2184 1589; baseline 0.002 -24"><span class='ocrx_word' id='word_1_168' title='bbox 174 1522 237 1583; x_wconf 89' lang='lat' dir='ltr'><strong>qua</strong></span> <span class='ocrx_word' id='word_1_169' title='bbox 259 1501 329 1566; x_wconf 90' lang='lat' dir='ltr'><strong>eius</strong></span> <span class='ocrx_word' id='word_1_170' title='bbox 391 1501 480 1566; x_wconf 85' lang='lat' dir='ltr'><strong>neris</strong></span> <span class='ocrx_word' id='word_1_171' title='bbox 501 1499 665 1583; x_wconf 87' lang='lat' dir='ltr'><strong>permulta</strong></span> <span class='ocrx_word' id='word_1_172' title='bbox 687 1499 720 1585; x_wconf 85' lang='lat'><strong>(1</strong></span> <span class='ocrx_word' id='word_1_173' title='bbox 742 1500 832 1565; x_wconf 90' lang='lat' dir='ltr'><strong>Petr.</strong></span> <span class='ocrx_word' id='word_1_174' title='bbox 853 1497 896 1583; x_wconf 84' lang='lat'><strong>2).</strong></span> <span class='ocrx_word' id='word_1_175' title='bbox 941 1499 1011 1589; x_wconf 82' lang='lat' dir='ltr'><strong>Nec</strong></span> <span class='ocrx_word' id='word_1_176' title='bbox 1032 1499 1153 1563; x_wconf 87' lang='lat' dir='ltr'><strong>intelli·</strong></span> <span class='ocrx_word' id='word_1_177' title='bbox 1206 1497 1342 1563; x_wconf 89' lang='lat' dir='ltr'><strong>coneilia</strong></span> <span class='ocrx_word' id='word_1_178' title='bbox 1374 1521 1449 1564; x_wconf 88' lang='lat' dir='ltr'><strong>suos</strong></span> <span class='ocrx_word' id='word_1_179' title='bbox 1476 1499 1619 1565; x_wconf 90' lang='lat' dir='ltr'><strong>melioris</strong></span> <span class='ocrx_word' id='word_1_180' title='bbox 1646 1506 1743 1565; x_wconf 86' lang='lat' dir='ltr'><strong>notae</strong></span> <span class='ocrx_word' id='word_1_181' title='bbox 1765 1500 1938 1582; x_wconf 88' lang='lat' dir='ltr'><strong>episcopos.</strong></span> <span class='ocrx_word' id='word_1_182' title='bbox 1983 1497 2052 1565; x_wconf 82' lang='lat' dir='ltr'><strong>Sed</strong></span> <span class='ocrx_word' id='word_1_183' title='bbox 2072 1501 2110 1566; x_wconf 89' lang='lat' dir='ltr'><strong>in</strong></span> <span class='ocrx_word' id='word_1_184' title='bbox 2131 1501 2184 1569; x_wconf 81' lang='lat' dir='ltr'><strong>his</strong></span> 
     </span>
     <span class='ocr_line' id='line_1_14' title="bbox 174 1584 2183 1670; baseline 0.001 -20"><span class='ocrx_word' id='word_1_185' title='bbox 174 1595 258 1670; x_wconf 75' lang='lat' dir='ltr'><strong>gimt</strong></span> <span class='ocrx_word' id='word_1_186' title='bbox 278 1586 384 1651; x_wconf 89' lang='lat' dir='ltr'><strong>stoh&#39;</strong></span> <span class='ocrx_word' id='word_1_187' title='bbox 420 1587 478 1650; x_wconf 92' lang='lat' dir='ltr'><strong>imi</strong></span> <span class='ocrx_word' id='word_1_188' title='bbox 507 1586 670 1664; x_wconf 91' lang='lat' dir='ltr'><strong>homines,</strong></span> <span class='ocrx_word' id='word_1_189' title='bbox 694 1585 833 1650; x_wconf 89' lang='lat' dir='ltr'><strong>eandem</strong></span> <span class='ocrx_word' id='word_1_190' title='bbox 854 1607 889 1649; x_wconf 88' lang='lat' dir='ltr'><strong>se</strong></span> <span class='ocrx_word' id='word_1_191' title='bbox 912 1606 1028 1650; x_wconf 86' lang='lat' dir='ltr'><strong>canere</strong></span> <span class='ocrx_word' id='word_1_192' title='bbox 1050 1585 1154 1650; x_wconf 90' lang='lat' dir='ltr'><strong>canti·</strong></span> <span class='ocrx_word' id='word_1_193' title='bbox 1205 1584 1437 1665; x_wconf 83' lang='lat' dir='ltr'><strong>posterioribus</strong></span> <span class='ocrx_word' id='word_1_194' title='bbox 1460 1585 1591 1663; x_wconf 89' lang='lat' dir='ltr'><strong>accidit,</strong></span> <span class='ocrx_word' id='word_1_195' title='bbox 1614 1586 1698 1669; x_wconf 90' lang='lat' dir='ltr'><strong>quod</strong></span> <span class='ocrx_word' id='word_1_196' title='bbox 1721 1587 1757 1650; x_wconf 93' lang='lat' dir='ltr'><strong>in</strong></span> <span class='ocrx_word' id='word_1_197' title='bbox 1779 1586 1922 1649; x_wconf 89' lang='lat' dir='ltr'><strong>romanis</strong></span> <span class='ocrx_word' id='word_1_198' title='bbox 1949 1592 2084 1652; x_wconf 90' lang='lat' dir='ltr'><strong>senatus</strong></span> <span class='ocrx_word' id='word_1_199' title='bbox 2105 1609 2183 1654; x_wconf 87' lang='lat' dir='ltr'><strong>oon-</strong></span> 
     </span>
     <span class='ocr_line' id='line_1_15' title="bbox 133 1660 2183 1760; baseline 0.002 -24"><span class='ocrx_word' id='word_1_200' title='bbox 133 1757 134 1760; x_wconf 8' lang='lat'><em>*</em></span> <span class='ocrx_word' id='word_1_201' title='bbox 173 1672 292 1751; x_wconf 86' lang='lat' dir='ltr'><strong>lenam,</strong></span> <span class='ocrx_word' id='word_1_202' title='bbox 315 1693 414 1755; x_wconf 88' lang='lat' dir='ltr'><strong>quam</strong></span> <span class='ocrx_word' id='word_1_203' title='bbox 436 1671 597 1738; x_wconf 89' lang='lat' dir='ltr'><strong>canebant</strong></span> <span class='ocrx_word' id='word_1_204' title='bbox 617 1670 695 1736; x_wconf 90' lang='lat' dir='ltr'><strong>olim</strong></span> <span class='ocrx_word' id='word_1_205' title='bbox 716 1670 773 1750; x_wconf 92' lang='lat' dir='ltr'><strong>illi,</strong></span> <span class='ocrx_word' id='word_1_206' title='bbox 796 1672 851 1754; x_wconf 94' lang='lat' dir='ltr'><strong>qui</strong></span> <span class='ocrx_word' id='word_1_207' title='bbox 874 1691 949 1736; x_wconf 89' lang='lat' dir='ltr'><strong>eum</strong></span> <span class='ocrx_word' id='word_1_208' title='bbox 970 1660 1070 1736; x_wconf 88' lang='lat' dir='ltr'><strong>verbo</strong></span> <span class='ocrx_word' id='word_1_209' title='bbox 1088 1670 1153 1735; x_wconf 91' lang='lat' dir='ltr'><strong>Dei</strong></span> <span class='ocrx_word' id='word_1_210' title='bbox 1206 1669 1299 1734; x_wconf 88' lang='lat' dir='ltr'><strong>sultis</strong></span> <span class='ocrx_word' id='word_1_211' title='bbox 1321 1690 1387 1734; x_wconf 92' lang='lat' dir='ltr'><strong>non</strong></span> <span class='ocrx_word' id='word_1_212' title='bbox 1409 1679 1495 1736; x_wconf 89' lang='lat' dir='ltr'><strong>recte</strong></span> <span class='ocrx_word' id='word_1_213' title='bbox 1517 1673 1589 1736; x_wconf 88' lang='lat' dir='ltr'><strong>fieri</strong></span> <span class='ocrx_word' id='word_1_214' title='bbox 1609 1672 1688 1736; x_wconf 91' lang='lat' dir='ltr'><strong>olim</strong></span> <span class='ocrx_word' id='word_1_215' title='bbox 1704 1671 1987 1755; x_wconf 87' lang='lat' dir='ltr'><strong>conquerebantur</strong></span> <span class='ocrx_word' id='word_1_216' title='bbox 2003 1672 2066 1753; x_wconf 90' lang='lat' dir='ltr'><strong>ipsi</strong></span> <span class='ocrx_word' id='word_1_217' title='bbox 2088 1695 2183 1739; x_wconf 87' lang='lat' dir='ltr'><strong>sena-</strong></span> 
     </span>
     <span class='ocr_line' id='line_1_16' title="bbox 174 1755 2184 1856; baseline 0.001 -33"><span class='ocrx_word' id='word_1_218' title='bbox 174 1758 215 1823; x_wconf 92' lang='lat' dir='ltr'><strong>be</strong></span> <span class='ocrx_word' id='word_1_219' title='bbox 243 1759 249 1771; x_wconf 87' lang='lat'>&#39;</span> <span class='ocrx_word' id='word_1_220' title='bbox 275 1757 460 1837; x_wconf 82' lang='lat' dir='ltr'><strong>orabuntur,</strong></span> <span class='ocrx_word' id='word_1_221' title='bbox 484 1779 559 1823; x_wconf 90' lang='lat' dir='ltr'><strong>oum</strong></span> <span class='ocrx_word' id='word_1_222' title='bbox 582 1756 696 1822; x_wconf 89' lang='lat' dir='ltr'><strong>eadem</strong></span> <span class='ocrx_word' id='word_1_223' title='bbox 713 1779 778 1840; x_wconf 92' lang='lat' dir='ltr'><strong>qua</strong></span> <span class='ocrx_word' id='word_1_224' title='bbox 794 1778 883 1822; x_wconf 90' lang='lat' dir='ltr'><strong>nune</strong></span> <span class='ocrx_word' id='word_1_225' title='bbox 901 1757 1052 1821; x_wconf 89' lang='lat' dir='ltr'><strong>nituntur</strong></span> <span class='ocrx_word' id='word_1_226' title='bbox 1068 1755 1153 1820; x_wconf 91' lang='lat' dir='ltr'><strong>fidu·</strong></span> <span class='ocrx_word' id='word_1_227' title='bbox 1205 1763 1301 1820; x_wconf 88' lang='lat' dir='ltr'><strong>tores.</strong></span> <span class='ocrx_word' id='word_1_228' title='bbox 1355 1756 1446 1821; x_wconf 88' lang='lat' dir='ltr'><strong>Dum</strong></span> <span class='ocrx_word' id='word_1_229' title='bbox 1475 1758 1564 1821; x_wconf 91' lang='lat' dir='ltr'><strong>enim</strong></span> <span class='ocrx_word' id='word_1_230' title='bbox 1592 1766 1823 1836; x_wconf 86' lang='lat' dir='ltr'><strong>numerantur,</strong></span> <span class='ocrx_word' id='word_1_231' title='bbox 1855 1777 1921 1821; x_wconf 94' lang='lat' dir='ltr'><strong>non</strong></span> <span class='ocrx_word' id='word_1_232' title='bbox 1953 1757 2184 1856; x_wconf 87' lang='lat' dir='ltr'><strong>appenduntur</strong></span> 
     </span>
     <span class='ocr_line' id='line_1_17' title="bbox 173 1838 2182 1942; baseline 0.001 -33"><span class='ocrx_word' id='word_1_233' title='bbox 173 1845 225 1910; x_wconf 88' lang='lat' dir='ltr'><strong>eia</strong></span> <span class='ocrx_word' id='word_1_234' title='bbox 271 1845 404 1908; x_wconf 76' lang='lat' dir='ltr'><strong>carent:</strong></span> <span class='ocrx_word' id='word_1_235' title='bbox 428 1845 537 1909; x_wconf 85' lang='lat' dir='ltr'><strong>venite</strong></span> <span class='ocrx_word' id='word_1_236' title='bbox 559 1851 593 1908; x_wconf 92' lang='lat' dir='ltr'><strong>et</strong></span> <span class='ocrx_word' id='word_1_237' title='bbox 613 1842 827 1926; x_wconf 87' lang='lat' dir='ltr'><strong>cogitabimus</strong></span> <span class='ocrx_word' id='word_1_238' title='bbox 849 1851 963 1908; x_wconf 90' lang='lat' dir='ltr'><strong>contra</strong></span> <span class='ocrx_word' id='word_1_239' title='bbox 979 1838 1154 1907; x_wconf 84' lang='lat' dir='ltr'><strong>Ieremia&#39;m</strong></span> <span class='ocrx_word' id='word_1_240' title='bbox 1206 1841 1394 1919; x_wconf 89' lang='lat' dir='ltr'><strong>sententiae,</strong></span> <span class='ocrx_word' id='word_1_241' title='bbox 1420 1838 1460 1927; x_wconf 90' lang='lat' dir='ltr'><strong>[p</strong></span> <span class='ocrx_word' id='word_1_242' title='bbox 1478 1841 1555 1942; x_wconf 83' lang='grc'>448]</span> <span class='ocrx_word' id='word_1_243' title='bbox 1575 1843 1745 1908; x_wconf 88' lang='lat' dir='ltr'><strong>meliorem</strong></span> <span class='ocrx_word' id='word_1_244' title='bbox 1760 1849 1889 1926; x_wconf 88' lang='lat' dir='ltr'><strong>partem</strong></span> <span class='ocrx_word' id='word_1_245' title='bbox 1907 1865 1927 1906; x_wconf 92' lang='lat' dir='ltr'><strong>a</strong></span> <span class='ocrx_word' id='word_1_246' title='bbox 1944 1864 2068 1909; x_wconf 78' lang='lat' dir='ltr'><strong>maiore</strong></span> <span class='ocrx_word' id='word_1_247' title='bbox 2085 1845 2182 1924; x_wconf 87' lang='lat' dir='ltr'><strong>vinci,</strong></span> 
     </span>
     <span class='ocr_line' id='line_1_18' title="bbox 175 1927 2184 2014; baseline 0 -20"><span class='ocrx_word' id='word_1_248' title='bbox 175 1931 394 2014; x_wconf 86' lang='lat' dir='ltr'><strong>cogitationes,</strong></span> <span class='ocrx_word' id='word_1_249' title='bbox 412 1928 541 2014; x_wconf 90' lang='lat' dir='ltr'><strong>quando</strong></span> <span class='ocrx_word' id='word_1_250' title='bbox 561 1949 629 1993; x_wconf 91' lang='lat' dir='ltr'><strong>non</strong></span> <span class='ocrx_word' id='word_1_251' title='bbox 646 1928 766 2012; x_wconf 83' lang='lat' dir='ltr'><strong>peribit</strong></span> <span class='ocrx_word' id='word_1_252' title='bbox 783 1927 1057 2007; x_wconf 85' lang='lat' dir='ltr'><strong>lexasaoerdote,</strong></span> <span class='ocrx_word' id='word_1_253' title='bbox 1076 1948 1153 1993; x_wconf 77' lang='lat' dir='ltr'><strong>eon-</strong></span> <span class='ocrx_word' id='word_1_254' title='bbox 1205 1927 1335 2008; x_wconf 86' lang='lat' dir='ltr'><strong>saepius</strong></span> <span class='ocrx_word' id='word_1_255' title='bbox 1356 1947 1488 1992; x_wconf 86' lang='lat' dir='ltr'><strong>neeesse</strong></span> <span class='ocrx_word' id='word_1_256' title='bbox 1510 1929 1581 1993; x_wconf 81' lang='lat' dir='ltr'><strong>hut.</strong></span> <span class='ocrx_word' id='word_1_257' title='bbox 1622 1927 1820 2012; x_wconf 77' lang='lat' dir='ltr'><strong>Quanquam</strong></span> <span class='ocrx_word' id='word_1_258' title='bbox 1841 1930 1876 1992; x_wconf 93' lang='lat' dir='ltr'><strong>in</strong></span> <span class='ocrx_word' id='word_1_259' title='bbox 1896 1927 1963 1994; x_wconf 86' lang='lat' dir='ltr'><strong>illis</strong></span> <span class='ocrx_word' id='word_1_260' title='bbox 1981 1950 2106 2013; x_wconf 90' lang='lat' dir='ltr'><strong>quoque</strong></span> <span class='ocrx_word' id='word_1_261' title='bbox 2124 1953 2184 1995; x_wconf 89' lang='lat' dir='ltr'><strong>an·</strong></span> 
     </span>
     <span class='ocr_line' id='line_1_19' title="bbox 174 2012 2185 2102; baseline 0.001 -22"><span class='ocrx_word' id='word_1_262' title='bbox 174 2015 285 2080; x_wconf 89' lang='lat' dir='ltr'><strong>silium</strong></span> <span class='ocrx_word' id='word_1_263' title='bbox 308 2037 328 2080; x_wconf 93' lang='lat' dir='ltr'><strong>a</strong></span> <span class='ocrx_word' id='word_1_264' title='bbox 349 2015 504 2098; x_wconf 89' lang='lat' dir='ltr'><strong>sapiente,</strong></span> <span class='ocrx_word' id='word_1_265' title='bbox 526 2035 588 2080; x_wconf 89' lang='lat' dir='ltr'><strong>nee</strong></span> <span class='ocrx_word' id='word_1_266' title='bbox 608 2014 747 2080; x_wconf 80' lang='lat' dir='ltr'><strong>verbum</strong></span> <span class='ocrx_word' id='word_1_267' title='bbox 769 2014 968 2102; x_wconf 82' lang='lat' dir='ltr'><strong>apropheta</strong></span> <span class='ocrx_word' id='word_1_268' title='bbox 984 2014 1062 2099; x_wconf 89' lang='lat' dir='ltr'><strong>(Iar.</strong></span> <span class='ocrx_word' id='word_1_269' title='bbox 1086 2012 1150 2098; x_wconf 84' lang='lat'>18).</span> <span class='ocrx_word' id='word_1_270' title='bbox 1204 2012 1303 2095; x_wconf 88' lang='lat' dir='ltr'><strong>tiquis</strong></span> <span class='ocrx_word' id='word_1_271' title='bbox 1334 2018 1368 2076; x_wconf 90' lang='lat' dir='ltr'><strong>et</strong></span> <span class='ocrx_word' id='word_1_272' title='bbox 1398 2014 1584 2095; x_wconf 89' lang='lat' dir='ltr'><strong>purioribus</strong></span> <span class='ocrx_word' id='word_1_273' title='bbox 1616 2022 1680 2095; x_wconf 89' lang='lat' dir='ltr'><strong>est,</strong></span> <span class='ocrx_word' id='word_1_274' title='bbox 1735 2014 1800 2080; x_wconf 93' lang='lat' dir='ltr'><strong>uod</strong></span> <span class='ocrx_word' id='word_1_275' title='bbox 1824 2016 1895 2079; x_wconf 89' lang='lat' dir='ltr'><strong>iure</strong></span> <span class='ocrx_word' id='word_1_276' title='bbox 1923 2013 2102 2095; x_wconf 89' lang='lat' dir='ltr'><strong>desideres,</strong></span> <span class='ocrx_word' id='word_1_277' title='bbox 2130 2015 2185 2082; x_wconf 83' lang='lat' dir='ltr'><strong>vel</strong></span> 
     </span>
     <span class='ocr_line' id='line_1_20' title="bbox 260 2037 2183 2184; baseline 0.001 -18"><span class='ocrx_word' id='word_1_278' title='bbox 260 2099 388 2182; x_wconf 79' lang='lat' dir='ltr'><strong>Quare,</strong></span> <span class='ocrx_word' id='word_1_279' title='bbox 420 2108 459 2165; x_wconf 91' lang='lat' dir='ltr'><strong>ut</strong></span> <span class='ocrx_word' id='word_1_280' title='bbox 485 2100 604 2166; x_wconf 92' lang='lat' dir='ltr'><strong>millies</strong></span> <span class='ocrx_word' id='word_1_281' title='bbox 631 2101 855 2184; x_wconf 84' lang='lat' dir='ltr'><strong>episcoporum</strong></span> <span class='ocrx_word' id='word_1_282' title='bbox 882 2099 1018 2166; x_wconf 90' lang='lat' dir='ltr'><strong>concilia</strong></span> <span class='ocrx_word' id='word_1_283' title='bbox 1045 2099 1151 2165; x_wconf 92' lang='lat' dir='ltr'><strong>nomi·</strong></span> <span class='ocrx_word' id='word_1_284' title='bbox 1204 2096 1290 2180; x_wconf 87' lang='lat' dir='ltr'><strong>quod</strong></span> <span class='ocrx_word' id='word_1_285' title='bbox 1312 2097 1431 2163; x_wconf 83' lang='lat' dir='ltr'><strong>eruditi</strong></span> <span class='ocrx_word' id='word_1_286' title='bbox 1453 2098 1572 2183; x_wconf 79' lang='lat' dir='ltr'><strong>alioqui</strong></span> <span class='ocrx_word' id='word_1_287' title='bbox 1595 2107 1629 2165; x_wconf 87' lang='lat' dir='ltr'><strong>et</strong></span> <span class='ocrx_word' id='word_1_288' title='bbox 1649 2037 1826 2182; x_wconf 79' lang='lat' dir='ltr'><strong>prudentes</strong></span> <span class='ocrx_word' id='word_1_289' title='bbox 1848 2101 1921 2180; x_wconf 87' lang='lat' dir='ltr'><strong>viri,</strong></span> <span class='ocrx_word' id='word_1_290' title='bbox 1944 2102 2000 2184; x_wconf 91' lang='lat' dir='ltr'><strong>qui</strong></span> <span class='ocrx_word' id='word_1_291' title='bbox 2016 2108 2089 2169; x_wconf 88' lang='lat' dir='ltr'><strong>tum</strong></span> <span class='ocrx_word' id='word_1_292' title='bbox 2106 2102 2183 2168; x_wconf 88' lang='lat' dir='ltr'><strong>ade·</strong></span> 
     </span>
     <span class='ocr_line' id='line_1_21' title="bbox 134 2184 2183 2270; baseline 0.001 -19"><span class='ocrx_word' id='word_1_293' title='bbox 134 2188 138 2195; x_wconf 84' lang='lat'>&#39;</span> <span class='ocrx_word' id='word_1_294' title='bbox 172 2195 269 2266; x_wconf 90' lang='lat' dir='ltr'><strong>nent,</strong></span> <span class='ocrx_word' id='word_1_295' title='bbox 296 2207 415 2269; x_wconf 89' lang='lat' dir='ltr'><strong>parum</strong></span> <span class='ocrx_word' id='word_1_296' title='bbox 439 2187 684 2270; x_wconf 81' lang='lat' dir='ltr'><strong>promovebunt.</strong></span> <span class='ocrx_word' id='word_1_297' title='bbox 736 2186 806 2252; x_wconf 88' lang='lat' dir='ltr'><strong>Nee</strong></span> <span class='ocrx_word' id='word_1_298' title='bbox 829 2194 905 2251; x_wconf 89' lang='lat' dir='ltr'><strong>ante</strong></span> <span class='ocrx_word' id='word_1_299' title='bbox 927 2186 1084 2265; x_wconf 86' lang='lat' dir='ltr'><strong>efficient,</strong></span> <span class='ocrx_word' id='word_1_300' title='bbox 1115 2192 1153 2250; x_wconf 92' lang='lat' dir='ltr'><strong>ut</strong></span> <span class='ocrx_word' id='word_1_301' title='bbox 1204 2192 1296 2262; x_wconf 89' lang='lat' dir='ltr'><strong>rant,</strong></span> <span class='ocrx_word' id='word_1_302' title='bbox 1318 2184 1543 2267; x_wconf 87' lang='lat' dir='ltr'><strong>praesentibus</strong></span> <span class='ocrx_word' id='word_1_303' title='bbox 1564 2187 1704 2269; x_wconf 88' lang='lat' dir='ltr'><strong>negotiis</strong></span> <span class='ocrx_word' id='word_1_304' title='bbox 1726 2187 1879 2264; x_wconf 87' lang='lat' dir='ltr'><strong>districti,</strong></span> <span class='ocrx_word' id='word_1_305' title='bbox 1903 2187 2009 2251; x_wconf 85' lang='lat' dir='ltr'><strong>multa</strong></span> <span class='ocrx_word' id='word_1_306' title='bbox 2030 2187 2183 2254; x_wconf 86' lang='lat' dir='ltr'><strong>alienon</strong></span> 
     </span>
    </p>
   </div>
   <div class='ocr_carea' id='block_1_3' title="bbox 172 2269 2288 2356">
    <p class='ocr_par' dir='ltr' id='par_1_3' title="bbox 172 2269 2288 2356">
     <span class='ocr_line' id='line_1_22' title="bbox 172 2269 2288 2356; baseline -0 -18"><span class='ocrx_word' id='word_1_307' title='bbox 172 2272 346 2339; x_wconf 82' lang='lat' dir='ltr'><strong>eradamus</strong></span> <span class='ocrx_word' id='word_1_308' title='bbox 378 2272 464 2355; x_wconf 89' lang='lat' dir='ltr'><strong>quod</strong></span> <span class='ocrx_word' id='word_1_309' title='bbox 490 2270 704 2351; x_wconf 87' lang='lat' dir='ltr'><strong>contendunt,</strong></span> <span class='ocrx_word' id='word_1_310' title='bbox 738 2273 809 2356; x_wconf 90' lang='lat' dir='ltr'><strong>regi</strong></span> <span class='ocrx_word' id='word_1_311' title='bbox 837 2294 857 2337; x_wconf 83' lang='lat' dir='ltr'><strong>a</strong></span> <span class='ocrx_word' id='word_1_312' title='bbox 884 2272 1001 2354; x_wconf 89' lang='lat' dir='ltr'><strong>spiritu</strong></span> <span class='ocrx_word' id='word_1_313' title='bbox 1029 2278 1150 2345; x_wconf 88' lang='lat' dir='ltr'><strong>saneto,</strong></span> <span class='ocrx_word' id='word_1_314' title='bbox 1203 2269 1457 2353; x_wconf 88' lang='lat' dir='ltr'><strong>prospiciebant,</strong></span> <span class='ocrx_word' id='word_1_315' title='bbox 1486 2271 1540 2335; x_wconf 76' lang='lat' dir='ltr'><strong>vel</strong></span> <span class='ocrx_word' id='word_1_316' title='bbox 1565 2270 1652 2355; x_wconf 90' lang='lat' dir='ltr'><strong>quod</strong></span> <span class='ocrx_word' id='word_1_317' title='bbox 1679 2272 1884 2356; x_wconf 81' lang='lat' dir='ltr'><strong>gravioribus</strong></span> <span class='ocrx_word' id='word_1_318' title='bbox 1906 2278 1940 2336; x_wconf 90' lang='lat' dir='ltr'><strong>et</strong></span> <span class='ocrx_word' id='word_1_319' title='bbox 1960 2274 2066 2356; x_wconf 87' lang='lat' dir='ltr'><strong>magis</strong></span> <span class='ocrx_word' id='word_1_320' title='bbox 2089 2275 2182 2340; x_wconf 85' lang='lat' dir='ltr'><strong>seriis</strong></span> <span class='ocrx_word' id='word_1_321' title='bbox 2212 2310 2214 2314; x_wconf 83' lang='grc'><em>·</em></span> <span class='ocrx_word' id='word_1_322' title='bbox 2282 2281 2288 2291; x_wconf 91' lang='grc'><em>’</em></span> 
     </span>
    </p>
   </div>
   <div class='ocr_carea' id='block_1_4' title="bbox 72 2355 2235 5363">
    <p class='ocr_par' dir='ltr' id='par_1_4' title="bbox 72 2355 2235 5363">
     <span class='ocr_line' id='line_1_23' title="bbox 172 2355 2179 2444; baseline 0.001 -21"><span class='ocrx_word' id='word_1_323' title='bbox 172 2380 272 2442; x_wconf 90' lang='lat' dir='ltr'><strong>quam</strong></span> <span class='ocrx_word' id='word_1_324' title='bbox 292 2356 392 2423; x_wconf 86' lang='lat' dir='ltr'><strong>fidem</strong></span> <span class='ocrx_word' id='word_1_325' title='bbox 413 2359 558 2437; x_wconf 78' lang='lat' dir='ltr'><strong>fecerint,</strong></span> <span class='ocrx_word' id='word_1_326' title='bbox 580 2359 773 2442; x_wconf 73' lang='lat' dir='ltr'><strong>00an</strong></span> <span class='ocrx_word' id='word_1_327' title='bbox 793 2359 829 2422; x_wconf 89' lang='lat' dir='ltr'><strong>in</strong></span> <span class='ocrx_word' id='word_1_328' title='bbox 850 2356 976 2422; x_wconf 79' lang='lat' dir='ltr'><strong>Christi</strong></span> <span class='ocrx_word' id='word_1_329' title='bbox 1004 2358 1150 2436; x_wconf 89' lang='lat' dir='ltr'><strong>nomine;</strong></span> <span class='ocrx_word' id='word_1_330' title='bbox 1204 2363 1376 2438; x_wconf 90' lang='lat' dir='ltr'><strong>occupatos</strong></span> <span class='ocrx_word' id='word_1_331' title='bbox 1392 2355 1551 2422; x_wconf 87' lang='lat' dir='ltr'><strong>nonnulla</strong></span> <span class='ocrx_word' id='word_1_332' title='bbox 1567 2356 1698 2423; x_wconf 76' lang='lat' dir='ltr'><strong>levioris</strong></span> <span class='ocrx_word' id='word_1_333' title='bbox 1715 2359 1873 2422; x_wconf 89' lang='lat' dir='ltr'><strong>momenti</strong></span> <span class='ocrx_word' id='word_1_334' title='bbox 1891 2357 2179 2444; x_wconf 78' lang='lat' dir='ltr'><strong>subterfugiebant,</strong></span> 
     </span>
     <span class='ocr_line' id='line_1_24' title="bbox 172 2440 2182 2528; baseline 0 -17"><span class='ocrx_word' id='word_1_335' title='bbox 172 2443 333 2528; x_wconf 89' lang='lat' dir='ltr'><strong>siquidem</strong></span> <span class='ocrx_word' id='word_1_336' title='bbox 355 2452 424 2509; x_wconf 88' lang='lat' dir='ltr'><strong>tam</strong></span> <span class='ocrx_word' id='word_1_337' title='bbox 443 2450 580 2527; x_wconf 90' lang='lat' dir='ltr'><strong>possunt</strong></span> <span class='ocrx_word' id='word_1_338' title='bbox 600 2444 693 2527; x_wconf 90' lang='lat' dir='ltr'><strong>impii</strong></span> <span class='ocrx_word' id='word_1_339' title='bbox 713 2443 915 2527; x_wconf 92' lang='lat' dir='ltr'><strong>improbique</strong></span> <span class='ocrx_word' id='word_1_340' title='bbox 933 2443 1073 2526; x_wconf 85' lang='lat' dir='ltr'><strong>episcopi</strong></span> <span class='ocrx_word' id='word_1_341' title='bbox 1094 2443 1151 2507; x_wconf 93' lang='lat' dir='ltr'><strong>ad·</strong></span> <span class='ocrx_word' id='word_1_342' title='bbox 1203 2441 1256 2506; x_wconf 87' lang='lat' dir='ltr'><strong>vel</strong></span> <span class='ocrx_word' id='word_1_343' title='bbox 1290 2440 1375 2524; x_wconf 93' lang='lat' dir='ltr'><strong>quod</strong></span> <span class='ocrx_word' id='word_1_344' title='bbox 1408 2442 1600 2524; x_wconf 87' lang='lat' dir='ltr'><strong>simpliciter</strong></span> <span class='ocrx_word' id='word_1_345' title='bbox 1637 2443 1800 2526; x_wconf 84' lang='lat' dir='ltr'><strong>imperitia</strong></span> <span class='ocrx_word' id='word_1_346' title='bbox 1831 2442 1901 2508; x_wconf 85' lang='lat' dir='ltr'><strong>falli</strong></span> <span class='ocrx_word' id='word_1_347' title='bbox 1934 2451 2099 2526; x_wconf 87' lang='lat' dir='ltr'><strong>poterant,</strong></span> <span class='ocrx_word' id='word_1_348' title='bbox 2128 2445 2182 2514; x_wconf 81' lang='lat' dir='ltr'><strong>vel</strong></span> 
     </span>
     <span class='ocr_line' id='line_1_25' title="bbox 171 2526 2181 2613; baseline 0 -17"><span class='ocrx_word' id='word_1_349' title='bbox 171 2551 288 2596; x_wconf 80' lang='lat' dir='ltr'><strong>versus</strong></span> <span class='ocrx_word' id='word_1_350' title='bbox 309 2529 480 2596; x_wconf 69' lang='lat' dir='ltr'><strong>(ihr-istum</strong></span> <span class='ocrx_word' id='word_1_351' title='bbox 502 2529 703 2613; x_wconf 86' lang='lat' dir='ltr'><strong>conspirare,</strong></span> <span class='ocrx_word' id='word_1_352' title='bbox 729 2550 828 2612; x_wconf 87' lang='lat' dir='ltr'><strong>quam</strong></span> <span class='ocrx_word' id='word_1_353' title='bbox 849 2529 926 2594; x_wconf 91' lang='lat' dir='ltr'><strong>boni</strong></span> <span class='ocrx_word' id='word_1_354' title='bbox 948 2538 981 2593; x_wconf 87' lang='lat' dir='ltr'><strong>et</strong></span> <span class='ocrx_word' id='word_1_355' title='bbox 1001 2529 1094 2613; x_wconf 92' lang='lat' dir='ltr'><strong>probi</strong></span> <span class='ocrx_word' id='word_1_356' title='bbox 1115 2530 1150 2593; x_wconf 93' lang='lat' dir='ltr'><strong>in</strong></span> <span class='ocrx_word' id='word_1_357' title='bbox 1204 2526 1289 2609; x_wconf 93' lang='lat' dir='ltr'><strong>quod</strong></span> <span class='ocrx_word' id='word_1_358' title='bbox 1321 2527 1422 2592; x_wconf 89' lang='lat' dir='ltr'><strong>nimio</strong></span> <span class='ocrx_word' id='word_1_359' title='bbox 1455 2528 1575 2594; x_wconf 87' lang='lat' dir='ltr'><strong>affectu</strong></span> <span class='ocrx_word' id='word_1_360' title='bbox 1604 2549 1841 2612; x_wconf 86' lang='lat' dir='ltr'><strong>nonnunquam</strong></span> <span class='ocrx_word' id='word_1_361' title='bbox 1871 2529 2065 2611; x_wconf 88' lang='lat' dir='ltr'><strong>praecipites</strong></span> <span class='ocrx_word' id='word_1_362' title='bbox 2096 2532 2181 2597; x_wconf 86' lang='lat' dir='ltr'><strong>fere-</strong></span> 
     </span>
     <span class='ocr_line' id='line_1_26' title="bbox 171 2613 1333 2702; baseline -0.003 -21"><span class='ocrx_word' id='word_1_363' title='bbox 171 2617 243 2681; x_wconf 92' lang='lat' dir='ltr'><strong>eius</strong></span> <span class='ocrx_word' id='word_1_364' title='bbox 267 2613 307 2702; x_wconf 88' lang='lat' dir='ltr'><strong>[p.</strong></span> <span class='ocrx_word' id='word_1_365' title='bbox 327 2613 404 2702; x_wconf 83' lang='grc'>446]</span> <span class='ocrx_word' id='word_1_366' title='bbox 423 2617 555 2681; x_wconf 88' lang='lat' dir='ltr'><strong>nomine</strong></span> <span class='ocrx_word' id='word_1_367' title='bbox 576 2615 671 2681; x_wconf 89' lang='lat' dir='ltr'><strong>coire.</strong></span> <span class='ocrx_word' id='word_1_368' title='bbox 705 2616 815 2681; x_wconf 90' lang='lat' dir='ltr'><strong>Huius</strong></span> <span class='ocrx_word' id='word_1_369' title='bbox 837 2615 885 2680; x_wconf 86' lang='lat' dir='ltr'><strong>rei</strong></span> <span class='ocrx_word' id='word_1_370' title='bbox 906 2614 1070 2680; x_wconf 89' lang='lat' dir='ltr'><strong>luculento</strong></span> <span class='ocrx_word' id='word_1_371' title='bbox 1092 2635 1151 2680; x_wconf 93' lang='lat' dir='ltr'><strong>no·</strong></span> <span class='ocrx_word' id='word_1_372' title='bbox 1203 2613 1333 2679; x_wconf 87' lang='lat' dir='ltr'><strong>bantur.</strong></span> 
     </span>
     <span class='ocr_line' id='line_1_27' title="bbox 170 2699 2181 2785; baseline 0.001 -18"><span class='ocrx_word' id='word_1_373' title='bbox 170 2702 224 2767; x_wconf 89' lang='lat' dir='ltr'><strong>bis</strong></span> <span class='ocrx_word' id='word_1_374' title='bbox 244 2702 467 2785; x_wconf 83' lang='lat' dir='ltr'><strong>experimento</strong></span> <span class='ocrx_word' id='word_1_375' title='bbox 489 2708 567 2767; x_wconf 89' lang='lat' dir='ltr'><strong>sunt</strong></span> <span class='ocrx_word' id='word_1_376' title='bbox 587 2700 729 2783; x_wconf 89' lang='lat' dir='ltr'><strong>plurima</strong></span> <span class='ocrx_word' id='word_1_377' title='bbox 746 2700 876 2766; x_wconf 89' lang='lat' dir='ltr'><strong>decreta</strong></span> <span class='ocrx_word' id='word_1_378' title='bbox 893 2721 976 2783; x_wconf 90' lang='lat' dir='ltr'><strong>quae</strong></span> <span class='ocrx_word' id='word_1_379' title='bbox 994 2723 1014 2766; x_wconf 88' lang='lat' dir='ltr'><strong>a</strong></span> <span class='ocrx_word' id='word_1_380' title='bbox 1030 2699 1150 2766; x_wconf 86' lang='lat' dir='ltr'><strong>talibus</strong></span> <span class='ocrx_word' id='word_1_381' title='bbox 1288 2699 1398 2765; x_wconf 91' lang='lat' dir='ltr'><strong>Huius</strong></span> <span class='ocrx_word' id='word_1_382' title='bbox 1419 2701 1590 2783; x_wconf 88' lang='lat' dir='ltr'><strong>postremi,</strong></span> <span class='ocrx_word' id='word_1_383' title='bbox 1618 2701 1704 2784; x_wconf 89' lang='lat' dir='ltr'><strong>qued</strong></span> <span class='ocrx_word' id='word_1_384' title='bbox 1730 2701 1877 2766; x_wconf 89' lang='lat' dir='ltr'><strong>omnium</strong></span> <span class='ocrx_word' id='word_1_385' title='bbox 1897 2700 2109 2766; x_wconf 83' lang='lat' dir='ltr'><strong>dmissimum</strong></span> <span class='ocrx_word' id='word_1_386' title='bbox 2131 2704 2181 2769; x_wconf 84' lang='lat' dir='ltr'><strong>vi·</strong></span> 
     </span>
     <span class='ocr_line' id='line_1_28' title="bbox 171 2783 2180 2872; baseline -0 -19"><span class='ocrx_word' id='word_1_387' title='bbox 171 2788 317 2854; x_wconf 90' lang='lat' dir='ltr'><strong>conciliis</strong></span> <span class='ocrx_word' id='word_1_388' title='bbox 335 2787 516 2870; x_wconf 85' lang='lat' dir='ltr'><strong>prodiere:</strong></span> <span class='ocrx_word' id='word_1_389' title='bbox 553 2807 693 2871; x_wconf 88' lang='lat' dir='ltr'><strong>quorum</strong></span> <span class='ocrx_word' id='word_1_390' title='bbox 726 2787 1151 2871; x_wconf 75' lang='lat' dir='ltr'><strong>sceleratamimpietatem</strong></span> <span class='ocrx_word' id='word_1_391' title='bbox 1204 2783 1309 2863; x_wconf 89' lang='lat' dir='ltr'><strong>detur,</strong></span> <span class='ocrx_word' id='word_1_392' title='bbox 1332 2786 1521 2870; x_wconf 84' lang='lat' dir='ltr'><strong>exemplmn</strong></span> <span class='ocrx_word' id='word_1_393' title='bbox 1542 2786 1670 2853; x_wconf 90' lang='lat' dir='ltr'><strong>illustre</strong></span> <span class='ocrx_word' id='word_1_394' title='bbox 1691 2787 1800 2852; x_wconf 84' lang='lat' dir='ltr'><strong>extitit</strong></span> <span class='ocrx_word' id='word_1_395' title='bbox 1821 2788 1858 2852; x_wconf 92' lang='lat' dir='ltr'><strong>in</strong></span> <span class='ocrx_word' id='word_1_396' title='bbox 1878 2787 2025 2852; x_wconf 82' lang='lat' dir='ltr'><strong>Nicaeae</strong></span> <span class='ocrx_word' id='word_1_397' title='bbox 2046 2786 2180 2872; x_wconf 86' lang='lat' dir='ltr'><strong>synodo,</strong></span> 
     </span>
     <span class='ocr_line' id='line_1_29' title="bbox 171 2869 2181 2958; baseline 0 -20"><span class='ocrx_word' id='word_1_398' title='bbox 171 2872 376 2939; x_wconf 88' lang='lat' dir='ltr'><strong>evidentibus</strong></span> <span class='ocrx_word' id='word_1_399' title='bbox 403 2874 605 2958; x_wconf 76' lang='lat' dir='ltr'><strong>argumentis</strong></span> <span class='ocrx_word' id='word_1_400' title='bbox 634 2873 743 2955; x_wconf 89' lang='lat' dir='ltr'><strong>palam</strong></span> <span class='ocrx_word' id='word_1_401' title='bbox 770 2872 940 2938; x_wconf 89' lang='lat' dir='ltr'><strong>ostendere</strong></span> <span class='ocrx_word' id='word_1_402' title='bbox 967 2893 1033 2937; x_wconf 91' lang='lat' dir='ltr'><strong>non</strong></span> <span class='ocrx_word' id='word_1_403' title='bbox 1053 2870 1150 2938; x_wconf 80' lang='lat' dir='ltr'><strong>valde</strong></span> <span class='ocrx_word' id='word_1_404' title='bbox 1203 2869 1295 2936; x_wconf 77' lang='lat' dir='ltr'><strong>euim</strong></span> <span class='ocrx_word' id='word_1_405' title='bbox 1317 2869 1461 2955; x_wconf 85' lang='lat' dir='ltr'><strong>dignitas</strong></span> <span class='ocrx_word' id='word_1_406' title='bbox 1482 2874 1628 2938; x_wconf 92' lang='lat' dir='ltr'><strong>omnium</strong></span> <span class='ocrx_word' id='word_1_407' title='bbox 1647 2894 1807 2939; x_wconf 88' lang='lat' dir='ltr'><strong>consensu</strong></span> <span class='ocrx_word' id='word_1_408' title='bbox 1825 2895 1954 2939; x_wconf 87' lang='lat' dir='ltr'><strong>summa</strong></span> <span class='ocrx_word' id='word_1_409' title='bbox 1969 2873 2181 2939; x_wconf 87' lang='lat' dir='ltr'><strong>veneratione</strong></span> 
     </span>
     <span class='ocr_line' id='line_1_30' title="bbox 170 2957 2182 3042; baseline 0 -18"><span class='ocrx_word' id='word_1_410' title='bbox 170 2958 258 3024; x_wconf 90' lang='lat' dir='ltr'><strong>mihi</strong></span> <span class='ocrx_word' id='word_1_411' title='bbox 280 2958 408 3025; x_wconf 87' lang='lat' dir='ltr'><strong>difficile</strong></span> <span class='ocrx_word' id='word_1_412' title='bbox 429 2959 541 3038; x_wconf 82' lang='lat' dir='ltr'><strong>fuerit,</strong></span> <span class='ocrx_word' id='word_1_413' title='bbox 565 2959 629 3024; x_wconf 91' lang='lat' dir='ltr'><strong>nisi</strong></span> <span class='ocrx_word' id='word_1_414' title='bbox 651 2957 752 3040; x_wconf 84' lang='lat' dir='ltr'><strong>(quod</strong></span> <span class='ocrx_word' id='word_1_415' title='bbox 774 2959 809 3023; x_wconf 91' lang='lat' dir='ltr'><strong>in</strong></span> <span class='ocrx_word' id='word_1_416' title='bbox 830 2958 893 3024; x_wconf 91' lang='lat' dir='ltr'><strong>hoc</strong></span> <span class='ocrx_word' id='word_1_417' title='bbox 914 2957 1068 3042; x_wconf 90' lang='lat' dir='ltr'><strong>opusculo</strong></span> <span class='ocrx_word' id='word_1_418' title='bbox 1090 2979 1149 3023; x_wconf 92' lang='lat' dir='ltr'><strong>ne-</strong></span> <span class='ocrx_word' id='word_1_419' title='bbox 1203 2964 1339 3040; x_wconf 85' lang='lat' dir='ltr'><strong>exoepta</strong></span> <span class='ocrx_word' id='word_1_420' title='bbox 1360 2964 1418 3023; x_wconf 85' lang='lat' dir='ltr'><strong>est</strong></span> <span class='ocrx_word' id='word_1_421' title='bbox 1450 2957 1538 3023; x_wconf 91' lang='lat' dir='ltr'><strong>Nam</strong></span> <span class='ocrx_word' id='word_1_422' title='bbox 1557 2980 1633 3024; x_wconf 92' lang='lat' dir='ltr'><strong>cum</strong></span> <span class='ocrx_word' id='word_1_423' title='bbox 1677 2959 1848 3024; x_wconf 88' lang='lat' dir='ltr'><strong>rimarium</strong></span> <span class='ocrx_word' id='word_1_424' title='bbox 1868 2959 1935 3024; x_wconf 90' lang='lat' dir='ltr'><strong>illie</strong></span> <span class='ocrx_word' id='word_1_425' title='bbox 1956 2958 2034 3024; x_wconf 87' lang='lat' dir='ltr'><strong>fidei</strong></span> <span class='ocrx_word' id='word_1_426' title='bbox 2050 2966 2182 3026; x_wconf 90' lang='lat' dir='ltr'><strong>nostrae</strong></span> 
     </span>
     <span class='ocr_line' id='line_1_31' title="bbox 170 3042 2182 3130; baseline -0.001 -19"><span class='ocrx_word' id='word_1_427' title='bbox 170 3066 263 3111; x_wconf 88' lang='lat' dir='ltr'><strong>eesse</strong></span> <span class='ocrx_word' id='word_1_428' title='bbox 283 3044 346 3130; x_wconf 88' lang='lat' dir='ltr'><strong>est)</strong></span> <span class='ocrx_word' id='word_1_429' title='bbox 369 3044 559 3128; x_wconf 90' lang='lat' dir='ltr'><strong>compendio</strong></span> <span class='ocrx_word' id='word_1_430' title='bbox 582 3043 755 3110; x_wconf 86' lang='lat' dir='ltr'><strong>studerem.</strong></span> <span class='ocrx_word' id='word_1_431' title='bbox 799 3045 853 3110; x_wconf 82' lang='lat' dir='ltr'><strong>Ab</strong></span> <span class='ocrx_word' id='word_1_432' title='bbox 875 3064 941 3108; x_wconf 91' lang='lat' dir='ltr'><strong>uno</strong></span> <span class='ocrx_word' id='word_1_433' title='bbox 962 3051 1073 3109; x_wconf 87' lang='lat' dir='ltr'><strong>tamen</strong></span> <span class='ocrx_word' id='word_1_434' title='bbox 1095 3065 1149 3109; x_wconf 89' lang='lat' dir='ltr'><strong>ca-</strong></span> <span class='ocrx_word' id='word_1_435' title='bbox 1202 3052 1301 3127; x_wconf 85' lang='lat' dir='ltr'><strong>caput</strong></span> <span class='ocrx_word' id='word_1_436' title='bbox 1332 3042 1585 3125; x_wconf 83' lang='lat' dir='ltr'><strong>periclitaretur,</strong></span> <span class='ocrx_word' id='word_1_437' title='bbox 1631 3050 1749 3111; x_wconf 86' lang='lat' dir='ltr'><strong>&#39;esset</strong></span> <span class='ocrx_word' id='word_1_438' title='bbox 1780 3044 1884 3112; x_wconf 88' lang='lat' dir='ltr'><strong>hostis</strong></span> <span class='ocrx_word' id='word_1_439' title='bbox 1911 3045 2012 3111; x_wconf 85' lang='lat' dir='ltr'><strong>Arius</strong></span> <span class='ocrx_word' id='word_1_440' title='bbox 2044 3046 2079 3109; x_wconf 91' lang='lat' dir='ltr'><strong>in</strong></span> <span class='ocrx_word' id='word_1_441' title='bbox 2106 3066 2182 3128; x_wconf 85' lang='lat' dir='ltr'><strong>pro-</strong></span> 
     </span>
     <span class='ocr_line' id='line_1_32' title="bbox 168 3128 2182 3214; baseline 0.001 -20"><span class='ocrx_word' id='word_1_442' title='bbox 168 3132 240 3214; x_wconf 89' lang='lat' dir='ltr'><strong>pite</strong></span> <span class='ocrx_word' id='word_1_443' title='bbox 261 3131 288 3196; x_wconf 85' lang='lat' dir='ltr'><strong>ei</strong></span> <span class='ocrx_word' id='word_1_444' title='bbox 310 3132 483 3196; x_wconf 84' lang='lat' dir='ltr'><strong>aestimare</strong></span> <span class='ocrx_word' id='word_1_445' title='bbox 509 3131 599 3211; x_wconf 90' lang='lat' dir='ltr'><strong>licet,</strong></span> <span class='ocrx_word' id='word_1_446' title='bbox 627 3130 736 3214; x_wconf 89' lang='lat' dir='ltr'><strong>qualia</strong></span> <span class='ocrx_word' id='word_1_447' title='bbox 763 3131 890 3214; x_wconf 86' lang='lat' dir='ltr'><strong>possint</strong></span> <span class='ocrx_word' id='word_1_448' title='bbox 910 3151 981 3195; x_wconf 88' lang='lat' dir='ltr'><strong>esse</strong></span> <span class='ocrx_word' id='word_1_449' title='bbox 1007 3130 1147 3214; x_wconf 89' lang='lat' dir='ltr'><strong>reliqua:</strong></span> <span class='ocrx_word' id='word_1_450' title='bbox 1203 3128 1327 3207; x_wconf 91' lang='lat' dir='ltr'><strong>cinctu,</strong></span> <span class='ocrx_word' id='word_1_451' title='bbox 1361 3150 1501 3212; x_wconf 87' lang='lat' dir='ltr'><strong>quocum</strong></span> <span class='ocrx_word' id='word_1_452' title='bbox 1537 3151 1656 3196; x_wconf 88' lang='lat' dir='ltr'><strong>manus</strong></span> <span class='ocrx_word' id='word_1_453' title='bbox 1686 3132 1905 3197; x_wconf 87' lang='lat' dir='ltr'><strong>conserendae</strong></span> <span class='ocrx_word' id='word_1_454' title='bbox 1934 3137 2056 3211; x_wconf 88' lang='lat' dir='ltr'><strong>essent,</strong></span> <span class='ocrx_word' id='word_1_455' title='bbox 2092 3153 2182 3197; x_wconf 77' lang='lat' dir='ltr'><strong>sum-</strong></span> 
     </span>
     <span class='ocr_line' id='line_1_33' title="bbox 107 3214 2180 3301; baseline -0 -18"><span class='ocrx_word' id='word_1_456' title='bbox 107 3276 113 3283; x_wconf 90' lang='lat'><em>.</em></span> <span class='ocrx_word' id='word_1_457' title='bbox 170 3216 365 3282; x_wconf 89' lang='lat' dir='ltr'><strong>coelibatum</strong></span> <span class='ocrx_word' id='word_1_458' title='bbox 393 3217 555 3301; x_wconf 87' lang='lat' dir='ltr'><strong>imperare</strong></span> <span class='ocrx_word' id='word_1_459' title='bbox 580 3217 613 3282; x_wconf 80' lang='lat' dir='ltr'><strong>et</strong></span> <span class='ocrx_word' id='word_1_460' title='bbox 640 3217 787 3282; x_wconf 89' lang='lat' dir='ltr'><strong>ciborum</strong></span> <span class='ocrx_word' id='word_1_461' title='bbox 819 3237 912 3281; x_wconf 88' lang='lat' dir='ltr'><strong>esum</strong></span> <span class='ocrx_word' id='word_1_462' title='bbox 944 3214 1148 3294; x_wconf 88' lang='lat' dir='ltr'><strong>interdicere,</strong></span> <span class='ocrx_word' id='word_1_463' title='bbox 1201 3235 1294 3280; x_wconf 91' lang='lat' dir='ltr'><strong>mum</strong></span> <span class='ocrx_word' id='word_1_464' title='bbox 1325 3236 1404 3280; x_wconf 82' lang='lat' dir='ltr'><strong>vero</strong></span> <span class='ocrx_word' id='word_1_465' title='bbox 1435 3223 1639 3281; x_wconf 91' lang='lat' dir='ltr'><strong>momentum</strong></span> <span class='ocrx_word' id='word_1_466' title='bbox 1671 3225 1758 3283; x_wconf 90' lang='lat' dir='ltr'><strong>esset</strong></span> <span class='ocrx_word' id='word_1_467' title='bbox 1791 3219 1826 3282; x_wconf 91' lang='lat' dir='ltr'><strong>in</strong></span> <span class='ocrx_word' id='word_1_468' title='bbox 1852 3239 1967 3283; x_wconf 89' lang='lat' dir='ltr'><strong>eorum</strong></span> <span class='ocrx_word' id='word_1_469' title='bbox 1999 3217 2180 3297; x_wconf 85' lang='lat' dir='ltr'><strong>concordia,</strong></span> 
     </span>
     <span class='ocr_line' id='line_1_34' title="bbox 112 3298 2181 3387; baseline 0 -20"><span class='ocrx_word' id='word_1_470' title='bbox 112 3336 118 3347; x_wconf 86' lang='lat'><em>·</em></span> <span class='ocrx_word' id='word_1_471' title='bbox 169 3303 296 3368; x_wconf 87' lang='lat' dir='ltr'><strong>Paulus</strong></span> <span class='ocrx_word' id='word_1_472' title='bbox 325 3302 569 3368; x_wconf 89' lang='lat' dir='ltr'><strong>daemoniorum</strong></span> <span class='ocrx_word' id='word_1_473' title='bbox 596 3302 620 3366; x_wconf 96' lang='lat' dir='ltr'><strong>h</strong></span> <span class='ocrx_word' id='word_1_474' title='bbox 703 3303 796 3368; x_wconf 89' lang='lat' dir='ltr'><strong>risim</strong></span> <span class='ocrx_word' id='word_1_475' title='bbox 828 3310 861 3367; x_wconf 90' lang='lat' dir='ltr'><strong>et</strong></span> <span class='ocrx_word' id='word_1_476' title='bbox 886 3301 1057 3368; x_wconf 87' lang='lat' dir='ltr'><strong>mendacia</strong></span> <span class='ocrx_word' id='word_1_477' title='bbox 1078 3323 1149 3367; x_wconf 90' lang='lat' dir='ltr'><strong>esse</strong></span> <span class='ocrx_word' id='word_1_478' title='bbox 1202 3300 1258 3383; x_wconf 92' lang='lat' dir='ltr'><strong>qui</strong></span> <span class='ocrx_word' id='word_1_479' title='bbox 1280 3298 1322 3364; x_wconf 88' lang='lat' dir='ltr'><strong>ad</strong></span> <span class='ocrx_word' id='word_1_480' title='bbox 1344 3301 1600 3385; x_wconf 84' lang='lat' dir='ltr'><strong>oppugnandum</strong></span> <span class='ocrx_word' id='word_1_481' title='bbox 1621 3303 1696 3368; x_wconf 82' lang='lat' dir='ltr'><strong>Arii</strong></span> <span class='ocrx_word' id='word_1_482' title='bbox 1715 3324 1861 3369; x_wconf 91' lang='lat' dir='ltr'><strong>errorem</strong></span> <span class='ocrx_word' id='word_1_483' title='bbox 1881 3304 1989 3387; x_wconf 77' lang='lat' dir='ltr'><strong>parati</strong></span> <span class='ocrx_word' id='word_1_484' title='bbox 2006 3310 2181 3384; x_wconf 86' lang='lat' dir='ltr'><strong>venerant;</strong></span> 
     </span>
     <span class='ocr_line' id='line_1_35' title="bbox 169 3323 2180 3474; baseline -0 -21"><span class='ocrx_word' id='word_1_485' title='bbox 169 3389 316 3453; x_wconf 83' lang='lat' dir='ltr'><strong>affirmat</strong></span> <span class='ocrx_word' id='word_1_486' title='bbox 342 3386 374 3474; x_wconf 86' lang='lat' dir='ltr'><strong>(l</strong></span> <span class='ocrx_word' id='word_1_487' title='bbox 396 3389 479 3453; x_wconf 78' lang='lat' dir='ltr'><strong>lhm.</strong></span> <span class='ocrx_word' id='word_1_488' title='bbox 501 3387 546 3474; x_wconf 84' lang='lat'><strong>4).</strong></span> <span class='ocrx_word' id='word_1_489' title='bbox 603 3323 763 3467; x_wconf 53' lang='lat' dir='ltr'><strong>liehoeest,</strong></span> <span class='ocrx_word' id='word_1_490' title='bbox 797 3387 883 3471; x_wconf 92' lang='lat' dir='ltr'><strong>quod</strong></span> <span class='ocrx_word' id='word_1_491' title='bbox 907 3386 1071 3472; x_wconf 85' lang='lat' dir='ltr'><strong>purgandi</strong></span> <span class='ocrx_word' id='word_1_492' title='bbox 1097 3387 1149 3452; x_wconf 91' lang='lat' dir='ltr'><strong>sui</strong></span> <span class='ocrx_word' id='word_1_493' title='bbox 1200 3386 1265 3468; x_wconf 91' lang='lat' dir='ltr'><strong>ipsi</strong></span> <span class='ocrx_word' id='word_1_494' title='bbox 1291 3385 1505 3452; x_wconf 90' lang='lat' dir='ltr'><strong>nihilominus</strong></span> <span class='ocrx_word' id='word_1_495' title='bbox 1525 3393 1693 3454; x_wconf 87' lang='lat' dir='ltr'><strong>tantorum</strong></span> <span class='ocrx_word' id='word_1_496' title='bbox 1716 3389 1942 3456; x_wconf 88' lang='lat' dir='ltr'><strong>discriminum</strong></span> <span class='ocrx_word' id='word_1_497' title='bbox 1963 3388 2084 3466; x_wconf 90' lang='lat' dir='ltr'><strong>securi,</strong></span> <span class='ocrx_word' id='word_1_498' title='bbox 2114 3388 2180 3453; x_wconf 93' lang='lat' dir='ltr'><strong>imo</strong></span> 
     </span>
     <span class='ocr_line' id='line_1_36' title="bbox 171 3471 2181 3556; baseline 0 -16"><span class='ocrx_word' id='word_1_499' title='bbox 171 3496 210 3540; x_wconf 89' lang='lat' dir='ltr'><strong>ae</strong></span> <span class='ocrx_word' id='word_1_500' title='bbox 233 3473 403 3541; x_wconf 82' lang='lat' dir='ltr'><strong>derivandi</strong></span> <span class='ocrx_word' id='word_1_501' title='bbox 425 3474 571 3540; x_wconf 88' lang='lat' dir='ltr'><strong>oriminis</strong></span> <span class='ocrx_word' id='word_1_502' title='bbox 592 3495 706 3553; x_wconf 89' lang='lat' dir='ltr'><strong>eausa,</strong></span> <span class='ocrx_word' id='word_1_503' title='bbox 736 3473 778 3538; x_wconf 91' lang='lat' dir='ltr'><strong>ad</strong></span> <span class='ocrx_word' id='word_1_504' title='bbox 791 3473 1011 3548; x_wconf 84' lang='lat' dir='ltr'><strong>¹Manichaeos</strong></span> <span class='ocrx_word' id='word_1_505' title='bbox 1033 3475 1097 3539; x_wconf 85' lang='lat' dir='ltr'><strong>ista</strong></span> <span class='ocrx_word' id='word_1_506' title='bbox 1116 3479 1150 3538; x_wconf 90' lang='lat' dir='ltr'><strong>et</strong></span> <span class='ocrx_word' id='word_1_507' title='bbox 1201 3471 1294 3537; x_wconf 83' lang='lat' dir='ltr'><strong>velut</strong></span> <span class='ocrx_word' id='word_1_508' title='bbox 1325 3473 1511 3556; x_wconf 70' lang='lat' dir='ltr'><strong>gravimhs,</strong></span> <span class='ocrx_word' id='word_1_509' title='bbox 1553 3475 1731 3540; x_wconf 87' lang='lat' dir='ltr'><strong>modestiae</strong></span> <span class='ocrx_word' id='word_1_510' title='bbox 1763 3484 1797 3540; x_wconf 91' lang='lat' dir='ltr'><strong>et</strong></span> <span class='ocrx_word' id='word_1_511' title='bbox 1829 3476 1934 3539; x_wconf 90' lang='lat' dir='ltr'><strong>omnis</strong></span> <span class='ocrx_word' id='word_1_512' title='bbox 1967 3474 2181 3540; x_wconf 87' lang='lat' dir='ltr'><strong>humanitatis</strong></span> 
     </span>
     <span class='ocr_line' id='line_1_37' title="bbox 146 3557 2181 3644; baseline 0 -19"><span class='ocrx_word' id='word_1_513' title='bbox 146 3561 326 3626; x_wconf 61' lang='lat' dir='ltr'><strong>”habenas</strong></span> <span class='ocrx_word' id='word_1_514' title='bbox 347 3561 502 3641; x_wconf 87' lang='lat' dir='ltr'><strong>referant,</strong></span> <span class='ocrx_word' id='word_1_515' title='bbox 531 3559 616 3643; x_wconf 93' lang='lat' dir='ltr'><strong>quod</strong></span> <span class='ocrx_word' id='word_1_516' title='bbox 638 3559 680 3625; x_wconf 91' lang='lat' dir='ltr'><strong>ab</strong></span> <span class='ocrx_word' id='word_1_517' title='bbox 705 3559 770 3625; x_wconf 88' lang='lat' dir='ltr'><strong>illis</strong></span> <span class='ocrx_word' id='word_1_518' title='bbox 791 3561 827 3625; x_wconf 92' lang='lat' dir='ltr'><strong>in</strong></span> <span class='ocrx_word' id='word_1_519' title='bbox 849 3565 954 3625; x_wconf 88' lang='lat' dir='ltr'><strong>tetum</strong></span> <span class='ocrx_word' id='word_1_520' title='bbox 976 3559 1149 3624; x_wconf 88' lang='lat' dir='ltr'><strong>damnatae</strong></span> <span class='ocrx_word' id='word_1_521' title='bbox 1201 3557 1302 3636; x_wconf 90' lang='lat' dir='ltr'><strong>obliti,</strong></span> <span class='ocrx_word' id='word_1_522' title='bbox 1325 3558 1444 3624; x_wconf 90' lang='lat' dir='ltr'><strong>omisso</strong></span> <span class='ocrx_word' id='word_1_523' title='bbox 1463 3559 1549 3644; x_wconf 93' lang='lat' dir='ltr'><strong>quod</strong></span> <span class='ocrx_word' id='word_1_524' title='bbox 1570 3561 1607 3625; x_wconf 91' lang='lat' dir='ltr'><strong>in</strong></span> <span class='ocrx_word' id='word_1_525' title='bbox 1622 3561 1775 3626; x_wconf 88' lang='lat' dir='ltr'><strong>manibus</strong></span> <span class='ocrx_word' id='word_1_526' title='bbox 1791 3569 1864 3626; x_wconf 90' lang='lat' dir='ltr'><strong>erat</strong></span> <span class='ocrx_word' id='word_1_527' title='bbox 1881 3561 2066 3639; x_wconf 88' lang='lat' dir='ltr'><strong>certamine,</strong></span> <span class='ocrx_word' id='word_1_528' title='bbox 2088 3560 2181 3642; x_wconf 88' lang='lat' dir='ltr'><strong>quasi</strong></span> 
     </span>
     <span class='ocr_line' id='line_1_38' title="bbox 170 3641 2181 3730; baseline 0.001 -20"><span class='ocrx_word' id='word_1_529' title='bbox 170 3648 239 3711; x_wconf 77' lang='lat' dir='ltr'><strong>sint</strong></span> <span class='ocrx_word' id='word_1_530' title='bbox 260 3647 393 3729; x_wconf 85' lang='lat' dir='ltr'><strong>nuptiae</strong></span> <span class='ocrx_word' id='word_1_531' title='bbox 415 3644 450 3711; x_wconf 87' lang='lat' dir='ltr'><strong>et</strong></span> <span class='ocrx_word' id='word_1_532' title='bbox 470 3667 600 3725; x_wconf 91' lang='lat' dir='ltr'><strong>carnes,</strong></span> <span class='ocrx_word' id='word_1_533' title='bbox 623 3668 644 3712; x_wconf 87' lang='lat' dir='ltr'><strong>a</strong></span> <span class='ocrx_word' id='word_1_534' title='bbox 667 3668 702 3712; x_wconf 91' lang='lat' dir='ltr'><strong>se</strong></span> <span class='ocrx_word' id='word_1_535' title='bbox 724 3653 850 3725; x_wconf 88' lang='lat' dir='ltr'><strong>autem,</strong></span> <span class='ocrx_word' id='word_1_536' title='bbox 878 3666 944 3710; x_wconf 93' lang='lat' dir='ltr'><strong>non</strong></span> <span class='ocrx_word' id='word_1_537' title='bbox 965 3646 1029 3710; x_wconf 90' lang='lat' dir='ltr'><strong>nisi</strong></span> <span class='ocrx_word' id='word_1_538' title='bbox 1051 3646 1149 3711; x_wconf 85' lang='lat' dir='ltr'><strong>certis</strong></span> <span class='ocrx_word' id='word_1_539' title='bbox 1201 3665 1242 3708; x_wconf 89' lang='lat' dir='ltr'><strong>ex</strong></span> <span class='ocrx_word' id='word_1_540' title='bbox 1264 3641 1425 3709; x_wconf 69' lang='lat' dir='ltr'><strong>detnato</strong></span> <span class='ocrx_word' id='word_1_541' title='bbox 1452 3645 1533 3710; x_wconf 86' lang='lat' dir='ltr'><strong>Ario</strong></span> <span class='ocrx_word' id='word_1_542' title='bbox 1555 3647 1770 3730; x_wconf 74' lang='lat' dir='ltr'><strong>gratificatur-i</strong></span> <span class='ocrx_word' id='word_1_543' title='bbox 1795 3667 1833 3711; x_wconf 92' lang='lat' dir='ltr'><strong>eo</strong></span> <span class='ocrx_word' id='word_1_544' title='bbox 1860 3646 2107 3724; x_wconf 87' lang='lat' dir='ltr'><strong>concessissent,</strong></span> <span class='ocrx_word' id='word_1_545' title='bbox 2129 3645 2181 3712; x_wconf 90' lang='lat' dir='ltr'><strong>in·</strong></span> 
     </span>
     <span class='ocr_line' id='line_1_39' title="bbox 168 3729 2182 3816; baseline 0 -19"><span class='ocrx_word' id='word_1_546' title='bbox 168 3733 319 3815; x_wconf 84' lang='lat' dir='ltr'><strong>personis</strong></span> <span class='ocrx_word' id='word_1_547' title='bbox 350 3733 586 3814; x_wconf 84' lang='lat' dir='ltr'><strong>prohibeantur</strong></span> <span class='ocrx_word' id='word_1_548' title='bbox 611 3733 758 3815; x_wconf 89' lang='lat' dir='ltr'><strong>nuptiae,</strong></span> <span class='ocrx_word' id='word_1_549' title='bbox 790 3753 905 3797; x_wconf 85' lang='lat' dir='ltr'><strong>carnes</strong></span> <span class='ocrx_word' id='word_1_550' title='bbox 934 3753 1000 3796; x_wconf 92' lang='lat' dir='ltr'><strong>non</strong></span> <span class='ocrx_word' id='word_1_551' title='bbox 1029 3732 1093 3797; x_wconf 88' lang='lat' dir='ltr'><strong>nisi</strong></span> <span class='ocrx_word' id='word_1_552' title='bbox 1113 3732 1148 3794; x_wconf 92' lang='lat' dir='ltr'><strong>in</strong></span> <span class='ocrx_word' id='word_1_553' title='bbox 1201 3729 1331 3796; x_wconf 85' lang='lat' dir='ltr'><strong>testinis</strong></span> <span class='ocrx_word' id='word_1_554' title='bbox 1354 3729 1496 3796; x_wconf 88' lang='lat' dir='ltr'><strong>dissidiis</strong></span> <span class='ocrx_word' id='word_1_555' title='bbox 1519 3752 1590 3797; x_wconf 90' lang='lat' dir='ltr'><strong>sese</strong></span> <span class='ocrx_word' id='word_1_556' title='bbox 1611 3731 1822 3814; x_wconf 90' lang='lat' dir='ltr'><strong>proscindere</strong></span> <span class='ocrx_word' id='word_1_557' title='bbox 1844 3739 2029 3814; x_wconf 81' lang='lat' dir='ltr'><strong>coepenmt,</strong></span> <span class='ocrx_word' id='word_1_558' title='bbox 2058 3731 2182 3816; x_wconf 89' lang='lat' dir='ltr'><strong>stylum</strong></span> 
     </span>
     <span class='ocr_line' id='line_1_40' title="bbox 169 3816 2179 3901; baseline 0 -17"><span class='ocrx_word' id='word_1_559' title='bbox 169 3825 277 3884; x_wconf 87' lang='lat' dir='ltr'><strong>certos</strong></span> <span class='ocrx_word' id='word_1_560' title='bbox 305 3818 383 3883; x_wconf 89' lang='lat' dir='ltr'><strong>dies.</strong></span> <span class='ocrx_word' id='word_1_561' title='bbox 433 3818 521 3882; x_wconf 89' lang='lat' dir='ltr'><strong>Nam</strong></span> <span class='ocrx_word' id='word_1_562' title='bbox 548 3839 705 3883; x_wconf 85' lang='lat' dir='ltr'><strong>excusare</strong></span> <span class='ocrx_word' id='word_1_563' title='bbox 733 3839 793 3883; x_wconf 89' lang='lat' dir='ltr'><strong>sua</strong></span> <span class='ocrx_word' id='word_1_564' title='bbox 821 3817 952 3883; x_wconf 90' lang='lat' dir='ltr'><strong>decreta</strong></span> <span class='ocrx_word' id='word_1_565' title='bbox 973 3823 1147 3901; x_wconf 90' lang='lat' dir='ltr'><strong>nequeunt,</strong></span> <span class='ocrx_word' id='word_1_566' title='bbox 1200 3816 1257 3897; x_wconf 91' lang='lat' dir='ltr'><strong>qui</strong></span> <span class='ocrx_word' id='word_1_567' title='bbox 1284 3816 1319 3880; x_wconf 90' lang='lat' dir='ltr'><strong>in</strong></span> <span class='ocrx_word' id='word_1_568' title='bbox 1344 3816 1463 3881; x_wconf 83' lang='lat' dir='ltr'><strong>Arium</strong></span> <span class='ocrx_word' id='word_1_569' title='bbox 1485 3816 1696 3900; x_wconf 88' lang='lat' dir='ltr'><strong>stringendus</strong></span> <span class='ocrx_word' id='word_1_570' title='bbox 1716 3825 1804 3897; x_wconf 88' lang='lat' dir='ltr'><strong>erat,</strong></span> <span class='ocrx_word' id='word_1_571' title='bbox 1826 3818 1863 3882; x_wconf 93' lang='lat' dir='ltr'><strong>in</strong></span> <span class='ocrx_word' id='word_1_572' title='bbox 1885 3819 2007 3900; x_wconf 90' lang='lat' dir='ltr'><strong>seipsos</strong></span> <span class='ocrx_word' id='word_1_573' title='bbox 2029 3817 2179 3901; x_wconf 89' lang='lat' dir='ltr'><strong>dirigere.</strong></span> 
     </span>
     <span class='ocr_line' id='line_1_41' title="bbox 168 3899 2235 3986; baseline -0.002 -18"><span class='ocrx_word' id='word_1_574' title='bbox 168 3904 251 3986; x_wconf 89' lang='lat' dir='ltr'><strong>quin</strong></span> <span class='ocrx_word' id='word_1_575' title='bbox 277 3904 470 3970; x_wconf 79' lang='lat' dir='ltr'><strong>contrahere</strong></span> <span class='ocrx_word' id='word_1_576' title='bbox 500 3904 745 3968; x_wconf 86' lang='lat' dir='ltr'><strong>matrimonium</strong></span> <span class='ocrx_word' id='word_1_577' title='bbox 771 3903 980 3986; x_wconf 83' lang='lat' dir='ltr'><strong>prohibeant,</strong></span> <span class='ocrx_word' id='word_1_578' title='bbox 1004 3912 1037 3967; x_wconf 91' lang='lat' dir='ltr'><strong>et</strong></span> <span class='ocrx_word' id='word_1_579' title='bbox 1057 3902 1149 3967; x_wconf 91' lang='lat' dir='ltr'><strong>iube-</strong></span> <span class='ocrx_word' id='word_1_580' title='bbox 1202 3900 1334 3966; x_wconf 83' lang='lat' dir='ltr'><strong>Foedae</strong></span> <span class='ocrx_word' id='word_1_581' title='bbox 1356 3902 1599 3968; x_wconf 89' lang='lat' dir='ltr'><strong>criminationes</strong></span> <span class='ocrx_word' id='word_1_582' title='bbox 1621 3902 1846 3983; x_wconf 86' lang='lat' dir='ltr'><strong>audiebantur,</strong></span> <span class='ocrx_word' id='word_1_583' title='bbox 1869 3899 1971 3968; x_wconf 89' lang='lat' dir='ltr'><strong>libelli</strong></span> <span class='ocrx_word' id='word_1_584' title='bbox 1989 3905 2181 3969; x_wconf 86' lang='lat' dir='ltr'><strong>accusatorii</strong></span> <span class='ocrx_word' id='word_1_585' title='bbox 2220 3935 2235 3963; x_wconf 60' lang='lat' dir='ltr'>Q</span> 
     </span>
     <span class='ocr_line' id='line_1_42' title="bbox 170 3986 2180 4076; baseline 0 -21"><span class='ocrx_word' id='word_1_586' title='bbox 170 3995 232 4055; x_wconf 89' lang='lat' dir='ltr'><strong>ant</strong></span> <span class='ocrx_word' id='word_1_587' title='bbox 256 3989 419 4055; x_wconf 89' lang='lat' dir='ltr'><strong>abstinere</strong></span> <span class='ocrx_word' id='word_1_588' title='bbox 448 4012 467 4054; x_wconf 88' lang='lat' dir='ltr'><strong>a</strong></span> <span class='ocrx_word' id='word_1_589' title='bbox 495 3990 591 4068; x_wconf 86' lang='lat' dir='ltr'><strong>cibis,</strong></span> <span class='ocrx_word' id='word_1_590' title='bbox 620 4011 701 4072; x_wconf 87' lang='lat' dir='ltr'><strong>quos</strong></span> <span class='ocrx_word' id='word_1_591' title='bbox 723 3990 847 4055; x_wconf 83' lang='lat' dir='ltr'><strong>creavit</strong></span> <span class='ocrx_word' id='word_1_592' title='bbox 867 3990 960 4054; x_wconf 84' lang='lat' dir='ltr'><strong>Deus</strong></span> <span class='ocrx_word' id='word_1_593' title='bbox 982 3987 1023 4053; x_wconf 88' lang='lat' dir='ltr'><strong>ad</strong></span> <span class='ocrx_word' id='word_1_594' title='bbox 1044 3990 1149 4073; x_wconf 89' lang='lat' dir='ltr'><strong>perei-</strong></span> <span class='ocrx_word' id='word_1_595' title='bbox 1201 3986 1397 4067; x_wconf 85' lang='lat' dir='ltr'><strong>volitabant,</strong></span> <span class='ocrx_word' id='word_1_596' title='bbox 1436 4008 1497 4053; x_wconf 92' lang='lat' dir='ltr'><strong>nec</strong></span> <span class='ocrx_word' id='word_1_597' title='bbox 1530 3989 1774 4054; x_wconf 84' lang='lat' dir='ltr'><strong>contentionum</strong></span> <span class='ocrx_word' id='word_1_598' title='bbox 1804 3989 1881 4055; x_wconf 90' lang='lat' dir='ltr'><strong>finis</strong></span> <span class='ocrx_word' id='word_1_599' title='bbox 1911 3990 2000 4056; x_wconf 88' lang='lat' dir='ltr'><strong>ullus</strong></span> <span class='ocrx_word' id='word_1_600' title='bbox 2035 3988 2077 4076; x_wconf 85' lang='lat' dir='ltr'><strong>[p.</strong></span> <span class='ocrx_word' id='word_1_601' title='bbox 2104 3987 2180 4076; x_wconf 85' lang='grc'>449]</span> 
     </span>
     <span class='ocr_line' id='line_1_43' title="bbox 168 4072 2181 4160; baseline 0 -21"><span class='ocrx_word' id='word_1_602' title='bbox 168 4074 328 4159; x_wconf 88' lang='lat' dir='ltr'><strong>piendum</strong></span> <span class='ocrx_word' id='word_1_603' title='bbox 360 4096 436 4141; x_wconf 89' lang='lat' dir='ltr'><strong>eum</strong></span> <span class='ocrx_word' id='word_1_604' title='bbox 469 4077 651 4160; x_wconf 82' lang='lat' dir='ltr'><strong>gratiarum</strong></span> <span class='ocrx_word' id='word_1_605' title='bbox 684 4076 817 4141; x_wconf 83' lang='lat' dir='ltr'><strong>actione.</strong></span> <span class='ocrx_word' id='word_1_606' title='bbox 874 4072 1016 4155; x_wconf 78' lang='lat' dir='ltr'><strong>Quando</strong></span> <span class='ocrx_word' id='word_1_607' title='bbox 1044 4076 1149 4141; x_wconf 92' lang='lat' dir='ltr'><strong>omnis</strong></span> <span class='ocrx_word' id='word_1_608' title='bbox 1201 4072 1306 4140; x_wconf 87' lang='lat' dir='ltr'><strong>factus</strong></span> <span class='ocrx_word' id='word_1_609' title='bbox 1334 4080 1435 4153; x_wconf 85' lang='lat' dir='ltr'><strong>esset,</strong></span> <span class='ocrx_word' id='word_1_610' title='bbox 1463 4073 1565 4139; x_wconf 92' lang='lat' dir='ltr'><strong>donec</strong></span> <span class='ocrx_word' id='word_1_611' title='bbox 1593 4076 1716 4140; x_wconf 90' lang='lat' dir='ltr'><strong>mutuis</strong></span> <span class='ocrx_word' id='word_1_612' title='bbox 1740 4075 1933 4150; x_wconf 72' lang='lat' dir='ltr'><strong>vrdneribus</strong></span> <span class='ocrx_word' id='word_1_613' title='bbox 1960 4097 1995 4141; x_wconf 93' lang='lat' dir='ltr'><strong>se</strong></span> <span class='ocrx_word' id='word_1_614' title='bbox 2022 4075 2181 4142; x_wconf 86' lang='lat' dir='ltr'><strong>confodis·</strong></span> 
     </span>
     <span class='ocr_line' id='line_1_44' title="bbox 168 4159 2181 4244; baseline -0.001 -17"><span class='ocrx_word' id='word_1_615' title='bbox 168 4168 324 4227; x_wconf 84' lang='lat' dir='ltr'><strong>ereatura</strong></span> <span class='ocrx_word' id='word_1_616' title='bbox 345 4161 410 4226; x_wconf 90' lang='lat' dir='ltr'><strong>Dei</strong></span> <span class='ocrx_word' id='word_1_617' title='bbox 429 4161 515 4227; x_wconf 90' lang='lat' dir='ltr'><strong>bona</strong></span> <span class='ocrx_word' id='word_1_618' title='bbox 542 4169 575 4226; x_wconf 85' lang='lat' dir='ltr'><strong>et</strong></span> <span class='ocrx_word' id='word_1_619' title='bbox 603 4168 717 4227; x_wconf 90' lang='lat' dir='ltr'><strong>sancta</strong></span> <span class='ocrx_word' id='word_1_620' title='bbox 739 4169 789 4227; x_wconf 89' lang='lat' dir='ltr'><strong>est</strong></span> <span class='ocrx_word' id='word_1_621' title='bbox 809 4161 960 4226; x_wconf 84' lang='lat' dir='ltr'><strong>fidelibus</strong></span> <span class='ocrx_word' id='word_1_622' title='bbox 982 4170 1016 4226; x_wconf 93' lang='lat' dir='ltr'><strong>et</strong></span> <span class='ocrx_word' id='word_1_623' title='bbox 1035 4163 1075 4226; x_wconf 89' lang='lat' dir='ltr'><strong>iis</strong></span> <span class='ocrx_word' id='word_1_624' title='bbox 1093 4161 1150 4244; x_wconf 89' lang='lat' dir='ltr'><strong>qui</strong></span> <span class='ocrx_word' id='word_1_625' title='bbox 1201 4164 1289 4238; x_wconf 89' lang='lat' dir='ltr'><strong>sent,</strong></span> <span class='ocrx_word' id='word_1_626' title='bbox 1323 4160 1387 4225; x_wconf 88' lang='lat' dir='ltr'><strong>nisi</strong></span> <span class='ocrx_word' id='word_1_627' title='bbox 1414 4159 1599 4243; x_wconf 88' lang='lat' dir='ltr'><strong>Imperator</strong></span> <span class='ocrx_word' id='word_1_628' title='bbox 1625 4159 1861 4228; x_wconf 78' lang='lat' dir='ltr'><strong>Constanh&#39;nus</strong></span> <span class='ocrx_word' id='word_1_629' title='bbox 1888 4163 2094 4240; x_wconf 68' lang='lat' dir='ltr'><strong>oemnsseq</strong></span> <span class='ocrx_word' id='word_1_630' title='bbox 2126 4159 2181 4243; x_wconf 92' lang='lat' dir='ltr'><strong>qui</strong></span> 
     </span>
     <span class='ocr_line' id='line_1_45' title="bbox 167 4244 2181 4331; baseline 0 -20"><span class='ocrx_word' id='word_1_631' title='bbox 167 4254 354 4330; x_wconf 81' lang='lat' dir='ltr'><strong>eognonmt</strong></span> <span class='ocrx_word' id='word_1_632' title='bbox 373 4249 568 4319; x_wconf 83' lang='lat' dir='ltr'><strong>veritatem..</strong></span> <span class='ocrx_word' id='word_1_633' title='bbox 1201 4244 1442 4327; x_wconf 78' lang='lat' dir='ltr'><strong>inqmsitionem</strong></span> <span class='ocrx_word' id='word_1_634' title='bbox 1464 4247 1499 4310; x_wconf 94' lang='lat' dir='ltr'><strong>in</strong></span> <span class='ocrx_word' id='word_1_635' title='bbox 1520 4268 1633 4311; x_wconf 91' lang='lat' dir='ltr'><strong>eorum</strong></span> <span class='ocrx_word' id='word_1_636' title='bbox 1655 4247 1767 4325; x_wconf 83' lang='lat' dir='ltr'><strong>vitam,</strong></span> <span class='ocrx_word' id='word_1_637' title='bbox 1790 4268 1861 4313; x_wconf 89' lang='lat' dir='ltr'><strong>rem</strong></span> <span class='ocrx_word' id='word_1_638' title='bbox 1882 4269 1954 4314; x_wconf 89' lang='lat' dir='ltr'><strong>esse</strong></span> <span class='ocrx_word' id='word_1_639' title='bbox 1971 4270 2070 4331; x_wconf 89' lang='lat' dir='ltr'><strong>supra</strong></span> <span class='ocrx_word' id='word_1_640' title='bbox 2088 4267 2181 4311; x_wconf 88' lang='lat' dir='ltr'><strong>suam</strong></span> 
     </span>
     <span class='ocr_line' id='line_1_46' title="bbox 259 4331 2180 4415; baseline -0.002 -17"><span class='ocrx_word' id='word_1_641' title='bbox 259 4331 345 4398; x_wconf 84' lang='lat' dir='ltr'><strong>Oum</strong></span> <span class='ocrx_word' id='word_1_642' title='bbox 365 4353 444 4399; x_wconf 84' lang='lat' dir='ltr'><strong>voro</strong></span> <span class='ocrx_word' id='word_1_643' title='bbox 461 4334 543 4399; x_wconf 87' lang='lat' dir='ltr'><strong>haee</strong></span> <span class='ocrx_word' id='word_1_644' title='bbox 560 4342 694 4399; x_wconf 87' lang='lat' dir='ltr'><strong>satanae</strong></span> <span class='ocrx_word' id='word_1_645' title='bbox 712 4333 844 4398; x_wconf 85' lang='lat' dir='ltr'><strong>oracula</strong></span> <span class='ocrx_word' id='word_1_646' title='bbox 860 4332 1070 4402; x_wconf 86' lang='lat' dir='ltr'><strong>conciliorum</strong></span> <span class='ocrx_word' id='word_1_647' title='bbox 1086 4333 1149 4397; x_wconf 91' lang='lat' dir='ltr'><strong>mi·</strong></span> <span class='ocrx_word' id='word_1_648' title='bbox 1202 4331 1423 4414; x_wconf 87' lang='lat' dir='ltr'><strong>cognitionem</strong></span> <span class='ocrx_word' id='word_1_649' title='bbox 1439 4332 1613 4415; x_wconf 88' lang='lat' dir='ltr'><strong>professus,</strong></span> <span class='ocrx_word' id='word_1_650' title='bbox 1636 4333 1737 4398; x_wconf 88' lang='lat' dir='ltr'><strong>talem</strong></span> <span class='ocrx_word' id='word_1_651' title='bbox 1752 4333 1857 4399; x_wconf 87' lang='lat' dir='ltr'><strong>intem</strong></span> <span class='ocrx_word' id='word_1_652' title='bbox 1879 4335 1981 4399; x_wconf 90' lang='lat' dir='ltr'><strong>eriem</strong></span> <span class='ocrx_word' id='word_1_653' title='bbox 1997 4332 2093 4398; x_wconf 91' lang='lat' dir='ltr'><strong>laude</strong></span> <span class='ocrx_word' id='word_1_654' title='bbox 2109 4352 2180 4396; x_wconf 87' lang='lat' dir='ltr'><strong>ma·</strong></span> 
     </span>
     <span class='ocr_line' id='line_1_47' title="bbox 167 4355 2180 4503; baseline -0 -20"><span class='ocrx_word' id='word_1_655' title='bbox 167 4419 306 4483; x_wconf 88' lang='lat' dir='ltr'><strong>nisterio</strong></span> <span class='ocrx_word' id='word_1_656' title='bbox 324 4419 454 4501; x_wconf 87' lang='lat' dir='ltr'><strong>predita</strong></span> <span class='ocrx_word' id='word_1_657' title='bbox 474 4420 604 4499; x_wconf 78' lang='lat' dir='ltr'><strong>fuerim,</strong></span> <span class='ocrx_word' id='word_1_658' title='bbox 626 4439 686 4503; x_wconf 88' lang='lat' dir='ltr'><strong>pro</strong></span> <span class='ocrx_word' id='word_1_659' title='bbox 708 4439 743 4484; x_wconf 89' lang='lat' dir='ltr'><strong>se</strong></span> <span class='ocrx_word' id='word_1_660' title='bbox 765 4419 831 4482; x_wconf 87' lang='lat' dir='ltr'><strong>iam</strong></span> <span class='ocrx_word' id='word_1_661' title='bbox 853 4419 988 4502; x_wconf 92' lang='lat' dir='ltr'><strong>quisque</strong></span> <span class='ocrx_word' id='word_1_662' title='bbox 1009 4425 1148 4501; x_wconf 88' lang='lat' dir='ltr'><strong>reputet,</strong></span> <span class='ocrx_word' id='word_1_663' title='bbox 1202 4417 1253 4500; x_wconf 85' lang='lat' dir='ltr'><strong>gis</strong></span> <span class='ocrx_word' id='word_1_664' title='bbox 1274 4417 1614 4502; x_wconf 85' lang='lat' dir='ltr'><strong>quamobiurgatione</strong></span> <span class='ocrx_word' id='word_1_665' title='bbox 1631 4420 1813 4503; x_wconf 82' lang='lat' dir='ltr'><strong>castigavit</strong></span> <span class='ocrx_word' id='word_1_666' title='bbox 1848 4355 1958 4501; x_wconf 48' lang='lat' dir='ltr'><strong>guam</strong></span> <span class='ocrx_word' id='word_1_667' title='bbox 1974 4419 2087 4484; x_wconf 89' lang='lat' dir='ltr'><strong>multis</strong></span> <span class='ocrx_word' id='word_1_668' title='bbox 2103 4438 2180 4501; x_wconf 91' lang='lat' dir='ltr'><strong>par-</strong></span> 
     </span>
     <span class='ocr_line' id='line_1_48' title="bbox 167 4503 2181 4589; baseline 0 -22"><span class='ocrx_word' id='word_1_669' title='bbox 167 4503 251 4587; x_wconf 91' lang='lat' dir='ltr'><strong>quid</strong></span> <span class='ocrx_word' id='word_1_670' title='bbox 271 4505 307 4568; x_wconf 92' lang='lat' dir='ltr'><strong>in</strong></span> <span class='ocrx_word' id='word_1_671' title='bbox 328 4506 465 4571; x_wconf 87' lang='lat' dir='ltr'><strong>caeteris</strong></span> <span class='ocrx_word' id='word_1_672' title='bbox 487 4505 726 4589; x_wconf 88' lang='lat' dir='ltr'><strong>expectandum</strong></span> <span class='ocrx_word' id='word_1_673' title='bbox 747 4503 790 4568; x_wconf 87' lang='lat' dir='ltr'><strong>sit</strong></span> <span class='ocrx_word' id='word_1_674' title='bbox 811 4526 831 4569; x_wconf 91' lang='lat' dir='ltr'><strong>a</strong></span> <span class='ocrx_word' id='word_1_675' title='bbox 850 4511 985 4569; x_wconf 90' lang='lat' dir='ltr'><strong>satanae</strong></span> <span class='ocrx_word' id='word_1_676' title='bbox 1006 4504 1150 4589; x_wconf 82' lang='lat' dir='ltr'><strong>organis·</strong></span> <span class='ocrx_word' id='word_1_677' title='bbox 1202 4503 1289 4568; x_wconf 91' lang='lat' dir='ltr'><strong>tibus</strong></span> <span class='ocrx_word' id='word_1_678' title='bbox 1322 4503 1472 4572; x_wconf 87' lang='lat' dir='ltr'><strong>similiter</strong></span> <span class='ocrx_word' id='word_1_679' title='bbox 1504 4510 1538 4569; x_wconf 91' lang='lat' dir='ltr'><strong>et</strong></span> <span class='ocrx_word' id='word_1_680' title='bbox 1567 4504 1646 4584; x_wconf 88' lang='lat' dir='ltr'><strong>alia,</strong></span> <span class='ocrx_word' id='word_1_681' title='bbox 1681 4525 1766 4589; x_wconf 89' lang='lat' dir='ltr'><strong>quae</strong></span> <span class='ocrx_word' id='word_1_682' title='bbox 1794 4505 1912 4571; x_wconf 91' lang='lat' dir='ltr'><strong>deinde</strong></span> <span class='ocrx_word' id='word_1_683' title='bbox 1934 4512 2071 4588; x_wconf 88' lang='lat' dir='ltr'><strong>sequuta</strong></span> <span class='ocrx_word' id='word_1_684' title='bbox 2104 4509 2181 4569; x_wconf 87' lang='lat' dir='ltr'><strong>sunt</strong></span> 
     </span>
     <span class='ocr_line' id='line_1_49' title="bbox 167 4588 1870 4674; baseline -0.001 -18"><span class='ocrx_word' id='word_1_685' title='bbox 167 4590 292 4670; x_wconf 89' lang='lat' dir='ltr'><strong>Porro,</strong></span> <span class='ocrx_word' id='word_1_686' title='bbox 314 4589 393 4674; x_wconf 91' lang='lat' dir='ltr'><strong>quid</strong></span> <span class='ocrx_word' id='word_1_687' title='bbox 414 4591 551 4657; x_wconf 88' lang='lat' dir='ltr'><strong>conciha</strong></span> <span class='ocrx_word' id='word_1_688' title='bbox 572 4613 647 4658; x_wconf 89' lang='lat' dir='ltr'><strong>eum</strong></span> <span class='ocrx_word' id='word_1_689' title='bbox 669 4589 813 4656; x_wconf 86' lang='lat' dir='ltr'><strong>conciliis</strong></span> <span class='ocrx_word' id='word_1_690' title='bbox 833 4591 1015 4674; x_wconf 86' lang='lat' dir='ltr'><strong>pugnantia</strong></span> <span class='ocrx_word' id='word_1_691' title='bbox 1036 4611 1148 4656; x_wconf 88' lang='lat' dir='ltr'><strong>recon-</strong></span> <span class='ocrx_word' id='word_1_692' title='bbox 1201 4589 1345 4669; x_wconf 90' lang='lat' dir='ltr'><strong>concilia,</strong></span> <span class='ocrx_word' id='word_1_693' title='bbox 1366 4588 1460 4673; x_wconf 89' lang='lat' dir='ltr'><strong>lapsa</strong></span> <span class='ocrx_word' id='word_1_694' title='bbox 1480 4590 1580 4656; x_wconf 74' lang='lat' dir='ltr'><strong>baisse</strong></span> <span class='ocrx_word' id='word_1_695' title='bbox 1601 4591 1778 4657; x_wconf 85' lang='lat' dir='ltr'><strong>verisimile</strong></span> <span class='ocrx_word' id='word_1_696' title='bbox 1800 4589 1870 4657; x_wconf 82' lang='lat' dir='ltr'><strong>est?</strong></span> 
     </span>
     <span class='ocr_line' id='line_1_50' title="bbox 169 4674 2180 4762; baseline 0 -21"><span class='ocrx_word' id='word_1_697' title='bbox 169 4696 262 4741; x_wconf 84' lang='lat' dir='ltr'><strong>seam</strong></span> <span class='ocrx_word' id='word_1_698' title='bbox 283 4684 317 4741; x_wconf 93' lang='lat' dir='ltr'><strong>et</strong></span> <span class='ocrx_word' id='word_1_699' title='bbox 338 4677 423 4759; x_wconf 89' lang='lat' dir='ltr'><strong>qu‘od</strong></span> <span class='ocrx_word' id='word_1_700' title='bbox 445 4699 510 4743; x_wconf 92' lang='lat' dir='ltr'><strong>uno</strong></span> <span class='ocrx_word' id='word_1_701' title='bbox 528 4678 662 4744; x_wconf 89' lang='lat' dir='ltr'><strong>coneilio</strong></span> <span class='ocrx_word' id='word_1_702' title='bbox 683 4674 728 4762; x_wconf 86' lang='lat' dir='ltr'><strong>[p.</strong></span> <span class='ocrx_word' id='word_1_703' title='bbox 748 4674 825 4762; x_wconf 85' lang='grc'>447]</span> <span class='ocrx_word' id='word_1_704' title='bbox 844 4676 1057 4757; x_wconf 85' lang='lat' dir='ltr'><strong>constitutum</strong></span> <span class='ocrx_word' id='word_1_705' title='bbox 1078 4678 1149 4741; x_wconf 87' lang='lat' dir='ltr'><strong>fue-</strong></span> <span class='ocrx_word' id='word_1_706' title='bbox 1286 4675 1424 4759; x_wconf 90' lang='lat' dir='ltr'><strong>Ineptus</strong></span> <span class='ocrx_word' id='word_1_707' title='bbox 1456 4676 1540 4742; x_wconf 78' lang='lat' dir='ltr'><strong>forte</strong></span> <span class='ocrx_word' id='word_1_708' title='bbox 1573 4675 1670 4743; x_wconf 84' lang='lat' dir='ltr'><strong>alicui</strong></span> <span class='ocrx_word' id='word_1_709' title='bbox 1700 4676 1830 4756; x_wconf 84' lang='lat' dir='ltr'><strong>videar,</strong></span> <span class='ocrx_word' id='word_1_710' title='bbox 1863 4677 1920 4759; x_wconf 91' lang='lat' dir='ltr'><strong>qui</strong></span> <span class='ocrx_word' id='word_1_711' title='bbox 1948 4675 1988 4740; x_wconf 90' lang='lat' dir='ltr'><strong>de</strong></span> <span class='ocrx_word' id='word_1_712' title='bbox 2015 4695 2180 4741; x_wconf 91' lang='lat' dir='ltr'><strong>common-</strong></span> 
     </span>
     <span class='ocr_line' id='line_1_51' title="bbox 72 4755 2178 4848; baseline 0 -22"><span class='ocrx_word' id='word_1_713' title='bbox 72 4797 78 4805; x_wconf 88' lang='lat'><em>·</em></span> <span class='ocrx_word' id='word_1_714' title='bbox 167 4769 232 4840; x_wconf 88' lang='lat' dir='ltr'><strong>rat,</strong></span> <span class='ocrx_word' id='word_1_715' title='bbox 255 4760 357 4826; x_wconf 86' lang='lat' dir='ltr'><strong>altero</strong></span> <span class='ocrx_word' id='word_1_716' title='bbox 378 4763 479 4829; x_wconf 83' lang='lat' dir='ltr'><strong>fuisse</strong></span> <span class='ocrx_word' id='word_1_717' title='bbox 500 4755 788 4848; x_wconf 84' lang='lat' dir='ltr'><strong>abrogatum‘l‘In</strong></span> <span class='ocrx_word' id='word_1_718' title='bbox 811 4763 963 4842; x_wconf 88' lang='lat' dir='ltr'><strong>moribus,</strong></span> <span class='ocrx_word' id='word_1_719' title='bbox 987 4763 1147 4845; x_wconf 90' lang='lat' dir='ltr'><strong>inquiunt,</strong></span> <span class='ocrx_word' id='word_1_720' title='bbox 1201 4759 1344 4826; x_wconf 70' lang='lat' dir='ltr'><strong>suendis</strong></span> <span class='ocrx_word' id='word_1_721' title='bbox 1371 4760 1558 4828; x_wconf 90' lang='lat' dir='ltr'><strong>huiusmodi</strong></span> <span class='ocrx_word' id='word_1_722' title='bbox 1585 4762 1749 4828; x_wconf 87' lang='lat' dir='ltr'><strong>erroribus</strong></span> <span class='ocrx_word' id='word_1_723' title='bbox 1769 4761 1928 4842; x_wconf 87' lang='lat' dir='ltr'><strong>laborem,</strong></span> <span class='ocrx_word' id='word_1_724' title='bbox 1957 4782 2033 4826; x_wconf 90' lang='lat' dir='ltr'><strong>eum</strong></span> <span class='ocrx_word' id='word_1_725' title='bbox 2052 4761 2178 4826; x_wconf 84' lang='lat' dir='ltr'><strong>latean-</strong></span> 
     </span>
     <span class='ocr_line' id='line_1_52' title="bbox 168 4845 2179 4932; baseline 0 -20"><span class='ocrx_word' id='word_1_726' title='bbox 168 4847 404 4914; x_wconf 85' lang='lat' dir='ltr'><strong>eonstituendia</strong></span> <span class='ocrx_word' id='word_1_727' title='bbox 437 4849 518 4915; x_wconf 89' lang='lat' dir='ltr'><strong>haee</strong></span> <span class='ocrx_word' id='word_1_728' title='bbox 552 4871 614 4915; x_wconf 89' lang='lat' dir='ltr'><strong>usu</strong></span> <span class='ocrx_word' id='word_1_729' title='bbox 640 4848 754 4915; x_wconf 82' lang='lat' dir='ltr'><strong>venire</strong></span> <span class='ocrx_word' id='word_1_730' title='bbox 780 4846 863 4914; x_wconf 88' lang='lat' dir='ltr'><strong>solet</strong></span> <span class='ocrx_word' id='word_1_731' title='bbox 887 4846 1073 4928; x_wconf 79' lang='lat' dir='ltr'><strong>diversitas3</strong></span> <span class='ocrx_word' id='word_1_732' title='bbox 1108 4847 1149 4912; x_wconf 89' lang='lat' dir='ltr'><strong>de</strong></span> <span class='ocrx_word' id='word_1_733' title='bbox 1201 4853 1257 4912; x_wconf 88' lang='lat' dir='ltr'><strong>tur</strong></span> <span class='ocrx_word' id='word_1_734' title='bbox 1277 4845 1476 4929; x_wconf 73' lang='lat' dir='ltr'><strong>adversarii,</strong></span> <span class='ocrx_word' id='word_1_735' title='bbox 1496 4868 1607 4913; x_wconf 86' lang='lat' dir='ltr'><strong>errare</strong></span> <span class='ocrx_word' id='word_1_736' title='bbox 1629 4847 1765 4914; x_wconf 87' lang='lat' dir='ltr'><strong>concilia</strong></span> <span class='ocrx_word' id='word_1_737' title='bbox 1784 4870 1888 4932; x_wconf 91' lang='lat' dir='ltr'><strong>posse,</strong></span> <span class='ocrx_word' id='word_1_738' title='bbox 1910 4848 1947 4912; x_wconf 91' lang='lat' dir='ltr'><strong>in</strong></span> <span class='ocrx_word' id='word_1_739' title='bbox 1968 4848 2009 4913; x_wconf 93' lang='lat' dir='ltr'><strong>iis</strong></span> <span class='ocrx_word' id='word_1_740' title='bbox 2032 4856 2115 4931; x_wconf 87' lang='lat' dir='ltr'><strong>qnae</strong></span> <span class='ocrx_word' id='word_1_741' title='bbox 2137 4846 2179 4912; x_wconf 89' lang='lat' dir='ltr'><strong>ad</strong></span> 
     </span>
     <span class='ocr_line' id='line_1_53' title="bbox 168 4931 2176 5018; baseline 0 -21"><span class='ocrx_word' id='word_1_742' title='bbox 168 4933 301 5015; x_wconf 87' lang='lat' dir='ltr'><strong>quibus,</strong></span> <span class='ocrx_word' id='word_1_743' title='bbox 324 4954 384 5016; x_wconf 90' lang='lat' dir='ltr'><strong>pro</strong></span> <span class='ocrx_word' id='word_1_744' title='bbox 406 4942 590 5018; x_wconf 88' lang='lat' dir='ltr'><strong>tempomm</strong></span> <span class='ocrx_word' id='word_1_745' title='bbox 611 4935 785 5012; x_wconf 61' lang='lat' dir='ltr'><strong>variatae,</strong></span> <span class='ocrx_word' id='word_1_746' title='bbox 813 4933 903 5017; x_wconf 84' lang='lat' dir='ltr'><strong>leges</strong></span> <span class='ocrx_word' id='word_1_747' title='bbox 929 4936 1009 4999; x_wconf 86' lang='lat' dir='ltr'><strong>ferri</strong></span> <span class='ocrx_word' id='word_1_748' title='bbox 1028 4935 1146 5014; x_wconf 85' lang='lat' dir='ltr'><strong>varias,</strong></span> <span class='ocrx_word' id='word_1_749' title='bbox 1202 4931 1342 4997; x_wconf 85' lang='lat' dir='ltr'><strong>salutem</strong></span> <span class='ocrx_word' id='word_1_750' title='bbox 1373 4954 1440 4998; x_wconf 90' lang='lat' dir='ltr'><strong>non</strong></span> <span class='ocrx_word' id='word_1_751' title='bbox 1472 4941 1549 5000; x_wconf 90' lang='lat' dir='ltr'><strong>sunt</strong></span> <span class='ocrx_word' id='word_1_752' title='bbox 1580 4935 1771 5000; x_wconf 85' lang='lat' dir='ltr'><strong>necessaria</strong></span> <span class='ocrx_word' id='word_1_753' title='bbox 1827 4931 1895 4999; x_wconf 83' lang='lat' dir='ltr'><strong>Sed</strong></span> <span class='ocrx_word' id='word_1_754' title='bbox 1926 4955 2031 5017; x_wconf 91' lang='lat' dir='ltr'><strong>neque</strong></span> <span class='ocrx_word' id='word_1_755' title='bbox 2062 4953 2176 5014; x_wconf 89' lang='lat' dir='ltr'><strong>super·</strong></span> 
     </span>
     <span class='ocr_line' id='line_1_54' title="bbox 168 5018 2180 5104; baseline 0.001 -20"><span class='ocrx_word' id='word_1_756' title='bbox 168 5019 256 5084; x_wconf 91' lang='lat' dir='ltr'><strong>nihil</strong></span> <span class='ocrx_word' id='word_1_757' title='bbox 275 5026 373 5086; x_wconf 83' lang='lat' dir='ltr'><strong>vetat</strong></span> <span class='ocrx_word' id='word_1_758' title='bbox 418 5021 491 5086; x_wconf 94' lang='lat' dir='ltr'><strong>Imo</strong></span> <span class='ocrx_word' id='word_1_759' title='bbox 511 5022 547 5085; x_wconf 92' lang='lat' dir='ltr'><strong>in</strong></span> <span class='ocrx_word' id='word_1_760' title='bbox 569 5020 717 5087; x_wconf 83' lang='lat' dir='ltr'><strong>doctrina</strong></span> <span class='ocrx_word' id='word_1_761' title='bbox 732 5020 926 5104; x_wconf 84' lang='lat' dir='ltr'><strong>pugnaciter</strong></span> <span class='ocrx_word' id='word_1_762' title='bbox 946 5022 1076 5086; x_wconf 76' lang='lat' dir='ltr'><strong>venare</strong></span> <span class='ocrx_word' id='word_1_763' title='bbox 1097 5022 1149 5084; x_wconf 90' lang='lat' dir='ltr'><strong>in-</strong></span> <span class='ocrx_word' id='word_1_764' title='bbox 1202 5031 1326 5084; x_wconf 79' lang='lat' dir='ltr'><strong>vaeuus</strong></span> <span class='ocrx_word' id='word_1_765' title='bbox 1348 5025 1399 5084; x_wconf 86' lang='lat' dir='ltr'><strong>est</strong></span> <span class='ocrx_word' id='word_1_766' title='bbox 1419 5019 1474 5086; x_wconf 91' lang='lat' dir='ltr'><strong>hic</strong></span> <span class='ocrx_word' id='word_1_767' title='bbox 1494 5019 1601 5100; x_wconf 88' lang='lat' dir='ltr'><strong>labor;</strong></span> <span class='ocrx_word' id='word_1_768' title='bbox 1623 5020 1754 5084; x_wconf 83' lang='lat' dir='ltr'><strong>tametsi</strong></span> <span class='ocrx_word' id='word_1_769' title='bbox 1776 5020 1863 5084; x_wconf 92' lang='lat' dir='ltr'><strong>enim</strong></span> <span class='ocrx_word' id='word_1_770' title='bbox 1885 5021 2002 5099; x_wconf 86' lang='lat' dir='ltr'><strong>eoacti,</strong></span> <span class='ocrx_word' id='word_1_771' title='bbox 2024 5019 2124 5085; x_wconf 86' lang='lat' dir='ltr'><strong>verbo</strong></span> <span class='ocrx_word' id='word_1_772' title='bbox 2145 5018 2180 5086; x_wconf 89' lang='lat' dir='ltr'><strong>id</strong></span> 
     </span>
     <span class='ocr_line' id='line_1_55' title="bbox 167 5102 2179 5190; baseline 0.001 -21"><span class='ocrx_word' id='word_1_773' title='bbox 167 5102 302 5169; x_wconf 75' lang='lat' dir='ltr'><strong>tardum</strong></span> <span class='ocrx_word' id='word_1_774' title='bbox 327 5105 399 5170; x_wconf 85' lang='lat' dir='ltr'><strong>visa</strong></span> <span class='ocrx_word' id='word_1_775' title='bbox 426 5114 511 5172; x_wconf 87' lang='lat' dir='ltr'><strong>sunt.</strong></span> <span class='ocrx_word' id='word_1_776' title='bbox 555 5107 603 5173; x_wconf 91' lang='lat' dir='ltr'><strong>Ut</strong></span> <span class='ocrx_word' id='word_1_777' title='bbox 623 5105 1033 5188; x_wconf 75' lang='lat' dir='ltr'><strong>Constantinopolitanum,</strong></span> <span class='ocrx_word' id='word_1_778' title='bbox 1062 5104 1148 5190; x_wconf 92' lang='lat' dir='ltr'><strong>quod</strong></span> <span class='ocrx_word' id='word_1_779' title='bbox 1201 5103 1331 5187; x_wconf 89' lang='lat' dir='ltr'><strong>quidem</strong></span> <span class='ocrx_word' id='word_1_780' title='bbox 1370 5105 1529 5186; x_wconf 84' lang='lat' dir='ltr'><strong>fatentur,</strong></span> <span class='ocrx_word' id='word_1_781' title='bbox 1567 5126 1643 5172; x_wconf 88' lang='lat' dir='ltr'><strong>oum</strong></span> <span class='ocrx_word' id='word_1_782' title='bbox 1674 5110 1785 5169; x_wconf 87' lang='lat' dir='ltr'><strong>temen</strong></span> <span class='ocrx_word' id='word_1_783' title='bbox 1812 5127 1942 5171; x_wconf 92' lang='lat' dir='ltr'><strong>omnem</strong></span> <span class='ocrx_word' id='word_1_784' title='bbox 1969 5105 2179 5172; x_wconf 89' lang='lat' dir='ltr'><strong>conciliorum</strong></span> 
     </span>
     <span class='ocr_line' id='line_1_56' title="bbox 168 5189 2176 5276; baseline 0.001 -20"><span class='ocrx_word' id='word_1_785' title='bbox 168 5191 244 5256; x_wconf 82' lang='lat' dir='ltr'><strong>Leo</strong></span> <span class='ocrx_word' id='word_1_786' title='bbox 263 5191 447 5273; x_wconf 88' lang='lat' dir='ltr'><strong>Imperator</strong></span> <span class='ocrx_word' id='word_1_787' title='bbox 467 5200 627 5276; x_wconf 85' lang='lat' dir='ltr'><strong>coegerat,</strong></span> <span class='ocrx_word' id='word_1_788' title='bbox 647 5199 682 5257; x_wconf 89' lang='lat' dir='ltr'><strong>et</strong></span> <span class='ocrx_word' id='word_1_789' title='bbox 702 5193 893 5271; x_wconf 89' lang='lat' dir='ltr'><strong>Nioaenum,</strong></span> <span class='ocrx_word' id='word_1_790' title='bbox 938 5192 1002 5258; x_wconf 90' lang='lat' dir='ltr'><strong>uod</strong></span> <span class='ocrx_word' id='word_1_791' title='bbox 1023 5193 1149 5257; x_wconf 88' lang='lat' dir='ltr'><strong>ineius</strong></span> <span class='ocrx_word' id='word_1_792' title='bbox 1202 5189 1521 5270; x_wconf 88' lang='lat' dir='ltr'><strong>determinationem,</strong></span> <span class='ocrx_word' id='word_1_793' title='bbox 1548 5193 1584 5255; x_wconf 88' lang='lat' dir='ltr'><strong>in</strong></span> <span class='ocrx_word' id='word_1_794' title='bbox 1612 5212 1649 5254; x_wconf 89' lang='lat' dir='ltr'><strong>re</strong></span> <span class='ocrx_word' id='word_1_795' title='bbox 1675 5190 1832 5272; x_wconf 87' lang='lat' dir='ltr'><strong>qualibet,</strong></span> <span class='ocrx_word' id='word_1_796' title='bbox 1861 5192 1951 5257; x_wconf 92' lang='lat' dir='ltr'><strong>nullo</strong></span> <span class='ocrx_word' id='word_1_797' title='bbox 1980 5191 2176 5272; x_wconf 88' lang='lat' dir='ltr'><strong>discrimine,</strong></span> 
     </span>
     <span class='ocr_line' id='line_1_57' title="bbox 166 5213 2180 5363; baseline 0.001 -22"><span class='ocrx_word' id='word_1_798' title='bbox 166 5275 330 5342; x_wconf 78' lang='lat' dir='ltr'><strong>invidiam</strong></span> <span class='ocrx_word' id='word_1_799' title='bbox 342 5277 439 5344; x_wconf 86' lang='lat' dir='ltr'><strong>Irene</strong></span> <span class='ocrx_word' id='word_1_800' title='bbox 459 5285 573 5362; x_wconf 84' lang='lat' dir='ltr'><strong>postea</strong></span> <span class='ocrx_word' id='word_1_801' title='bbox 593 5279 732 5363; x_wconf 87' lang='lat' dir='ltr'><strong>collegit,</strong></span> <span class='ocrx_word' id='word_1_802' title='bbox 754 5298 893 5362; x_wconf 91' lang='lat' dir='ltr'><strong>quorum</strong></span> <span class='ocrx_word' id='word_1_803' title='bbox 910 5213 1050 5344; x_wconf 77' lang='lat' dir='ltr'><strong>‹ilterum</strong></span> <span class='ocrx_word' id='word_1_804' title='bbox 1072 5277 1148 5344; x_wconf 89' lang='lat' dir='ltr'><strong>sub-</strong></span> <span class='ocrx_word' id='word_1_805' title='bbox 1200 5297 1261 5360; x_wconf 86' lang='lat' dir='ltr'><strong>pro</strong></span> <span class='ocrx_word' id='word_1_806' title='bbox 1293 5275 1426 5359; x_wconf 88' lang='lat' dir='ltr'><strong>spiritus</strong></span> <span class='ocrx_word' id='word_1_807' title='bbox 1458 5277 1563 5343; x_wconf 86' lang='lat' dir='ltr'><strong>saneti</strong></span> <span class='ocrx_word' id='word_1_808' title='bbox 1594 5275 1724 5341; x_wconf 89' lang='lat' dir='ltr'><strong>oraculo</strong></span> <span class='ocrx_word' id='word_1_809' title='bbox 1756 5277 1854 5344; x_wconf 89' lang='lat' dir='ltr'><strong>nobis.</strong></span> <span class='ocrx_word' id='word_1_810' title='bbox 1882 5278 2073 5359; x_wconf 85' lang='lat' dir='ltr'><strong>obtrudant,</strong></span> <span class='ocrx_word' id='word_1_811' title='bbox 2106 5279 2180 5363; x_wconf 88' lang='lat' dir='ltr'><strong>plus</strong></span> 
     </span>
    </p>
   </div>
   <div class='ocr_carea' id='block_1_5' title="bbox 0 0 2390 6023">
    <p class='ocr_par' dir='ltr' id='par_1_5' title="bbox 0 0 2390 6023">
     <span class='ocr_line' id='line_1_58' title="bbox 0 0 2390 6023; baseline 0 0"><span class='ocrx_word' id='word_1_812' title='bbox 0 0 2390 6023; x_wconf 95' lang='lat' dir='ltr'><strong> </strong></span> 
     </span>
    </p>
   </div>
  </div>
 </body>
</html>
