<?xml version="1.0" encoding="UTF-8"?>
<!DOCTYPE html PUBLIC "-//W3C//DTD XHTML 1.0 Transitional//EN"
    "http://www.w3.org/TR/xhtml1/DTD/xhtml1-transitional.dtd">
<html xmlns="http://www.w3.org/1999/xhtml" xml:lang="en" lang="en">
 <head>
  <title>
</title>
<meta http-equiv="Content-Type" content="text/html;charset=utf-8" />
  <meta name='ocr-system' content='tesseract 3.04.00' />
  <meta name='ocr-capabilities' content='ocr_page ocr_carea ocr_par ocr_line ocrx_word'/>
</head>
<body>
  <div class='ocr_page' id='page_1' title='image "./ioanniscalvinio05calvgoog/ioanniscalvinio05calvgoog_0567.png"; bbox 0 0 4732 6030; ppageno 0'>
   <div class='ocr_carea' id='block_1_1' title="bbox 171 258 2188 388">
    <p class='ocr_par' dir='ltr' id='par_1_1' title="bbox 171 258 2188 388">
     <span class='ocr_line' id='line_1_1' title="bbox 171 258 2188 388; baseline -0.002 -5"><span class='ocrx_word' id='word_1_1' title='bbox 171 325 241 388; x_wconf 82' lang='grc'>,999</span> <span class='ocrx_word' id='word_1_2' title='bbox 753 315 1018 384; x_wconf 71' lang='lat' dir='ltr'>marmure</span> <span class='ocrx_word' id='word_1_3' title='bbox 1040 258 1145 383; x_wconf 72' lang='lat' dir='ltr'>aaa.</span> <span class='ocrx_word' id='word_1_4' title='bbox 1167 316 1347 384; x_wconf 79' lang='lat' dir='ltr'>oflalsu.</span> <span class='ocrx_word' id='word_1_5' title='bbox 1370 298 1602 386; x_wconf 66' lang='lat' dir='ltr'>rrae-Lissa</span> <span class='ocrx_word' id='word_1_6' title='bbox 2120 317 2188 379; x_wconf 89' lang='grc'>999</span> 
     </span>
    </p>
   </div>
   <div class='ocr_carea' id='block_1_2' title="bbox 92 414 2194 5051">
    <p class='ocr_par' dir='ltr' id='par_1_2' title="bbox 144 414 2193 2559">
     <span class='ocr_line' id='line_1_2' title="bbox 1040 426 2189 500; baseline -0.002 -20"><span class='ocrx_word' id='word_1_7' title='bbox 1040 455 1054 493; x_wconf 85' lang='grc'>.</span> <span class='ocrx_word' id='word_1_8' title='bbox 1817 426 2189 500; x_wconf 60' lang='lat' dir='ltr'>aremarensem.</span> 
     </span>
     <span class='ocr_line' id='line_1_3' title="bbox 178 414 2187 591; baseline -0.003 -17"><span class='ocrx_word' id='word_1_9' title='bbox 178 531 297 575; x_wconf 87' lang='lat' dir='ltr'>norum</span> <span class='ocrx_word' id='word_1_10' title='bbox 324 510 517 591; x_wconf 77' lang='lat' dir='ltr'><strong>participem</strong></span> <span class='ocrx_word' id='word_1_11' title='bbox 542 508 623 572; x_wconf 91' lang='lat' dir='ltr'>fieri.</span> <span class='ocrx_word' id='word_1_12' title='bbox 672 507 769 572; x_wconf 90' lang='lat' dir='ltr'>Nune</span> <span class='ocrx_word' id='word_1_13' title='bbox 803 506 855 571; x_wconf 88' lang='lat' dir='ltr'>his</span> <span class='ocrx_word' id='word_1_14' title='bbox 882 506 1012 571; x_wconf 88' lang='lat' dir='ltr'>omissis</span> <span class='ocrx_word' id='word_1_15' title='bbox 1039 507 1157 588; x_wconf 90' lang='lat' dir='ltr'>quibus</span> <span class='ocrx_word' id='word_1_16' title='bbox 1209 512 1301 589; x_wconf 88' lang='lat' dir='ltr'>parte</span> <span class='ocrx_word' id='word_1_17' title='bbox 1323 505 1534 571; x_wconf 89' lang='lat' dir='ltr'>sustinendae</span> <span class='ocrx_word' id='word_1_18' title='bbox 1555 511 1686 569; x_wconf 86' lang='lat' dir='ltr'>nostrae</span> <span class='ocrx_word' id='word_1_19' title='bbox 1707 414 1924 570; x_wconf 63' lang='lat' dir='ltr'>instellant</span> <span class='ocrx_word' id='word_1_20' title='bbox 1944 503 2110 568; x_wconf 86' lang='lat' dir='ltr'>Dominus</span> <span class='ocrx_word' id='word_1_21' title='bbox 2131 504 2187 568; x_wconf 92' lang='lat' dir='ltr'>in-</span> 
     </span>
     <span class='ocr_line' id='line_1_4' title="bbox 180 591 2188 676; baseline -0.002 -16"><span class='ocrx_word' id='word_1_22' title='bbox 180 602 310 660; x_wconf 90' lang='lat' dir='ltr'>tantum</span> <span class='ocrx_word' id='word_1_23' title='bbox 336 596 443 658; x_wconf 89' lang='lat' dir='ltr'>inerat</span> <span class='ocrx_word' id='word_1_24' title='bbox 463 594 636 672; x_wconf 80' lang='lat' dir='ltr'><strong>momenti,</strong></span> <span class='ocrx_word' id='word_1_25' title='bbox 660 594 726 656; x_wconf 94' lang='lat' dir='ltr'>imo</span> <span class='ocrx_word' id='word_1_26' title='bbox 748 592 906 676; x_wconf 86' lang='lat' dir='ltr'>neglectis</span> <span class='ocrx_word' id='word_1_27' title='bbox 928 598 961 657; x_wconf 92' lang='lat' dir='ltr'>et</span> <span class='ocrx_word' id='word_1_28' title='bbox 982 611 1086 675; x_wconf 90' lang='lat' dir='ltr'>paene</span> <span class='ocrx_word' id='word_1_29' title='bbox 1106 613 1157 657; x_wconf 91' lang='lat' dir='ltr'>se·</span> <span class='ocrx_word' id='word_1_30' title='bbox 1209 591 1331 675; x_wconf 88' lang='lat' dir='ltr'>dulget.</span> <span class='ocrx_word' id='word_1_31' title='bbox 1375 591 1462 655; x_wconf 91' lang='lat' dir='ltr'>Nam</span> <span class='ocrx_word' id='word_1_32' title='bbox 1483 599 1521 655; x_wconf 92' lang='lat' dir='ltr'>ut</span> <span class='ocrx_word' id='word_1_33' title='bbox 1540 591 1678 655; x_wconf 88' lang='lat' dir='ltr'>interior</span> <span class='ocrx_word' id='word_1_34' title='bbox 1697 592 1827 655; x_wconf 87' lang='lat' dir='ltr'>animae</span> <span class='ocrx_word' id='word_1_35' title='bbox 1848 591 2010 674; x_wconf 88' lang='lat' dir='ltr'>purgatio,</span> <span class='ocrx_word' id='word_1_36' title='bbox 2031 610 2090 671; x_wconf 91' lang='lat' dir='ltr'>per</span> <span class='ocrx_word' id='word_1_37' title='bbox 2112 609 2188 655; x_wconf 90' lang='lat' dir='ltr'>cor-</span> 
     </span>
     <span class='ocr_line' id='line_1_5' title="bbox 181 675 2187 765; baseline -0.002 -19"><span class='ocrx_word' id='word_1_38' title='bbox 181 682 296 765; x_wconf 91' lang='lat' dir='ltr'>pultis,</span> <span class='ocrx_word' id='word_1_39' title='bbox 320 678 401 744; x_wconf 88' lang='lat' dir='ltr'>haee</span> <span class='ocrx_word' id='word_1_40' title='bbox 422 701 490 744; x_wconf 91' lang='lat' dir='ltr'>una</span> <span class='ocrx_word' id='word_1_41' title='bbox 511 679 642 761; x_wconf 86' lang='lat' dir='ltr'>spinosa</span> <span class='ocrx_word' id='word_1_42' title='bbox 664 679 809 761; x_wconf 82' lang='lat' dir='ltr'>quaestio</span> <span class='ocrx_word' id='word_1_43' title='bbox 832 677 1053 761; x_wconf 77' lang='lat' dir='ltr'>depugnatur:</span> <span class='ocrx_word' id='word_1_44' title='bbox 1077 698 1157 759; x_wconf 90' lang='lat' dir='ltr'>quo-</span> <span class='ocrx_word' id='word_1_45' title='bbox 1208 697 1344 760; x_wconf 89' lang='lat' dir='ltr'>poream</span> <span class='ocrx_word' id='word_1_46' title='bbox 1371 676 1571 741; x_wconf 90' lang='lat' dir='ltr'>ablutionem</span> <span class='ocrx_word' id='word_1_47' title='bbox 1598 678 1632 741; x_wconf 93' lang='lat' dir='ltr'>in</span> <span class='ocrx_word' id='word_1_48' title='bbox 1655 676 1817 758; x_wconf 91' lang='lat' dir='ltr'>baptismo</span> <span class='ocrx_word' id='word_1_49' title='bbox 1839 675 2026 759; x_wconf 89' lang='lat' dir='ltr'>designata,</span> <span class='ocrx_word' id='word_1_50' title='bbox 2052 676 2187 758; x_wconf 88' lang='lat' dir='ltr'>piorum</span> 
     </span>
     <span class='ocr_line' id='line_1_6' title="bbox 179 760 2189 847; baseline -0.003 -16"><span class='ocrx_word' id='word_1_51' title='bbox 179 765 276 831; x_wconf 91' lang='lat' dir='ltr'>modo</span> <span class='ocrx_word' id='word_1_52' title='bbox 307 785 423 847; x_wconf 91' lang='lat' dir='ltr'>corpus</span> <span class='ocrx_word' id='word_1_53' title='bbox 457 785 476 828; x_wconf 97' lang='grc'>9</span> <span class='ocrx_word' id='word_1_54' title='bbox 503 765 597 830; x_wconf 88' lang='grc'>991919</span> <span class='ocrx_word' id='word_1_55' title='bbox 624 763 777 830; x_wconf 79' lang='lat' dir='ltr'><strong>voretur?</strong></span> <span class='ocrx_word' id='word_1_56' title='bbox 796 763 820 846; x_wconf 92' lang='lat'>¹)</span> <span class='ocrx_word' id='word_1_57' title='bbox 876 760 951 844; x_wconf 80' lang='lat' dir='ltr'>Quo</span> <span class='ocrx_word' id='word_1_58' title='bbox 982 771 1094 827; x_wconf 91' lang='lat' dir='ltr'>tamen</span> <span class='ocrx_word' id='word_1_59' title='bbox 1122 764 1157 827; x_wconf 93' lang='lat' dir='ltr'>in</span> <span class='ocrx_word' id='word_1_60' title='bbox 1206 762 1361 828; x_wconf 86' lang='lat' dir='ltr'>cordibus</span> <span class='ocrx_word' id='word_1_61' title='bbox 1382 763 1486 826; x_wconf 88' lang='lat' dir='ltr'>multo</span> <span class='ocrx_word' id='word_1_62' title='bbox 1509 763 1629 828; x_wconf 89' lang='lat' dir='ltr'>certius</span> <span class='ocrx_word' id='word_1_63' title='bbox 1647 761 1847 846; x_wconf 79' lang='lat' dir='ltr'>obsignatur,</span> <span class='ocrx_word' id='word_1_64' title='bbox 1869 761 1917 825; x_wconf 91' lang='lat' dir='ltr'>ita</span> <span class='ocrx_word' id='word_1_65' title='bbox 1932 761 1968 825; x_wconf 92' lang='lat' dir='ltr'>in</span> <span class='ocrx_word' id='word_1_66' title='bbox 1987 761 2189 829; x_wconf 69' lang='lat' dir='ltr'>eucharistia</span> 
     </span>
     <span class='ocr_line' id='line_1_7' title="bbox 180 840 2187 938; baseline -0.002 -23"><span class='ocrx_word' id='word_1_67' title='bbox 180 858 274 916; x_wconf 90' lang='lat' dir='ltr'>tanta</span> <span class='ocrx_word' id='word_1_68' title='bbox 301 852 490 932; x_wconf 86' lang='lat' dir='ltr'>opinionum</span> <span class='ocrx_word' id='word_1_69' title='bbox 523 850 622 914; x_wconf 91' lang='lat' dir='ltr'>turba</span> <span class='ocrx_word' id='word_1_70' title='bbox 656 859 689 914; x_wconf 91' lang='lat' dir='ltr'>et</span> <span class='ocrx_word' id='word_1_71' title='bbox 720 849 880 915; x_wconf 82' lang='lat' dir='ltr'>varietata</span> <span class='ocrx_word' id='word_1_72' title='bbox 912 870 979 913; x_wconf 90' lang='lat' dir='ltr'>una</span> <span class='ocrx_word' id='word_1_73' title='bbox 1007 855 1157 931; x_wconf 86' lang='lat' dir='ltr'>certaque</span> <span class='ocrx_word' id='word_1_74' title='bbox 1208 850 1313 933; x_wconf 90' lang='grc'>99919,</span> <span class='ocrx_word' id='word_1_75' title='bbox 1337 840 1379 912; x_wconf 91' lang='lat' dir='ltr'>ad</span> <span class='ocrx_word' id='word_1_76' title='bbox 1399 848 1589 913; x_wconf 90' lang='lat' dir='ltr'>testandum</span> <span class='ocrx_word' id='word_1_77' title='bbox 1610 847 1738 930; x_wconf 91' lang='lat' dir='ltr'>quode</span> <span class='ocrx_word' id='word_1_78' title='bbox 1767 846 1892 912; x_wconf 80' lang='lat' dir='ltr'>Christi</span> <span class='ocrx_word' id='word_1_79' title='bbox 1919 868 2017 938; x_wconf 89' lang='lat' dir='ltr'>carne</span> <span class='ocrx_word' id='word_1_80' title='bbox 2044 849 2187 931; x_wconf 89' lang='lat' dir='ltr'>pereipi-</span> 
     </span>
     <span class='ocr_line' id='line_1_8' title="bbox 178 933 2187 1019; baseline -0.001 -19"><span class='ocrx_word' id='word_1_81' title='bbox 178 936 243 1000; x_wconf 88' lang='lat' dir='ltr'>Dei</span> <span class='ocrx_word' id='word_1_82' title='bbox 265 935 387 1000; x_wconf 80' lang='lat' dir='ltr'>veritas</span> <span class='ocrx_word' id='word_1_83' title='bbox 416 937 510 1001; x_wconf 89' lang='lat' dir='ltr'>nobis</span> <span class='ocrx_word' id='word_1_84' title='bbox 538 942 675 1000; x_wconf 89' lang='lat' dir='ltr'>constet:</span> <span class='ocrx_word' id='word_1_85' title='bbox 703 936 882 1019; x_wconf 87' lang='lat' dir='ltr'>cogitemus</span> <span class='ocrx_word' id='word_1_86' title='bbox 909 936 1068 1017; x_wconf 90' lang='lat' dir='ltr'>primum,</span> <span class='ocrx_word' id='word_1_87' title='bbox 1091 935 1157 1016; x_wconf 91' lang='lat' dir='ltr'>spi·</span> <span class='ocrx_word' id='word_1_88' title='bbox 1208 941 1263 997; x_wconf 91' lang='lat' dir='ltr'>tur</span> <span class='ocrx_word' id='word_1_89' title='bbox 1285 933 1454 1015; x_wconf 83' lang='lat' dir='ltr'>spirituale</span> <span class='ocrx_word' id='word_1_90' title='bbox 1476 933 1682 1012; x_wconf 78' lang='lat' dir='ltr'>alimentum,</span> <span class='ocrx_word' id='word_1_91' title='bbox 1710 955 1777 998; x_wconf 92' lang='lat' dir='ltr'>non</span> <span class='ocrx_word' id='word_1_92' title='bbox 1798 953 1917 1016; x_wconf 90' lang='lat' dir='ltr'>parum</span> <span class='ocrx_word' id='word_1_93' title='bbox 1938 933 2095 997; x_wconf 81' lang='lat' dir='ltr'>momenti</span> <span class='ocrx_word' id='word_1_94' title='bbox 2123 933 2187 998; x_wconf 85' lang='lat' dir='ltr'>ha·</span> 
     </span>
     <span class='ocr_line' id='line_1_9' title="bbox 180 1017 2185 1104; baseline -0 -19"><span class='ocrx_word' id='word_1_95' title='bbox 180 1021 298 1086; x_wconf 90' lang='lat' dir='ltr'>rituale</span> <span class='ocrx_word' id='word_1_96' title='bbox 326 1021 482 1104; x_wconf 87' lang='lat' dir='ltr'>quiddam</span> <span class='ocrx_word' id='word_1_97' title='bbox 510 1043 580 1086; x_wconf 90' lang='lat' dir='ltr'>esse</span> <span class='ocrx_word' id='word_1_98' title='bbox 608 1027 865 1099; x_wconf 89' lang='lat' dir='ltr'>sacramentum,</span> <span class='ocrx_word' id='word_1_99' title='bbox 900 1041 964 1102; x_wconf 93' lang='lat' dir='ltr'>quo</span> <span class='ocrx_word' id='word_1_100' title='bbox 991 1020 1157 1085; x_wconf 84' lang='lat' dir='ltr'>Dominus</span> <span class='ocrx_word' id='word_1_101' title='bbox 1207 1020 1270 1085; x_wconf 92' lang='lat' dir='ltr'>bet.</span> <span class='ocrx_word' id='word_1_102' title='bbox 1315 1018 1389 1083; x_wconf 92' lang='lat' dir='ltr'>Iam</span> <span class='ocrx_word' id='word_1_103' title='bbox 1410 1041 1474 1101; x_wconf 92' lang='lat' dir='ltr'>qua</span> <span class='ocrx_word' id='word_1_104' title='bbox 1495 1020 1621 1084; x_wconf 91' lang='lat' dir='ltr'>ratione</span> <span class='ocrx_word' id='word_1_105' title='bbox 1643 1019 1811 1103; x_wconf 89' lang='lat' dir='ltr'>colligeret</span> <span class='ocrx_word' id='word_1_106' title='bbox 1832 1018 1959 1083; x_wconf 88' lang='lat' dir='ltr'>Paulus</span> <span class='ocrx_word' id='word_1_107' title='bbox 1981 1018 2014 1102; x_wconf 85' lang='lat'>(1</span> <span class='ocrx_word' id='word_1_108' title='bbox 2036 1017 2111 1083; x_wconf 91' lang='lat' dir='ltr'>Cor.</span> <span class='ocrx_word' id='word_1_109' title='bbox 2134 1023 2185 1099; x_wconf 92' lang='lat'>10,</span> 
     </span>
     <span class='ocr_line' id='line_1_10' title="bbox 163 1106 2185 1188; baseline 0 -18"><span class='ocrx_word' id='word_1_110' title='bbox 163 1128 245 1170; x_wconf 83' lang='grc'>999</span> <span class='ocrx_word' id='word_1_111' title='bbox 266 1115 401 1172; x_wconf 84' lang='lat' dir='ltr'>ventres</span> <span class='ocrx_word' id='word_1_112' title='bbox 422 1114 552 1172; x_wconf 87' lang='lat' dir='ltr'>nostros</span> <span class='ocrx_word' id='word_1_113' title='bbox 574 1106 632 1171; x_wconf 90' lang='lat' dir='ltr'>sed</span> <span class='ocrx_word' id='word_1_114' title='bbox 654 1107 779 1170; x_wconf 86' lang='lat' dir='ltr'>animas</span> <span class='ocrx_word' id='word_1_115' title='bbox 800 1126 932 1188; x_wconf 88' lang='lat' dir='ltr'>pascere</span> <span class='ocrx_word' id='word_1_116' title='bbox 954 1106 1068 1170; x_wconf 87' lang='lat' dir='ltr'>voluit.</span> <span class='ocrx_word' id='word_1_117' title='bbox 1106 1106 1156 1171; x_wconf 80' lang='lat' dir='ltr'>Ac</span> <span class='ocrx_word' id='word_1_118' title='bbox 1211 1106 1265 1188; x_wconf 86' lang='grc'>17)</span> <span class='ocrx_word' id='word_1_119' title='bbox 1288 1126 1349 1168; x_wconf 91' lang='grc'>999</span> <span class='ocrx_word' id='word_1_120' title='bbox 1371 1125 1484 1170; x_wconf 90' lang='lat' dir='ltr'>omnes</span> <span class='ocrx_word' id='word_1_121' title='bbox 1511 1126 1630 1188; x_wconf 91' lang='lat' dir='ltr'>panem</span> <span class='ocrx_word' id='word_1_122' title='bbox 1652 1126 1756 1170; x_wconf 90' lang='lat' dir='ltr'>unum</span> <span class='ocrx_word' id='word_1_123' title='bbox 1778 1126 1816 1170; x_wconf 88' lang='lat' dir='ltr'>ao</span> <span class='ocrx_word' id='word_1_124' title='bbox 1836 1125 1954 1187; x_wconf 88' lang='lat' dir='ltr'>corpus</span> <span class='ocrx_word' id='word_1_125' title='bbox 1976 1125 2081 1168; x_wconf 91' lang='lat' dir='ltr'>unum</span> <span class='ocrx_word' id='word_1_126' title='bbox 2103 1125 2185 1185; x_wconf 89' lang='grc'>9999,</span> 
     </span>
     <span class='ocr_line' id='line_1_11' title="bbox 181 1190 2186 1275; baseline -0.001 -17"><span class='ocrx_word' id='word_1_127' title='bbox 181 1191 353 1258; x_wconf 75' lang='lat' dir='ltr'>Christum</span> <span class='ocrx_word' id='word_1_128' title='bbox 372 1193 407 1256; x_wconf 93' lang='lat' dir='ltr'>in</span> <span class='ocrx_word' id='word_1_129' title='bbox 430 1212 468 1256; x_wconf 92' lang='lat' dir='ltr'>eo</span> <span class='ocrx_word' id='word_1_130' title='bbox 491 1211 695 1274; x_wconf 89' lang='lat' dir='ltr'>quaeramus,</span> <span class='ocrx_word' id='word_1_131' title='bbox 718 1212 785 1256; x_wconf 93' lang='lat' dir='ltr'>non</span> <span class='ocrx_word' id='word_1_132' title='bbox 806 1201 918 1256; x_wconf 89' lang='lat' dir='ltr'>nostro</span> <span class='ocrx_word' id='word_1_133' title='bbox 935 1192 1073 1273; x_wconf 77' lang='lat' dir='ltr'>corpori,</span> <span class='ocrx_word' id='word_1_134' title='bbox 1096 1213 1156 1257; x_wconf 92' lang='lat' dir='ltr'>nec</span> <span class='ocrx_word' id='word_1_135' title='bbox 1207 1191 1265 1275; x_wconf 92' lang='lat' dir='ltr'>qui</span> <span class='ocrx_word' id='word_1_136' title='bbox 1285 1212 1406 1274; x_wconf 90' lang='lat' dir='ltr'>panem</span> <span class='ocrx_word' id='word_1_137' title='bbox 1428 1212 1531 1255; x_wconf 91' lang='lat' dir='ltr'>unum</span> <span class='ocrx_word' id='word_1_138' title='bbox 1557 1191 1656 1256; x_wconf 88' lang='lat' dir='ltr'>simul</span> <span class='ocrx_word' id='word_1_139' title='bbox 1682 1190 1931 1274; x_wconf 89' lang='lat' dir='ltr'>participamus,</span> <span class='ocrx_word' id='word_1_140' title='bbox 1959 1190 1989 1255; x_wconf 89' lang='lat' dir='ltr'>si</span> <span class='ocrx_word' id='word_1_141' title='bbox 2017 1197 2186 1272; x_wconf 87' lang='lat' dir='ltr'>spectrum</span> 
     </span>
     <span class='ocr_line' id='line_1_12' title="bbox 144 1275 2186 1360; baseline -0 -17"><span class='ocrx_word' id='word_1_142' title='bbox 144 1281 148 1288; x_wconf 67' lang='grc'><strong>“</strong></span> <span class='ocrx_word' id='word_1_143' title='bbox 180 1285 218 1343; x_wconf 90' lang='grc'>99</span> <span class='ocrx_word' id='word_1_144' title='bbox 238 1278 386 1343; x_wconf 83' lang='lat' dir='ltr'>sensibus</span> <span class='ocrx_word' id='word_1_145' title='bbox 409 1278 515 1342; x_wconf 90' lang='lat' dir='ltr'>carnis</span> <span class='ocrx_word' id='word_1_146' title='bbox 536 1284 668 1343; x_wconf 89' lang='lat' dir='ltr'>nostrae</span> <span class='ocrx_word' id='word_1_147' title='bbox 690 1277 923 1360; x_wconf 77' lang='lat' dir='ltr'>comprehendi</span> <span class='ocrx_word' id='word_1_148' title='bbox 950 1283 1071 1359; x_wconf 81' lang='lat' dir='ltr'>potest3</span> <span class='ocrx_word' id='word_1_149' title='bbox 1099 1277 1157 1342; x_wconf 90' lang='lat' dir='ltr'>sed</span> <span class='ocrx_word' id='word_1_150' title='bbox 1207 1277 1302 1359; x_wconf 90' lang='lat' dir='ltr'>panis</span> <span class='ocrx_word' id='word_1_151' title='bbox 1324 1275 1493 1355; x_wconf 79' lang='lat' dir='ltr'>duntaxat,</span> <span class='ocrx_word' id='word_1_152' title='bbox 1515 1297 1553 1341; x_wconf 92' lang='grc'>99</span> <span class='ocrx_word' id='word_1_153' title='bbox 1574 1297 1641 1340; x_wconf 89' lang='grc'>999</span> <span class='ocrx_word' id='word_1_154' title='bbox 1662 1277 1770 1359; x_wconf 89' lang='grc'>999199</span> <span class='ocrx_word' id='word_1_155' title='bbox 1788 1276 1948 1341; x_wconf 82' lang='lat' dir='ltr'>naturalis</span> <span class='ocrx_word' id='word_1_156' title='bbox 1969 1275 2093 1341; x_wconf 86' lang='lat' dir='ltr'>veritas</span> <span class='ocrx_word' id='word_1_157' title='bbox 2113 1297 2186 1342; x_wconf 84' lang='lat' dir='ltr'>ma-</span> 
     </span>
     <span class='ocr_line' id='line_1_13' title="bbox 181 1361 2186 1446; baseline 0 -18"><span class='ocrx_word' id='word_1_158' title='bbox 181 1363 229 1428; x_wconf 89' lang='grc'>919</span> <span class='ocrx_word' id='word_1_159' title='bbox 251 1371 288 1427; x_wconf 90' lang='grc'>99</span> <span class='ocrx_word' id='word_1_160' title='bbox 311 1365 421 1428; x_wconf 88' lang='lat' dir='ltr'>anima</span> <span class='ocrx_word' id='word_1_161' title='bbox 442 1362 533 1428; x_wconf 81' lang='lat' dir='ltr'>velut</span> <span class='ocrx_word' id='word_1_162' title='bbox 561 1371 766 1445; x_wconf 85' lang='lat' dir='ltr'>praesentem</span> <span class='ocrx_word' id='word_1_163' title='bbox 789 1363 850 1428; x_wconf 89' lang='lat' dir='ltr'>sibi</span> <span class='ocrx_word' id='word_1_164' title='bbox 871 1362 985 1427; x_wconf 89' lang='lat' dir='ltr'>datum</span> <span class='ocrx_word' id='word_1_165' title='bbox 1007 1369 1041 1427; x_wconf 91' lang='lat' dir='ltr'>et</span> <span class='ocrx_word' id='word_1_166' title='bbox 1062 1363 1156 1427; x_wconf 84' lang='lat' dir='ltr'>exhi·</span> <span class='ocrx_word' id='word_1_167' title='bbox 1208 1361 1323 1426; x_wconf 79' lang='lat' dir='ltr'>neret?</span> <span class='ocrx_word' id='word_1_168' title='bbox 1355 1363 1532 1426; x_wconf 85' lang='lat' dir='ltr'>Praetereo</span> <span class='ocrx_word' id='word_1_169' title='bbox 1560 1369 1610 1426; x_wconf 88' lang='lat' dir='ltr'>tot</span> <span class='ocrx_word' id='word_1_170' title='bbox 1629 1363 1809 1446; x_wconf 88' lang='lat' dir='ltr'>scripturae</span> <span class='ocrx_word' id='word_1_171' title='bbox 1836 1362 1924 1427; x_wconf 91' lang='grc'>19999</span> <span class='ocrx_word' id='word_1_172' title='bbox 1951 1361 2008 1426; x_wconf 87' lang='grc'>9191</span> <span class='ocrx_word' id='word_1_173' title='bbox 2028 1363 2124 1444; x_wconf 86' lang='grc'>99919</span> <span class='ocrx_word' id='word_1_174' title='bbox 2146 1383 2186 1428; x_wconf 89' lang='grc'>99</span> 
     </span>
     <span class='ocr_line' id='line_1_14' title="bbox 182 1447 2188 1532; baseline 0 -18"><span class='ocrx_word' id='word_1_175' title='bbox 182 1449 288 1514; x_wconf 90' lang='lat' dir='ltr'>bitum</span> <span class='ocrx_word' id='word_1_176' title='bbox 314 1458 478 1532; x_wconf 88' lang='lat' dir='ltr'>agnoscat.</span> <span class='ocrx_word' id='word_1_177' title='bbox 523 1449 676 1530; x_wconf 89' lang='lat' dir='ltr'>Denique</span> <span class='ocrx_word' id='word_1_178' title='bbox 704 1449 812 1532; x_wconf 91' lang='lat' dir='ltr'>ipsum</span> <span class='ocrx_word' id='word_1_179' title='bbox 836 1448 1051 1531; x_wconf 88' lang='lat' dir='ltr'>spiritualiter</span> <span class='ocrx_word' id='word_1_180' title='bbox 1072 1448 1156 1513; x_wconf 91' lang='lat' dir='ltr'>obti-</span> <span class='ocrx_word' id='word_1_181' title='bbox 1208 1447 1338 1525; x_wconf 87' lang='lat' dir='ltr'>vinum,</span> <span class='ocrx_word' id='word_1_182' title='bbox 1365 1453 1538 1530; x_wconf 86' lang='lat' dir='ltr'>postquam</span> <span class='ocrx_word' id='word_1_183' title='bbox 1564 1449 1749 1513; x_wconf 85' lang='lat' dir='ltr'>factasunt</span> <span class='ocrx_word' id='word_1_184' title='bbox 1776 1448 1923 1531; x_wconf 92' lang='lat' dir='ltr'>corporis</span> <span class='ocrx_word' id='word_1_185' title='bbox 1953 1468 1990 1513; x_wconf 89' lang='lat' dir='ltr'>ao</span> <span class='ocrx_word' id='word_1_186' title='bbox 2013 1450 2188 1532; x_wconf 85' lang='lat' dir='ltr'>sanguinis</span> 
     </span>
     <span class='ocr_line' id='line_1_15' title="bbox 182 1531 2036 1617; baseline -0.001 -19"><span class='ocrx_word' id='word_1_187' title='bbox 182 1555 261 1598; x_wconf 91' lang='lat' dir='ltr'>nere</span> <span class='ocrx_word' id='word_1_188' title='bbox 283 1536 363 1600; x_wconf 87' lang='lat' dir='ltr'>satia</span> <span class='ocrx_word' id='word_1_189' title='bbox 385 1534 576 1615; x_wconf 91' lang='lat' dir='ltr'>habeamus;</span> <span class='ocrx_word' id='word_1_190' title='bbox 594 1535 651 1599; x_wconf 42' lang='lat' dir='ltr'>*sic</span> <span class='ocrx_word' id='word_1_191' title='bbox 673 1535 762 1599; x_wconf 89' lang='lat' dir='ltr'>enim</span> <span class='ocrx_word' id='word_1_192' title='bbox 788 1536 825 1601; x_wconf 91' lang='lat' dir='ltr'>in</span> <span class='ocrx_word' id='word_1_193' title='bbox 844 1535 949 1599; x_wconf 83' lang='lat' dir='ltr'>vitam</span> <span class='ocrx_word' id='word_1_194' title='bbox 970 1535 1078 1617; x_wconf 91' lang='lat' dir='ltr'>ipsum</span> <span class='ocrx_word' id='word_1_195' title='bbox 1100 1535 1157 1599; x_wconf 91' lang='lat' dir='ltr'>ob-</span> <span class='ocrx_word' id='word_1_196' title='bbox 1209 1531 1365 1617; x_wconf 83' lang='lat' dir='ltr'>symbola,</span> <span class='ocrx_word' id='word_1_197' title='bbox 1387 1554 1507 1598; x_wconf 94' lang='lat' dir='ltr'>nomen</span> <span class='ocrx_word' id='word_1_198' title='bbox 1529 1534 1742 1598; x_wconf 91' lang='lat' dir='ltr'>nihilominus</span> <span class='ocrx_word' id='word_1_199' title='bbox 1764 1541 1861 1598; x_wconf 86' lang='lat' dir='ltr'>suum</span> <span class='ocrx_word' id='word_1_200' title='bbox 1881 1535 2036 1598; x_wconf 85' lang='lat' dir='ltr'>retinent.</span> 
     </span>
     <span class='ocr_line' id='line_1_16' title="bbox 182 1602 2187 1703; baseline 0.001 -20"><span class='ocrx_word' id='word_1_201' title='bbox 182 1602 370 1685; x_wconf 79' lang='lat' dir='ltr'>tinebimus:</span> <span class='ocrx_word' id='word_1_202' title='bbox 402 1620 490 1702; x_wconf 91' lang='lat' dir='ltr'>quod</span> <span class='ocrx_word' id='word_1_203' title='bbox 518 1621 626 1703; x_wconf 89' lang='lat' dir='ltr'>ipsum</span> <span class='ocrx_word' id='word_1_204' title='bbox 648 1628 698 1685; x_wconf 91' lang='grc'>999</span> <span class='ocrx_word' id='word_1_205' title='bbox 718 1621 916 1703; x_wconf 73' lang='lat' dir='ltr'>percepisse,</span> <span class='ocrx_word' id='word_1_206' title='bbox 937 1619 1093 1702; x_wconf 91' lang='lat' dir='ltr'>quidquid</span> <span class='ocrx_word' id='word_1_207' title='bbox 1115 1642 1157 1685; x_wconf 85' lang='lat' dir='ltr'>ex</span> <span class='ocrx_word' id='word_1_208' title='bbox 1296 1622 1324 1682; x_wconf 88' lang='grc'>8.</span> <span class='ocrx_word' id='word_1_209' title='bbox 1369 1619 1504 1683; x_wconf 81' lang='lat' dir='ltr'>Frivola</span> <span class='ocrx_word' id='word_1_210' title='bbox 1525 1627 1575 1684; x_wconf 90' lang='lat' dir='ltr'>est</span> <span class='ocrx_word' id='word_1_211' title='bbox 1596 1620 1759 1685; x_wconf 88' lang='grc'>9991119919</span> <span class='ocrx_word' id='word_1_212' title='bbox 1780 1640 1845 1701; x_wconf 87' lang='lat' dir='ltr'>qua</span> <span class='ocrx_word' id='word_1_213' title='bbox 1865 1619 1943 1685; x_wconf 94' lang='lat' dir='ltr'>hinc</span> <span class='ocrx_word' id='word_1_214' title='bbox 1961 1620 2046 1685; x_wconf 90' lang='lat' dir='ltr'>elabi</span> <span class='ocrx_word' id='word_1_215' title='bbox 2063 1642 2187 1685; x_wconf 89' lang='lat' dir='ltr'>conan-</span> 
     </span>
     <span class='ocr_line' id='line_1_17' title="bbox 182 1705 2186 1789; baseline -0 -18"><span class='ocrx_word' id='word_1_216' title='bbox 182 1715 386 1771; x_wconf 88' lang='lat' dir='ltr'>saoramento</span> <span class='ocrx_word' id='word_1_217' title='bbox 412 1707 539 1771; x_wconf 89' lang='lat' dir='ltr'>fruetus</span> <span class='ocrx_word' id='word_1_218' title='bbox 562 1707 684 1789; x_wconf 91' lang='lat' dir='ltr'>percipi</span> <span class='ocrx_word' id='word_1_219' title='bbox 706 1714 822 1788; x_wconf 83' lang='lat' dir='ltr'>potest.</span> <span class='ocrx_word' id='word_1_220' title='bbox 866 1706 964 1770; x_wconf 90' lang='lat' dir='ltr'>Hanc</span> <span class='ocrx_word' id='word_1_221' title='bbox 987 1705 1157 1788; x_wconf 89' lang='lat' dir='ltr'>cogitatio-</span> <span class='ocrx_word' id='word_1_222' title='bbox 1209 1710 1278 1768; x_wconf 91' lang='lat' dir='ltr'>tur:</span> <span class='ocrx_word' id='word_1_223' title='bbox 1301 1705 1430 1788; x_wconf 82' lang='lat' dir='ltr'>virgam</span> <span class='ocrx_word' id='word_1_224' title='bbox 1451 1706 1554 1770; x_wconf 85' lang='lat' dir='ltr'>Mosis</span> <span class='ocrx_word' id='word_1_225' title='bbox 1575 1706 1757 1787; x_wconf 90' lang='lat' dir='ltr'>nuncupari</span> <span class='ocrx_word' id='word_1_226' title='bbox 1779 1726 1862 1786; x_wconf 90' lang='lat' dir='ltr'>quae</span> <span class='ocrx_word' id='word_1_227' title='bbox 1883 1707 1949 1770; x_wconf 89' lang='lat' dir='ltr'>iam</span> <span class='ocrx_word' id='word_1_228' title='bbox 1968 1712 2044 1770; x_wconf 91' lang='lat' dir='ltr'>ante</span> <span class='ocrx_word' id='word_1_229' title='bbox 2061 1707 2097 1769; x_wconf 87' lang='lat' dir='ltr'>in</span> <span class='ocrx_word' id='word_1_230' title='bbox 2114 1727 2186 1772; x_wconf 91' lang='lat' dir='ltr'>ser-</span> 
     </span>
     <span class='ocr_line' id='line_1_18' title="bbox 182 1789 2185 1875; baseline 0.001 -21"><span class='ocrx_word' id='word_1_231' title='bbox 182 1812 257 1855; x_wconf 92' lang='lat' dir='ltr'>nem</span> <span class='ocrx_word' id='word_1_232' title='bbox 274 1790 330 1855; x_wconf 92' lang='lat' dir='ltr'>ubi</span> <span class='ocrx_word' id='word_1_233' title='bbox 348 1793 421 1873; x_wconf 89' lang='lat' dir='ltr'>quis</span> <span class='ocrx_word' id='word_1_234' title='bbox 439 1791 548 1855; x_wconf 92' lang='lat' dir='ltr'>animo</span> <span class='ocrx_word' id='word_1_235' title='bbox 565 1792 820 1875; x_wconf 87' lang='lat' dir='ltr'>praesumpserit</span> <span class='ocrx_word' id='word_1_236' title='bbox 837 1812 875 1856; x_wconf 90' lang='lat' dir='ltr'>ac</span> <span class='ocrx_word' id='word_1_237' title='bbox 892 1789 1071 1855; x_wconf 91' lang='lat' dir='ltr'>meditatus</span> <span class='ocrx_word' id='word_1_238' title='bbox 1088 1792 1157 1855; x_wconf 92' lang='lat' dir='ltr'>fue-</span> <span class='ocrx_word' id='word_1_239' title='bbox 1209 1798 1340 1871; x_wconf 90' lang='lat' dir='ltr'>pentem</span> <span class='ocrx_word' id='word_1_240' title='bbox 1361 1811 1458 1856; x_wconf 88' lang='grc'>99999</span> <span class='ocrx_word' id='word_1_241' title='bbox 1477 1790 1860 1874; x_wconf 80' lang='lat' dir='ltr'>hierat(Exod.7,12).</span> <span class='ocrx_word' id='word_1_242' title='bbox 1893 1792 1981 1855; x_wconf 90' lang='lat' dir='ltr'>Nam</span> <span class='ocrx_word' id='word_1_243' title='bbox 1998 1798 2036 1855; x_wconf 90' lang='grc'>99</span> <span class='ocrx_word' id='word_1_244' title='bbox 2056 1798 2185 1857; x_wconf 87' lang='grc'>9999999</span> 
     </span>
     <span class='ocr_line' id='line_1_19' title="bbox 182 1875 2187 1961; baseline 0.002 -23"><span class='ocrx_word' id='word_1_245' title='bbox 182 1877 240 1954; x_wconf 88' lang='grc'>919,</span> <span class='ocrx_word' id='word_1_246' title='bbox 269 1877 363 1942; x_wconf 85' lang='lat' dir='ltr'>facile</span> <span class='ocrx_word' id='word_1_247' title='bbox 390 1877 552 1960; x_wconf 83' lang='lat' dir='ltr'>intelliget</span> <span class='ocrx_word' id='word_1_248' title='bbox 574 1877 733 1961; x_wconf 92' lang='lat' dir='ltr'>quomodo</span> <span class='ocrx_word' id='word_1_249' title='bbox 755 1875 880 1941; x_wconf 79' lang='lat' dir='ltr'>Christi</span> <span class='ocrx_word' id='word_1_250' title='bbox 903 1897 1020 1959; x_wconf 90' lang='lat' dir='ltr'>eorpus</span> <span class='ocrx_word' id='word_1_251' title='bbox 1048 1877 1082 1940; x_wconf 94' lang='lat' dir='ltr'>in</span> <span class='ocrx_word' id='word_1_252' title='bbox 1105 1898 1157 1941; x_wconf 90' lang='lat' dir='ltr'>sa·</span> <span class='ocrx_word' id='word_1_253' title='bbox 1209 1877 1280 1940; x_wconf 90' lang='lat' dir='ltr'>iura</span> <span class='ocrx_word' id='word_1_254' title='bbox 1298 1877 1345 1940; x_wconf 91' lang='grc'>919</span> <span class='ocrx_word' id='word_1_255' title='bbox 1363 1876 1521 1958; x_wconf 88' lang='lat' dir='ltr'>appellari</span> <span class='ocrx_word' id='word_1_256' title='bbox 1537 1898 1620 1958; x_wconf 90' lang='lat' dir='ltr'>quae</span> <span class='ocrx_word' id='word_1_257' title='bbox 1637 1878 1672 1941; x_wconf 92' lang='lat' dir='ltr'>in</span> <span class='ocrx_word' id='word_1_258' title='bbox 1691 1876 1862 1958; x_wconf 89' lang='lat' dir='ltr'>pristinam</span> <span class='ocrx_word' id='word_1_259' title='bbox 1875 1878 1989 1960; x_wconf 87' lang='lat' dir='ltr'>virgae</span> <span class='ocrx_word' id='word_1_260' title='bbox 2002 1878 2027 1960; x_wconf 87' lang='lat'>¹)</span> <span class='ocrx_word' id='word_1_261' title='bbox 2045 1879 2187 1942; x_wconf 86' lang='lat' dir='ltr'>formam</span> 
     </span>
     <span class='ocr_line' id='line_1_20' title="bbox 181 1961 2187 2046; baseline 0.001 -19"><span class='ocrx_word' id='word_1_262' title='bbox 181 1971 348 2027; x_wconf 89' lang='lat' dir='ltr'>eramento</span> <span class='ocrx_word' id='word_1_263' title='bbox 374 1961 467 2027; x_wconf 90' lang='lat' dir='ltr'>nobis</span> <span class='ocrx_word' id='word_1_264' title='bbox 495 1962 659 2026; x_wconf 87' lang='lat' dir='ltr'>offeratur.</span> <span class='ocrx_word' id='word_1_265' title='bbox 709 1963 850 2040; x_wconf 85' lang='lat' dir='ltr'>Verum,</span> <span class='ocrx_word' id='word_1_266' title='bbox 878 1968 916 2026; x_wconf 90' lang='lat' dir='ltr'>ut</span> <span class='ocrx_word' id='word_1_267' title='bbox 944 1963 1044 2027; x_wconf 89' lang='lat' dir='ltr'>semel</span> <span class='ocrx_word' id='word_1_268' title='bbox 1066 1963 1158 2027; x_wconf 91' lang='lat' dir='ltr'>tricis</span> <span class='ocrx_word' id='word_1_269' title='bbox 1209 1982 1287 2026; x_wconf 83' lang='lat' dir='ltr'>mox</span> <span class='ocrx_word' id='word_1_270' title='bbox 1308 1961 1453 2026; x_wconf 89' lang='lat' dir='ltr'>reditura</span> <span class='ocrx_word' id='word_1_271' title='bbox 1475 1969 1560 2041; x_wconf 88' lang='lat' dir='ltr'>erat,</span> <span class='ocrx_word' id='word_1_272' title='bbox 1584 1963 1656 2044; x_wconf 91' lang='lat' dir='ltr'>quis</span> <span class='ocrx_word' id='word_1_273' title='bbox 1678 1963 1740 2027; x_wconf 91' lang='lat' dir='ltr'>hoo</span> <span class='ocrx_word' id='word_1_274' title='bbox 1762 1963 1904 2046; x_wconf 88' lang='lat' dir='ltr'>eleganti</span> <span class='ocrx_word' id='word_1_275' title='bbox 1934 1963 2091 2028; x_wconf 89' lang='lat' dir='ltr'>allusione</span> <span class='ocrx_word' id='word_1_276' title='bbox 2115 1963 2187 2029; x_wconf 92' lang='lat' dir='ltr'>die-</span> 
     </span>
     <span class='ocr_line' id='line_1_21' title="bbox 181 2046 2188 2133; baseline 0.002 -23"><span class='ocrx_word' id='word_1_277' title='bbox 181 2046 247 2111; x_wconf 92' lang='lat' dir='ltr'>illis</span> <span class='ocrx_word' id='word_1_278' title='bbox 269 2046 422 2111; x_wconf 89' lang='lat' dir='ltr'>omnibus</span> <span class='ocrx_word' id='word_1_279' title='bbox 445 2047 661 2129; x_wconf 83' lang='lat' dir='ltr'>explicemur,</span> <span class='ocrx_word' id='word_1_280' title='bbox 684 2048 803 2131; x_wconf 91' lang='lat' dir='ltr'>quibus</span> <span class='ocrx_word' id='word_1_281' title='bbox 823 2047 911 2112; x_wconf 90' lang='lat' dir='ltr'>inter</span> <span class='ocrx_word' id='word_1_282' title='bbox 932 2056 983 2111; x_wconf 91' lang='lat' dir='ltr'>tot</span> <span class='ocrx_word' id='word_1_283' title='bbox 1003 2046 1158 2112; x_wconf 81' lang='lat' dir='ltr'>adversas</span> <span class='ocrx_word' id='word_1_284' title='bbox 1209 2054 1280 2110; x_wconf 90' lang='lat' dir='ltr'>tum</span> <span class='ocrx_word' id='word_1_285' title='bbox 1309 2068 1376 2112; x_wconf 91' lang='lat' dir='ltr'>non</span> <span class='ocrx_word' id='word_1_286' title='bbox 1407 2047 1519 2114; x_wconf 81' lang='lat' dir='ltr'>videt?</span> <span class='ocrx_word' id='word_1_287' title='bbox 1558 2048 1669 2130; x_wconf 87' lang='lat' dir='ltr'>virgas</span> <span class='ocrx_word' id='word_1_288' title='bbox 1701 2069 1873 2131; x_wconf 88' lang='lat' dir='ltr'>magorum</span> <span class='ocrx_word' id='word_1_289' title='bbox 1902 2070 1922 2112; x_wconf 90' lang='lat' dir='ltr'>a</span> <span class='ocrx_word' id='word_1_290' title='bbox 1954 2048 2057 2113; x_wconf 84' lang='lat' dir='ltr'>Masis</span> <span class='ocrx_word' id='word_1_291' title='bbox 2090 2050 2188 2133; x_wconf 81' lang='lat' dir='ltr'>virga</span> 
     </span>
     <span class='ocr_line' id='line_1_22' title="bbox 184 2130 2188 2218; baseline 0.002 -23"><span class='ocrx_word' id='word_1_292' title='bbox 184 2133 356 2216; x_wconf 89' lang='lat' dir='ltr'>opiniones</span> <span class='ocrx_word' id='word_1_293' title='bbox 378 2131 508 2196; x_wconf 88' lang='lat' dir='ltr'>difficile</span> <span class='ocrx_word' id='word_1_294' title='bbox 531 2141 582 2197; x_wconf 88' lang='lat' dir='ltr'>est</span> <span class='ocrx_word' id='word_1_295' title='bbox 603 2134 765 2218; x_wconf 90' lang='lat' dir='ltr'>simplices</span> <span class='ocrx_word' id='word_1_296' title='bbox 788 2134 916 2202; x_wconf 89' lang='lat' dir='ltr'>animos</span> <span class='ocrx_word' id='word_1_297' title='bbox 938 2154 1006 2197; x_wconf 93' lang='lat' dir='ltr'>non</span> <span class='ocrx_word' id='word_1_298' title='bbox 1023 2133 1156 2212; x_wconf 86' lang='lat' dir='ltr'>irretiri,</span> <span class='ocrx_word' id='word_1_299' title='bbox 1210 2132 1381 2199; x_wconf 83' lang='lat' dir='ltr'>devoratas</span> <span class='ocrx_word' id='word_1_300' title='bbox 1413 2154 1484 2198; x_wconf 90' lang='lat' dir='ltr'>esse</span> <span class='ocrx_word' id='word_1_301' title='bbox 1514 2135 1621 2216; x_wconf 90' lang='lat' dir='ltr'>potius</span> <span class='ocrx_word' id='word_1_302' title='bbox 1653 2155 1752 2215; x_wconf 90' lang='lat' dir='ltr'>quam</span> <span class='ocrx_word' id='word_1_303' title='bbox 1784 2130 1804 2197; x_wconf 91' lang='grc' dir='ltr'>9Ι</span> <span class='ocrx_word' id='word_1_304' title='bbox 1836 2133 1977 2199; x_wconf 90' lang='lat' dir='ltr'>colubro.</span> <span class='ocrx_word' id='word_1_305' title='bbox 2023 2133 2188 2200; x_wconf 89' lang='lat' dir='ltr'>Colubros</span> 
     </span>
     <span class='ocr_line' id='line_1_23' title="bbox 182 2218 2188 2302; baseline 0.003 -22"><span class='ocrx_word' id='word_1_306' title='bbox 182 2219 293 2301; x_wconf 91' lang='lat' dir='ltr'>priore</span> <span class='ocrx_word' id='word_1_307' title='bbox 313 2218 386 2281; x_wconf 92' lang='lat' dir='ltr'>loco</span> <span class='ocrx_word' id='word_1_308' title='bbox 408 2238 597 2283; x_wconf 87' lang='lat' dir='ltr'>enarremus</span> <span class='ocrx_word' id='word_1_309' title='bbox 620 2239 685 2301; x_wconf 92' lang='lat' dir='ltr'>quo</span> <span class='ocrx_word' id='word_1_310' title='bbox 708 2240 806 2284; x_wconf 91' lang='lat' dir='ltr'>sensu</span> <span class='ocrx_word' id='word_1_311' title='bbox 829 2219 924 2302; x_wconf 89' lang='lat' dir='ltr'>panis</span> <span class='ocrx_word' id='word_1_312' title='bbox 942 2219 1069 2285; x_wconf 90' lang='lat' dir='ltr'>Christi</span> <span class='ocrx_word' id='word_1_313' title='bbox 1086 2240 1157 2283; x_wconf 90' lang='lat' dir='ltr'>cor·</span> <span class='ocrx_word' id='word_1_314' title='bbox 1210 2225 1319 2283; x_wconf 89' lang='lat' dir='ltr'>autem</span> <span class='ocrx_word' id='word_1_315' title='bbox 1337 2240 1508 2302; x_wconf 89' lang='lat' dir='ltr'>magorum</span> <span class='ocrx_word' id='word_1_316' title='bbox 1526 2219 1632 2285; x_wconf 90' lang='lat' dir='ltr'>dicere</span> <span class='ocrx_word' id='word_1_317' title='bbox 1648 2220 1754 2284; x_wconf 92' lang='lat' dir='ltr'>noluit</span> <span class='ocrx_word' id='word_1_318' title='bbox 1769 2219 1936 2301; x_wconf 90' lang='lat' dir='ltr'>propheta,</span> <span class='ocrx_word' id='word_1_319' title='bbox 1959 2241 2000 2284; x_wconf 93' lang='lat' dir='ltr'>ne</span> <span class='ocrx_word' id='word_1_320' title='bbox 2018 2219 2188 2286; x_wconf 88' lang='lat' dir='ltr'>videretur</span> 
     </span>
     <span class='ocr_line' id='line_1_24' title="bbox 182 2303 2188 2389; baseline 0.002 -22"><span class='ocrx_word' id='word_1_321' title='bbox 182 2324 259 2386; x_wconf 90' lang='lat' dir='ltr'>pus,</span> <span class='ocrx_word' id='word_1_322' title='bbox 298 2303 477 2385; x_wconf 84' lang='lat' dir='ltr'>vinumque</span> <span class='ocrx_word' id='word_1_323' title='bbox 511 2305 646 2386; x_wconf 87' lang='lat' dir='ltr'>sanguis</span> <span class='ocrx_word' id='word_1_324' title='bbox 681 2307 752 2369; x_wconf 91' lang='lat' dir='ltr'>eius</span> <span class='ocrx_word' id='word_1_325' title='bbox 785 2305 983 2370; x_wconf 89' lang='lat' dir='ltr'>nominetur.</span> <span class='ocrx_word' id='word_1_326' title='bbox 1026 2303 1157 2369; x_wconf 89' lang='lat' dir='ltr'>Deinde</span> <span class='ocrx_word' id='word_1_327' title='bbox 1209 2325 1322 2369; x_wconf 86' lang='lat' dir='ltr'>veram</span> <span class='ocrx_word' id='word_1_328' title='bbox 1343 2304 1489 2370; x_wconf 91' lang='lat' dir='ltr'>indicare</span> <span class='ocrx_word' id='word_1_329' title='bbox 1510 2306 1769 2382; x_wconf 88' lang='lat' dir='ltr'>conversionem,</span> <span class='ocrx_word' id='word_1_330' title='bbox 1798 2326 1900 2386; x_wconf 91' lang='lat' dir='ltr'>quum</span> <span class='ocrx_word' id='word_1_331' title='bbox 1920 2306 2188 2389; x_wconf 84' lang='lat' dir='ltr'>praestigiatores</span> 
     </span>
     <span class='ocr_line' id='line_1_25' title="bbox 182 2389 2193 2473; baseline 0.004 -22"><span class='ocrx_word' id='word_1_332' title='bbox 182 2408 281 2471; x_wconf 91' lang='lat' dir='ltr'>quam</span> <span class='ocrx_word' id='word_1_333' title='bbox 310 2390 345 2451; x_wconf 90' lang='lat' dir='ltr'>in</span> <span class='ocrx_word' id='word_1_334' title='bbox 372 2409 473 2452; x_wconf 91' lang='lat' dir='ltr'>coena</span> <span class='ocrx_word' id='word_1_335' title='bbox 500 2392 645 2473; x_wconf 92' lang='lat' dir='ltr'>eorporis</span> <span class='ocrx_word' id='word_1_336' title='bbox 673 2410 711 2454; x_wconf 92' lang='lat' dir='ltr'>ac</span> <span class='ocrx_word' id='word_1_337' title='bbox 738 2391 909 2473; x_wconf 87' lang='lat' dir='ltr'>sanguinis</span> <span class='ocrx_word' id='word_1_338' title='bbox 938 2390 989 2454; x_wconf 90' lang='grc'>991</span> <span class='ocrx_word' id='word_1_339' title='bbox 1011 2410 1157 2454; x_wconf 89' lang='lat' dir='ltr'>commu-</span> <span class='ocrx_word' id='word_1_340' title='bbox 1208 2390 1257 2453; x_wconf 91' lang='lat' dir='ltr'>illi</span> <span class='ocrx_word' id='word_1_341' title='bbox 1286 2390 1371 2454; x_wconf 91' lang='lat' dir='ltr'>nihil</span> <span class='ocrx_word' id='word_1_342' title='bbox 1404 2389 1493 2455; x_wconf 91' lang='lat' dir='ltr'>aliud</span> <span class='ocrx_word' id='word_1_343' title='bbox 1525 2412 1624 2472; x_wconf 91' lang='lat' dir='ltr'>quam</span> <span class='ocrx_word' id='word_1_344' title='bbox 1656 2391 1807 2455; x_wconf 90' lang='lat' dir='ltr'>tenebras</span> <span class='ocrx_word' id='word_1_345' title='bbox 1837 2393 2054 2472; x_wconf 88' lang='lat' dir='ltr'>spectantium</span> <span class='ocrx_word' id='word_1_346' title='bbox 2086 2393 2193 2459; x_wconf 85' lang='lat' dir='ltr'>oculis</span> 
     </span>
     <span class='ocr_line' id='line_1_26' title="bbox 182 2473 2191 2559; baseline 0.002 -22"><span class='ocrx_word' id='word_1_347' title='bbox 182 2474 317 2537; x_wconf 91' lang='lat' dir='ltr'>nionem</span> <span class='ocrx_word' id='word_1_348' title='bbox 337 2474 431 2538; x_wconf 87' lang='lat' dir='ltr'>nobis</span> <span class='ocrx_word' id='word_1_349' title='bbox 452 2473 608 2539; x_wconf 88' lang='lat' dir='ltr'>Christus</span> <span class='ocrx_word' id='word_1_350' title='bbox 630 2475 785 2539; x_wconf 77' lang='lat' dir='ltr'>exhibeat</span> <span class='ocrx_word' id='word_1_351' title='bbox 806 2476 1039 2559; x_wconf 86' lang='lat' dir='ltr'>expendamus.</span> <span class='ocrx_word' id='word_1_352' title='bbox 1208 2476 1300 2540; x_wconf 89' lang='lat' dir='ltr'>falsis</span> <span class='ocrx_word' id='word_1_353' title='bbox 1328 2477 1452 2541; x_wconf 89' lang='lat' dir='ltr'>artibus</span> <span class='ocrx_word' id='word_1_354' title='bbox 1479 2477 1679 2541; x_wconf 87' lang='lat' dir='ltr'>offudissent.</span> <span class='ocrx_word' id='word_1_355' title='bbox 1725 2474 1814 2556; x_wconf 79' lang='lat' dir='ltr'>Quid</span> <span class='ocrx_word' id='word_1_356' title='bbox 1842 2483 1952 2541; x_wconf 89' lang='lat' dir='ltr'>autem</span> <span class='ocrx_word' id='word_1_357' title='bbox 1980 2499 2055 2542; x_wconf 93' lang='lat' dir='ltr'>cum</span> <span class='ocrx_word' id='word_1_358' title='bbox 2083 2501 2122 2543; x_wconf 91' lang='lat' dir='ltr'>eo</span> <span class='ocrx_word' id='word_1_359' title='bbox 2144 2480 2191 2544; x_wconf 91' lang='grc'>91-</span> 
     </span>
    </p>

    <p class='ocr_par' dir='ltr' id='par_1_3' title="bbox 92 2560 2194 5051">
     <span class='ocr_line' id='line_1_27' title="bbox 269 2560 2190 2647; baseline 0.004 -25"><span class='ocrx_word' id='word_1_360' title='bbox 269 2565 297 2622; x_wconf 80' lang='grc'>1.</span> <span class='ocrx_word' id='word_1_361' title='bbox 337 2560 387 2623; x_wconf 83' lang='lat' dir='ltr'>Ao</span> <span class='ocrx_word' id='word_1_362' title='bbox 405 2560 565 2643; x_wconf 89' lang='lat' dir='ltr'>principio</span> <span class='ocrx_word' id='word_1_363' title='bbox 583 2560 716 2643; x_wconf 89' lang='lat' dir='ltr'>quidem</span> <span class='ocrx_word' id='word_1_364' title='bbox 733 2581 774 2625; x_wconf 81' lang='lat' dir='ltr'>ex</span> <span class='ocrx_word' id='word_1_365' title='bbox 798 2560 977 2624; x_wconf 86' lang='lat' dir='ltr'>ledendum</span> <span class='ocrx_word' id='word_1_366' title='bbox 996 2569 1047 2624; x_wconf 90' lang='grc'>999</span> <span class='ocrx_word' id='word_1_367' title='bbox 1062 2561 1157 2643; x_wconf 89' lang='lat' dir='ltr'>quid·</span> <span class='ocrx_word' id='word_1_368' title='bbox 1208 2561 1286 2626; x_wconf 91' lang='lat' dir='ltr'>mile</span> <span class='ocrx_word' id='word_1_369' title='bbox 1306 2561 1748 2645; x_wconf 88' lang='lat' dir='ltr'>habentistaeloquutiones:</span> <span class='ocrx_word' id='word_1_370' title='bbox 1769 2564 1864 2645; x_wconf 93' lang='lat' dir='ltr'>panis</span> <span class='ocrx_word' id='word_1_371' title='bbox 1881 2583 1978 2644; x_wconf 92' lang='lat' dir='ltr'>quem</span> <span class='ocrx_word' id='word_1_372' title='bbox 1988 2564 2190 2647; x_wconf 79' lang='lat' dir='ltr'>frangimus3</span> 
     </span>
     <span class='ocr_line' id='line_1_28' title="bbox 182 2644 2186 2729; baseline 0.002 -20"><span class='ocrx_word' id='word_1_373' title='bbox 182 2644 262 2727; x_wconf 91' lang='lat' dir='ltr'>quid</span> <span class='ocrx_word' id='word_1_374' title='bbox 284 2644 324 2708; x_wconf 91' lang='lat' dir='ltr'>de</span> <span class='ocrx_word' id='word_1_375' title='bbox 351 2654 543 2728; x_wconf 88' lang='lat' dir='ltr'>portentosa</span> <span class='ocrx_word' id='word_1_376' title='bbox 564 2646 621 2710; x_wconf 89' lang='grc'>1119</span> <span class='ocrx_word' id='word_1_377' title='bbox 649 2655 782 2710; x_wconf 88' lang='grc'>9999999</span> <span class='ocrx_word' id='word_1_378' title='bbox 822 2647 1019 2710; x_wconf 90' lang='lat' dir='ltr'>tantiatione</span> <span class='ocrx_word' id='word_1_379' title='bbox 1040 2647 1158 2729; x_wconf 87' lang='lat' dir='ltr'>nugati</span> <span class='ocrx_word' id='word_1_380' title='bbox 1209 2648 1333 2728; x_wconf 91' lang='lat' dir='ltr'>quoties</span> <span class='ocrx_word' id='word_1_381' title='bbox 1354 2668 1474 2729; x_wconf 91' lang='lat' dir='ltr'>panem</span> <span class='ocrx_word' id='word_1_382' title='bbox 1496 2648 1583 2713; x_wconf 91' lang='lat' dir='ltr'>hunc</span> <span class='ocrx_word' id='word_1_383' title='bbox 1611 2647 1934 2726; x_wconf 89' lang='lat' dir='ltr'>manducaverimus;</span> <span class='ocrx_word' id='word_1_384' title='bbox 1965 2651 2186 2715; x_wconf 89' lang='lat' dir='ltr'>communica·</span> 
     </span>
     <span class='ocr_line' id='line_1_29' title="bbox 181 2731 2186 2816; baseline 0.002 -22"><span class='ocrx_word' id='word_1_385' title='bbox 181 2739 260 2794; x_wconf 87' lang='lat' dir='ltr'>sunt</span> <span class='ocrx_word' id='word_1_386' title='bbox 288 2731 462 2814; x_wconf 87' lang='lat' dir='ltr'>sophistae.</span> <span class='ocrx_word' id='word_1_387' title='bbox 508 2731 594 2795; x_wconf 89' lang='lat' dir='ltr'>Nam</span> <span class='ocrx_word' id='word_1_388' title='bbox 617 2733 645 2796; x_wconf 93' lang='lat' dir='ltr'>si</span> <span class='ocrx_word' id='word_1_389' title='bbox 672 2753 771 2815; x_wconf 90' lang='lat' dir='ltr'>quem</span> <span class='ocrx_word' id='word_1_390' title='bbox 793 2740 885 2796; x_wconf 89' lang='lat' dir='ltr'>tenet</span> <span class='ocrx_word' id='word_1_391' title='bbox 904 2732 1083 2798; x_wconf 85' lang='lat' dir='ltr'>verborum</span> <span class='ocrx_word' id='word_1_392' title='bbox 1105 2754 1157 2796; x_wconf 91' lang='lat' dir='ltr'>re-</span> <span class='ocrx_word' id='word_1_393' title='bbox 1210 2733 1290 2798; x_wconf 91' lang='lat' dir='ltr'>bant</span> <span class='ocrx_word' id='word_1_394' title='bbox 1308 2735 1344 2797; x_wconf 93' lang='grc'>19</span> <span class='ocrx_word' id='word_1_395' title='bbox 1365 2734 1520 2799; x_wconf 87' lang='lat' dir='ltr'>fractione</span> <span class='ocrx_word' id='word_1_396' title='bbox 1540 2735 1644 2816; x_wconf 89' lang='lat' dir='ltr'>panis,</span> <span class='ocrx_word' id='word_1_397' title='bbox 1667 2739 1701 2797; x_wconf 90' lang='lat' dir='ltr'>et</span> <span class='ocrx_word' id='word_1_398' title='bbox 1722 2734 1865 2815; x_wconf 90' lang='lat' dir='ltr'>reliquae</span> <span class='ocrx_word' id='word_1_399' title='bbox 1888 2735 2052 2799; x_wconf 88' lang='lat' dir='ltr'>eiusmodi.</span> <span class='ocrx_word' id='word_1_400' title='bbox 2085 2734 2186 2799; x_wconf 84' lang='lat' dir='ltr'>Adde</span> 
     </span>
     <span class='ocr_line' id='line_1_30' title="bbox 179 2815 2185 2902; baseline 0.001 -22"><span class='ocrx_word' id='word_1_401' title='bbox 179 2815 269 2900; x_wconf 88' lang='lat' dir='ltr'>ligio,</span> <span class='ocrx_word' id='word_1_402' title='bbox 292 2817 412 2897; x_wconf 85' lang='lat' dir='ltr'>quibus</span> <span class='ocrx_word' id='word_1_403' title='bbox 430 2815 585 2883; x_wconf 87' lang='lat' dir='ltr'>Christus</span> <span class='ocrx_word' id='word_1_404' title='bbox 606 2818 649 2896; x_wconf 91' lang='lat' dir='ltr'>id,</span> <span class='ocrx_word' id='word_1_405' title='bbox 673 2816 761 2900; x_wconf 92' lang='lat' dir='ltr'>quod</span> <span class='ocrx_word' id='word_1_406' title='bbox 779 2818 816 2881; x_wconf 90' lang='lat' dir='ltr'>in</span> <span class='ocrx_word' id='word_1_407' title='bbox 832 2838 971 2882; x_wconf 90' lang='lat' dir='ltr'>manum</span> <span class='ocrx_word' id='word_1_408' title='bbox 988 2818 1157 2901; x_wconf 89' lang='lat' dir='ltr'>discipulis</span> <span class='ocrx_word' id='word_1_409' title='bbox 1209 2818 1295 2899; x_wconf 94' lang='lat' dir='ltr'>quod</span> <span class='ocrx_word' id='word_1_410' title='bbox 1327 2820 1499 2884; x_wconf 83' lang='lat' dir='ltr'>vetustatis</span> <span class='ocrx_word' id='word_1_411' title='bbox 1531 2821 1723 2902; x_wconf 91' lang='lat' dir='ltr'>patrocinio,</span> <span class='ocrx_word' id='word_1_412' title='bbox 1757 2819 1843 2901; x_wconf 92' lang='lat' dir='ltr'>quod</span> <span class='ocrx_word' id='word_1_413' title='bbox 1874 2819 2017 2885; x_wconf 83' lang='lat' dir='ltr'>evidenti</span> <span class='ocrx_word' id='word_1_414' title='bbox 2046 2821 2185 2884; x_wconf 90' lang='lat' dir='ltr'>Domini</span> 
     </span>
     <span class='ocr_line' id='line_1_31' title="bbox 180 2901 2186 2987; baseline 0.003 -22"><span class='ocrx_word' id='word_1_415' title='bbox 180 2901 377 2985; x_wconf 90' lang='lat' dir='ltr'>porrigebat,</span> <span class='ocrx_word' id='word_1_416' title='bbox 401 2922 521 2986; x_wconf 89' lang='lat' dir='ltr'>corpus</span> <span class='ocrx_word' id='word_1_417' title='bbox 539 2923 609 2966; x_wconf 90' lang='lat' dir='ltr'>esse</span> <span class='ocrx_word' id='word_1_418' title='bbox 627 2924 726 2967; x_wconf 88' lang='lat' dir='ltr'>suum</span> <span class='ocrx_word' id='word_1_419' title='bbox 744 2910 883 2967; x_wconf 88' lang='lat' dir='ltr'>testatus</span> <span class='ocrx_word' id='word_1_420' title='bbox 901 2910 960 2982; x_wconf 87' lang='lat' dir='ltr'>est,</span> <span class='ocrx_word' id='word_1_421' title='bbox 984 2903 1025 2967; x_wconf 92' lang='lat' dir='ltr'>ab</span> <span class='ocrx_word' id='word_1_422' title='bbox 1041 2925 1157 2968; x_wconf 89' lang='lat' dir='ltr'>eorum</span> <span class='ocrx_word' id='word_1_423' title='bbox 1209 2905 1308 2969; x_wconf 84' lang='lat' dir='ltr'>verbo</span> <span class='ocrx_word' id='word_1_424' title='bbox 1338 2925 1434 2986; x_wconf 87' lang='lat' dir='ltr'>saepe</span> <span class='ocrx_word' id='word_1_425' title='bbox 1462 2926 1623 2987; x_wconf 89' lang='lat' dir='ltr'>opponere</span> <span class='ocrx_word' id='word_1_426' title='bbox 1645 2904 1783 2984; x_wconf 87' lang='lat' dir='ltr'>audent,</span> <span class='ocrx_word' id='word_1_427' title='bbox 1812 2907 1846 2968; x_wconf 91' lang='lat' dir='ltr'>in</span> <span class='ocrx_word' id='word_1_428' title='bbox 1873 2905 2094 2971; x_wconf 87' lang='lat' dir='ltr'>confirmando</span> <span class='ocrx_word' id='word_1_429' title='bbox 2121 2908 2186 2971; x_wconf 88' lang='lat' dir='ltr'>isto</span> 
     </span>
     <span class='ocr_line' id='line_1_32' title="bbox 181 2989 2188 3074; baseline 0.002 -22"><span class='ocrx_word' id='word_1_430' title='bbox 181 3008 259 3052; x_wconf 87' lang='lat' dir='ltr'>sane</span> <span class='ocrx_word' id='word_1_431' title='bbox 281 2989 482 3071; x_wconf 82' lang='lat' dir='ltr'>proprietate</span> <span class='ocrx_word' id='word_1_432' title='bbox 500 2989 738 3053; x_wconf 87' lang='lat' dir='ltr'>alienissimum</span> <span class='ocrx_word' id='word_1_433' title='bbox 761 2997 811 3055; x_wconf 91' lang='lat' dir='ltr'>est</span> <span class='ocrx_word' id='word_1_434' title='bbox 833 2989 973 3054; x_wconf 88' lang='lat' dir='ltr'>istorum</span> <span class='ocrx_word' id='word_1_435' title='bbox 991 3010 1157 3053; x_wconf 91' lang='lat' dir='ltr'>commen-</span> <span class='ocrx_word' id='word_1_436' title='bbox 1209 2990 1360 3072; x_wconf 85' lang='lat' dir='ltr'>dogmate</span> <span class='ocrx_word' id='word_1_437' title='bbox 1393 2990 1623 3055; x_wconf 89' lang='lat' dir='ltr'>destituuntur.</span> <span class='ocrx_word' id='word_1_438' title='bbox 1667 2993 1731 3056; x_wconf 87' lang='lat' dir='ltr'>Est</span> <span class='ocrx_word' id='word_1_439' title='bbox 1762 2992 1850 3055; x_wconf 93' lang='lat' dir='ltr'>enim</span> <span class='ocrx_word' id='word_1_440' title='bbox 1882 3013 1948 3057; x_wconf 92' lang='lat' dir='ltr'>non</span> <span class='ocrx_word' id='word_1_441' title='bbox 1978 2993 2025 3057; x_wconf 90' lang='lat' dir='ltr'>ita</span> <span class='ocrx_word' id='word_1_442' title='bbox 2057 2991 2188 3074; x_wconf 91' lang='lat' dir='ltr'>pridem</span> 
     </span>
     <span class='ocr_line' id='line_1_33' title="bbox 92 3070 2190 3161; baseline 0.003 -25"><span class='ocrx_word' id='word_1_443' title='bbox 92 3070 99 3076; x_wconf 76' lang='grc'><em>’</em></span> <span class='ocrx_word' id='word_1_444' title='bbox 179 3080 268 3151; x_wconf 90' lang='lat' dir='ltr'>tum,</span> <span class='ocrx_word' id='word_1_445' title='bbox 303 3072 382 3137; x_wconf 91' lang='lat' dir='ltr'>dum</span> <span class='ocrx_word' id='word_1_446' title='bbox 415 3073 612 3157; x_wconf 89' lang='lat' dir='ltr'>particulam</span> <span class='ocrx_word' id='word_1_447' title='bbox 638 3072 725 3140; x_wconf 79' lang='lat' dir='ltr'>EST</span> <span class='ocrx_word' id='word_1_448' title='bbox 757 3095 817 3158; x_wconf 92' lang='lat' dir='ltr'>pro</span> <span class='ocrx_word' id='word_1_449' title='bbox 849 3075 1157 3140; x_wconf 84' lang='lat' dir='ltr'>transsubstantiari</span> <span class='ocrx_word' id='word_1_450' title='bbox 1209 3076 1442 3159; x_wconf 62' lang='lat' dir='ltr'>excogitatum</span> <span class='ocrx_word' id='word_1_451' title='bbox 1475 3083 1562 3141; x_wconf 87' lang='lat' dir='ltr'>certe</span> <span class='ocrx_word' id='word_1_452' title='bbox 1591 3078 1778 3161; x_wconf 91' lang='lat' dir='ltr'>ignoratum</span> <span class='ocrx_word' id='word_1_453' title='bbox 1804 3077 1993 3142; x_wconf 89' lang='lat' dir='ltr'>melioribus</span> <span class='ocrx_word' id='word_1_454' title='bbox 2020 3077 2086 3143; x_wconf 92' lang='lat' dir='ltr'>illis</span> <span class='ocrx_word' id='word_1_455' title='bbox 2115 3099 2190 3143; x_wconf 86' lang='lat' dir='ltr'>sae·</span> 
     </span>
     <span class='ocr_line' id='line_1_34' title="bbox 180 3159 2190 3247; baseline 0.002 -25"><span class='ocrx_word' id='word_1_456' title='bbox 180 3160 322 3242; x_wconf 89' lang='lat' dir='ltr'>positam</span> <span class='ocrx_word' id='word_1_457' title='bbox 343 3159 614 3243; x_wconf 84' lang='lat' dir='ltr'>interpretantur.</span> <span class='ocrx_word' id='word_1_458' title='bbox 650 3161 761 3243; x_wconf 82' lang='lat' dir='ltr'>Atque</span> <span class='ocrx_word' id='word_1_459' title='bbox 782 3162 874 3225; x_wconf 92' lang='lat' dir='ltr'>illam</span> <span class='ocrx_word' id='word_1_460' title='bbox 896 3181 1026 3244; x_wconf 90' lang='lat' dir='ltr'>quoque</span> <span class='ocrx_word' id='word_1_461' title='bbox 1047 3170 1156 3224; x_wconf 90' lang='lat' dir='ltr'>trans-</span> <span class='ocrx_word' id='word_1_462' title='bbox 1207 3161 1298 3239; x_wconf 90' lang='lat' dir='ltr'>culis,</span> <span class='ocrx_word' id='word_1_463' title='bbox 1317 3162 1433 3243; x_wconf 89' lang='lat' dir='ltr'>quibus</span> <span class='ocrx_word' id='word_1_464' title='bbox 1449 3163 1562 3245; x_wconf 91' lang='lat' dir='ltr'>purior</span> <span class='ocrx_word' id='word_1_465' title='bbox 1578 3162 1686 3227; x_wconf 88' lang='lat' dir='ltr'>adhue</span> <span class='ocrx_word' id='word_1_466' title='bbox 1697 3163 1829 3245; x_wconf 86' lang='lat' dir='ltr'>vigebat</span> <span class='ocrx_word' id='word_1_467' title='bbox 1839 3163 2005 3247; x_wconf 88' lang='lat' dir='ltr'>religionis</span> <span class='ocrx_word' id='word_1_468' title='bbox 2022 3163 2174 3229; x_wconf 90' lang='lat' dir='ltr'>doctrina</span> <span class='ocrx_word' id='word_1_469' title='bbox 2181 3187 2190 3243; x_wconf 91' lang='lat'>;</span> 
     </span>
     <span class='ocr_line' id='line_1_35' title="bbox 181 3244 2190 3333; baseline 0.002 -24"><span class='ocrx_word' id='word_1_470' title='bbox 181 3244 491 3310; x_wconf 89' lang='lat' dir='ltr'>substantiationem</span> <span class='ocrx_word' id='word_1_471' title='bbox 512 3245 585 3310; x_wconf 88' lang='lat' dir='ltr'>fieri</span> <span class='ocrx_word' id='word_1_472' title='bbox 602 3244 737 3325; x_wconf 88' lang='lat' dir='ltr'>addunt,</span> <span class='ocrx_word' id='word_1_473' title='bbox 761 3266 830 3311; x_wconf 93' lang='lat' dir='ltr'>non</span> <span class='ocrx_word' id='word_1_474' title='bbox 847 3247 1060 3312; x_wconf 82' lang='lat' dir='ltr'>conversione</span> <span class='ocrx_word' id='word_1_475' title='bbox 1079 3248 1156 3311; x_wconf 91' lang='lat' dir='ltr'>sub·</span> <span class='ocrx_word' id='word_1_476' title='bbox 1208 3246 1337 3329; x_wconf 92' lang='lat' dir='ltr'>quando</span> <span class='ocrx_word' id='word_1_477' title='bbox 1365 3268 1460 3312; x_wconf 91' lang='lat' dir='ltr'>nemo</span> <span class='ocrx_word' id='word_1_478' title='bbox 1488 3255 1537 3312; x_wconf 88' lang='lat' dir='ltr'>eat</span> <span class='ocrx_word' id='word_1_479' title='bbox 1565 3256 1728 3330; x_wconf 83' lang='lat' dir='ltr'>veterum,</span> <span class='ocrx_word' id='word_1_480' title='bbox 1757 3250 1812 3330; x_wconf 92' lang='lat' dir='ltr'>qui</span> <span class='ocrx_word' id='word_1_481' title='bbox 1840 3270 1934 3314; x_wconf 90' lang='lat' dir='ltr'>sacra</span> <span class='ocrx_word' id='word_1_482' title='bbox 1954 3270 2074 3314; x_wconf 91' lang='lat' dir='ltr'>coenae</span> <span class='ocrx_word' id='word_1_483' title='bbox 2096 3271 2190 3333; x_wconf 85' lang='lat' dir='ltr'>sym·</span> 
     </span>
     <span class='ocr_line' id='line_1_36' title="bbox 180 3331 2191 3417; baseline 0.002 -22"><span class='ocrx_word' id='word_1_484' title='bbox 180 3331 320 3395; x_wconf 87' lang='lat' dir='ltr'>stantiae</span> <span class='ocrx_word' id='word_1_485' title='bbox 348 3332 448 3396; x_wconf 90' lang='lat' dir='ltr'>unius</span> <span class='ocrx_word' id='word_1_486' title='bbox 475 3332 511 3395; x_wconf 91' lang='grc'>19</span> <span class='ocrx_word' id='word_1_487' title='bbox 539 3332 692 3411; x_wconf 89' lang='lat' dir='ltr'>alteram,</span> <span class='ocrx_word' id='word_1_488' title='bbox 724 3331 781 3396; x_wconf 91' lang='lat' dir='ltr'>sed</span> <span class='ocrx_word' id='word_1_489' title='bbox 802 3333 880 3415; x_wconf 90' lang='lat' dir='ltr'>quia</span> <span class='ocrx_word' id='word_1_490' title='bbox 903 3334 939 3396; x_wconf 89' lang='lat' dir='ltr'>in</span> <span class='ocrx_word' id='word_1_491' title='bbox 966 3334 1076 3397; x_wconf 89' lang='lat' dir='ltr'>locum</span> <span class='ocrx_word' id='word_1_492' title='bbox 1098 3352 1156 3416; x_wconf 85' lang='lat' dir='ltr'>pa-</span> <span class='ocrx_word' id='word_1_493' title='bbox 1208 3332 1283 3397; x_wconf 90' lang='lat' dir='ltr'>bola</span> <span class='ocrx_word' id='word_1_494' title='bbox 1309 3354 1375 3398; x_wconf 90' lang='lat' dir='ltr'>non</span> <span class='ocrx_word' id='word_1_495' title='bbox 1402 3335 1544 3398; x_wconf 85' lang='lat' dir='ltr'>fateatur</span> <span class='ocrx_word' id='word_1_496' title='bbox 1571 3334 1699 3399; x_wconf 86' lang='lat' dir='ltr'>disertis</span> <span class='ocrx_word' id='word_1_497' title='bbox 1726 3335 1836 3400; x_wconf 87' lang='lat' dir='ltr'>verbis</span> <span class='ocrx_word' id='word_1_498' title='bbox 1863 3356 1982 3417; x_wconf 90' lang='lat' dir='ltr'>panem</span> <span class='ocrx_word' id='word_1_499' title='bbox 2009 3343 2043 3400; x_wconf 91' lang='lat' dir='ltr'>et</span> <span class='ocrx_word' id='word_1_500' title='bbox 2070 3336 2191 3400; x_wconf 86' lang='lat' dir='ltr'>vinum</span> 
     </span>
     <span class='ocr_line' id='line_1_37' title="bbox 180 3417 2192 3504; baseline 0.002 -24"><span class='ocrx_word' id='word_1_501' title='bbox 180 3417 241 3495; x_wconf 92' lang='lat' dir='ltr'>nis,</span> <span class='ocrx_word' id='word_1_502' title='bbox 264 3439 363 3498; x_wconf 92' lang='lat' dir='ltr'>quem</span> <span class='ocrx_word' id='word_1_503' title='bbox 385 3438 580 3483; x_wconf 87' lang='grc'>9999999999</span> <span class='ocrx_word' id='word_1_504' title='bbox 601 3418 666 3501; x_wconf 89' lang='grc'>1991</span> <span class='ocrx_word' id='word_1_505' title='bbox 689 3419 865 3498; x_wconf 91' lang='lat' dir='ltr'>somniant,</span> <span class='ocrx_word' id='word_1_506' title='bbox 888 3418 1016 3484; x_wconf 89' lang='lat' dir='ltr'>Christi</span> <span class='ocrx_word' id='word_1_507' title='bbox 1038 3438 1157 3502; x_wconf 83' lang='lat' dir='ltr'>eorpus</span> <span class='ocrx_word' id='word_1_508' title='bbox 1209 3438 1294 3497; x_wconf 91' lang='lat' dir='ltr'>esse,</span> <span class='ocrx_word' id='word_1_509' title='bbox 1326 3420 1387 3484; x_wconf 88' lang='lat' dir='ltr'>etsi</span> <span class='ocrx_word' id='word_1_510' title='bbox 1413 3420 1511 3485; x_wconf 89' lang='lat' dir='ltr'>variis</span> <span class='ocrx_word' id='word_1_511' title='bbox 1539 3420 1692 3501; x_wconf 89' lang='lat' dir='ltr'>epithetis</span> <span class='ocrx_word' id='word_1_512' title='bbox 1719 3420 1777 3484; x_wconf 89' lang='lat' dir='ltr'>illa</span> <span class='ocrx_word' id='word_1_513' title='bbox 1808 3420 1973 3485; x_wconf 89' lang='lat' dir='ltr'>interdum</span> <span class='ocrx_word' id='word_1_514' title='bbox 2002 3421 2192 3504; x_wconf 88' lang='lat' dir='ltr'>insigniunt</span> 
     </span>
     <span class='ocr_line' id='line_1_38' title="bbox 180 3501 2191 3590; baseline 0.001 -23"><span class='ocrx_word' id='word_1_515' title='bbox 180 3501 304 3567; x_wconf 89' lang='lat' dir='ltr'>subeat.</span> <span class='ocrx_word' id='word_1_516' title='bbox 356 3502 397 3567; x_wconf 94' lang='lat' dir='ltr'>Id</span> <span class='ocrx_word' id='word_1_517' title='bbox 426 3503 514 3589; x_wconf 89' lang='lat' dir='ltr'>quod</span> <span class='ocrx_word' id='word_1_518' title='bbox 539 3505 576 3567; x_wconf 91' lang='lat' dir='ltr'>in</span> <span class='ocrx_word' id='word_1_519' title='bbox 602 3524 722 3568; x_wconf 89' lang='lat' dir='ltr'>manus</span> <span class='ocrx_word' id='word_1_520' title='bbox 751 3511 921 3587; x_wconf 90' lang='lat' dir='ltr'>sumptum</span> <span class='ocrx_word' id='word_1_521' title='bbox 950 3524 987 3570; x_wconf 88' lang='lat' dir='ltr'>ao</span> <span class='ocrx_word' id='word_1_522' title='bbox 1015 3504 1157 3570; x_wconf 88' lang='lat' dir='ltr'>fractum</span> <span class='ocrx_word' id='word_1_523' title='bbox 1209 3503 1553 3570; x_wconf 86' lang='lat' dir='ltr'>adcommendandam</span> <span class='ocrx_word' id='word_1_524' title='bbox 1564 3506 1711 3590; x_wconf 84' lang='lat' dir='ltr'>mysterii</span> <span class='ocrx_word' id='word_1_525' title='bbox 1723 3504 1924 3589; x_wconf 89' lang='lat' dir='ltr'>dignitatem.</span> <span class='ocrx_word' id='word_1_526' title='bbox 1949 3506 2191 3588; x_wconf 75' lang='grc' dir='ltr'>11199999οά11-</span> 
     </span>
     <span class='ocr_line' id='line_1_39' title="bbox 181 3589 2191 3672; baseline 0.002 -19"><span class='ocrx_word' id='word_1_527' title='bbox 181 3589 339 3671; x_wconf 89' lang='lat' dir='ltr'>apostolis</span> <span class='ocrx_word' id='word_1_528' title='bbox 361 3589 503 3671; x_wconf 89' lang='lat' dir='ltr'>praebet,</span> <span class='ocrx_word' id='word_1_529' title='bbox 527 3610 645 3672; x_wconf 89' lang='lat' dir='ltr'>corpus</span> <span class='ocrx_word' id='word_1_530' title='bbox 668 3611 739 3655; x_wconf 90' lang='lat' dir='ltr'>esso</span> <span class='ocrx_word' id='word_1_531' title='bbox 762 3610 861 3654; x_wconf 90' lang='lat' dir='ltr'>suum</span> <span class='ocrx_word' id='word_1_532' title='bbox 882 3591 1047 3656; x_wconf 88' lang='lat' dir='ltr'>Dominus</span> <span class='ocrx_word' id='word_1_533' title='bbox 1069 3611 1157 3655; x_wconf 86' lang='lat' dir='ltr'>asse·</span> <span class='ocrx_word' id='word_1_534' title='bbox 1209 3596 1291 3669; x_wconf 84' lang='lat' dir='ltr'>enat,</span> <span class='ocrx_word' id='word_1_535' title='bbox 1313 3593 1349 3654; x_wconf 87' lang='lat' dir='ltr'>in</span> <span class='ocrx_word' id='word_1_536' title='bbox 1371 3592 1596 3657; x_wconf 82' lang='lat' dir='ltr'>consecratione</span> <span class='ocrx_word' id='word_1_537' title='bbox 1616 3591 1689 3662; x_wconf 79' lang='lat' dir='ltr'>{ieri</span> <span class='ocrx_word' id='word_1_538' title='bbox 1710 3612 1862 3657; x_wconf 78' lang='grc'>99999999</span> <span class='ocrx_word' id='word_1_539' title='bbox 1883 3594 2121 3670; x_wconf 66' lang='lat' dir='ltr'>occansionem,</span> <span class='ocrx_word' id='word_1_540' title='bbox 2151 3599 2191 3657; x_wconf 82' lang='lat' dir='ltr'>ut</span> 
     </span>
     <span class='ocr_line' id='line_1_40' title="bbox 181 3673 2190 3759; baseline 0.002 -22"><span class='ocrx_word' id='word_1_541' title='bbox 181 3683 284 3738; x_wconf 88' lang='grc'>99999.</span> <span class='ocrx_word' id='word_1_542' title='bbox 330 3673 526 3758; x_wconf 82' lang='lat' dir='ltr'>Sumpserat</span> <span class='ocrx_word' id='word_1_543' title='bbox 547 3683 659 3739; x_wconf 89' lang='lat' dir='ltr'>autem</span> <span class='ocrx_word' id='word_1_544' title='bbox 681 3695 719 3740; x_wconf 88' lang='lat' dir='ltr'>ao</span> <span class='ocrx_word' id='word_1_545' title='bbox 740 3676 884 3758; x_wconf 84' lang='lat' dir='ltr'>fregerat</span> <span class='ocrx_word' id='word_1_546' title='bbox 904 3696 1031 3758; x_wconf 89' lang='lat' dir='ltr'>panem.</span> <span class='ocrx_word' id='word_1_547' title='bbox 1072 3674 1157 3756; x_wconf 76' lang='lat' dir='ltr'>Quis</span> <span class='ocrx_word' id='word_1_548' title='bbox 1209 3677 1276 3740; x_wconf 81' lang='lat' dir='ltr'>torn</span> <span class='ocrx_word' id='word_1_549' title='bbox 1300 3677 1392 3741; x_wconf 85' lang='lat' dir='ltr'>olincl</span> <span class='ocrx_word' id='word_1_550' title='bbox 1418 3679 1460 3741; x_wconf 84' lang='lat' dir='ltr'>sit</span> <span class='ocrx_word' id='word_1_551' title='bbox 1482 3697 1578 3758; x_wconf 83' lang='lat' dir='ltr'>quent</span> <span class='ocrx_word' id='word_1_552' title='bbox 1599 3678 1701 3757; x_wconf 88' lang='lat' dir='ltr'>panis</span> <span class='ocrx_word' id='word_1_553' title='bbox 1721 3679 1893 3755; x_wconf 79' lang='grc'>91919999,</span> <span class='ocrx_word' id='word_1_554' title='bbox 1920 3698 1981 3742; x_wconf 89' lang='lat' dir='ltr'>non</span> <span class='ocrx_word' id='word_1_555' title='bbox 2009 3699 2043 3742; x_wconf 89' lang='lat' dir='ltr'>eo</span> <span class='ocrx_word' id='word_1_556' title='bbox 2063 3677 2190 3759; x_wconf 66' lang='grc'>9199111-</span> 
     </span>
     <span class='ocr_line' id='line_1_41' title="bbox 183 3760 2189 3844; baseline 0.003 -23"><span class='ocrx_word' id='word_1_557' title='bbox 183 3780 261 3841; x_wconf 90' lang='lat' dir='ltr'>ergo</span> <span class='ocrx_word' id='word_1_558' title='bbox 283 3779 350 3823; x_wconf 95' lang='lat' dir='ltr'>non</span> <span class='ocrx_word' id='word_1_559' title='bbox 378 3761 541 3844; x_wconf 90' lang='lat' dir='ltr'>intelligat</span> <span class='ocrx_word' id='word_1_560' title='bbox 568 3782 687 3844; x_wconf 89' lang='lat' dir='ltr'>panem</span> <span class='ocrx_word' id='word_1_561' title='bbox 710 3762 893 3826; x_wconf 83' lang='grc'>9919999999</span> <span class='ocrx_word' id='word_1_562' title='bbox 915 3760 1156 3827; x_wconf 75' lang='lat' dir='ltr'>demonstrari?</span> <span class='ocrx_word' id='word_1_563' title='bbox 1210 3762 1864 3844; x_wconf 75' lang='grc'>999119911119991999991191,9911999</span> <span class='ocrx_word' id='word_1_564' title='bbox 1880 3763 1944 3828; x_wconf 87' lang='lat' dir='ltr'>alio</span> <span class='ocrx_word' id='word_1_565' title='bbox 1961 3765 2024 3828; x_wconf 91' lang='lat' dir='ltr'>loco</span> <span class='ocrx_word' id='word_1_566' title='bbox 2041 3763 2189 3828; x_wconf 72' lang='grc'>1991999919</span> 
     </span>
     <span class='ocr_line' id='line_1_42' title="bbox 179 3844 2191 3931; baseline 0.003 -23"><span class='ocrx_word' id='word_1_567' title='bbox 179 3844 325 3908; x_wconf 90' lang='lat' dir='ltr'>Proinde</span> <span class='ocrx_word' id='word_1_568' title='bbox 354 3866 422 3909; x_wconf 92' lang='lat' dir='ltr'>non</span> <span class='ocrx_word' id='word_1_569' title='bbox 450 3854 500 3911; x_wconf 92' lang='lat' dir='ltr'>est</span> <span class='ocrx_word' id='word_1_570' title='bbox 522 3868 581 3911; x_wconf 90' lang='lat' dir='ltr'>cur</span> <span class='ocrx_word' id='word_1_571' title='bbox 613 3868 648 3911; x_wconf 91' lang='grc'>99</span> <span class='ocrx_word' id='word_1_572' title='bbox 669 3847 847 3912; x_wconf 80' lang='lat' dir='ltr'>verborum</span> <span class='ocrx_word' id='word_1_573' title='bbox 874 3848 1061 3912; x_wconf 88' lang='lat' dir='ltr'>reverentia</span> <span class='ocrx_word' id='word_1_574' title='bbox 1087 3869 1157 3912; x_wconf 92' lang='lat' dir='ltr'>mo·</span> <span class='ocrx_word' id='word_1_575' title='bbox 1210 3868 1274 3913; x_wconf 81' lang='lat' dir='ltr'>esse</span> <span class='ocrx_word' id='word_1_576' title='bbox 1295 3868 1391 3929; x_wconf 83' lang='lat' dir='ltr'>quarn</span> <span class='ocrx_word' id='word_1_577' title='bbox 1419 3869 1595 3914; x_wconf 78' lang='grc'>9999999999</span> <span class='ocrx_word' id='word_1_578' title='bbox 1616 3848 1706 3926; x_wconf 85' lang='lat' dir='ltr'>cibos,</span> <span class='ocrx_word' id='word_1_579' title='bbox 1735 3850 1790 3931; x_wconf 78' lang='lat' dir='ltr'>qni</span> <span class='ocrx_word' id='word_1_580' title='bbox 1817 3850 1974 3914; x_wconf 76' lang='lat' dir='ltr'>duntaxat</span> <span class='ocrx_word' id='word_1_581' title='bbox 1995 3849 2037 3912; x_wconf 85' lang='lat' dir='ltr'>od</span> <span class='ocrx_word' id='word_1_582' title='bbox 2053 3869 2191 3928; x_wconf 80' lang='lat' dir='ltr'>pascen-</span> 
     </span>
     <span class='ocr_line' id='line_1_43' title="bbox 181 3929 2190 4017; baseline 0.001 -22"><span class='ocrx_word' id='word_1_583' title='bbox 181 3930 253 3995; x_wconf 88' lang='grc'>9991</span> <span class='ocrx_word' id='word_1_584' title='bbox 285 3929 481 4011; x_wconf 88' lang='lat' dir='ltr'>obtendant,</span> <span class='ocrx_word' id='word_1_585' title='bbox 515 3955 580 4016; x_wconf 94' lang='lat' dir='ltr'>quo</span> <span class='ocrx_word' id='word_1_586' title='bbox 612 3930 654 3996; x_wconf 89' lang='lat' dir='ltr'>ad</span> <span class='ocrx_word' id='word_1_587' title='bbox 682 3934 824 4017; x_wconf 88' lang='lat' dir='ltr'>glossam</span> <span class='ocrx_word' id='word_1_588' title='bbox 856 3933 954 3997; x_wconf 91' lang='lat' dir='ltr'>istam</span> <span class='ocrx_word' id='word_1_589' title='bbox 976 3933 1158 4016; x_wconf 86' lang='lat' dir='ltr'>suffugiant</span> <span class='ocrx_word' id='word_1_590' title='bbox 1209 3934 1285 3998; x_wconf 82' lang='lat' dir='ltr'>dnm</span> <span class='ocrx_word' id='word_1_591' title='bbox 1306 3939 1442 3998; x_wconf 78' lang='grc'>99919999</span> <span class='ocrx_word' id='word_1_592' title='bbox 1463 3939 1538 3998; x_wconf 83' lang='lat' dir='ltr'>sunt</span> <span class='ocrx_word' id='word_1_593' title='bbox 1558 3936 1724 4013; x_wconf 83' lang='lat' dir='ltr'>destineti;</span> <span class='ocrx_word' id='word_1_594' title='bbox 1746 3955 1844 4015; x_wconf 81' lang='lat' dir='ltr'>qnam</span> <span class='ocrx_word' id='word_1_595' title='bbox 1865 3936 1901 3999; x_wconf 88' lang='lat' dir='ltr'>in</span> <span class='ocrx_word' id='word_1_596' title='bbox 1922 3936 1967 3999; x_wconf 82' lang='lat' dir='ltr'>iis</span> <span class='ocrx_word' id='word_1_597' title='bbox 1988 3933 2078 3999; x_wconf 82' lang='lat' dir='ltr'>nobis</span> <span class='ocrx_word' id='word_1_598' title='bbox 2099 3934 2190 3998; x_wconf 77' lang='grc'>99191-</span> 
     </span>
     <span class='ocr_line' id='line_1_44' title="bbox 182 4014 2190 4101; baseline 0.004 -22"><span class='ocrx_word' id='word_1_599' title='bbox 182 4014 262 4079; x_wconf 89' lang='lat' dir='ltr'>adeo</span> <span class='ocrx_word' id='word_1_600' title='bbox 296 4023 440 4080; x_wconf 90' lang='lat' dir='ltr'>coactam</span> <span class='ocrx_word' id='word_1_601' title='bbox 472 4038 509 4081; x_wconf 89' lang='lat' dir='ltr'>ac</span> <span class='ocrx_word' id='word_1_602' title='bbox 537 4020 699 4084; x_wconf 83' lang='lat' dir='ltr'>violenter</span> <span class='ocrx_word' id='word_1_603' title='bbox 727 4026 921 4084; x_wconf 87' lang='lat' dir='ltr'>contortam.</span> <span class='ocrx_word' id='word_1_604' title='bbox 972 4020 1036 4083; x_wconf 85' lang='lat' dir='ltr'>Est</span> <span class='ocrx_word' id='word_1_605' title='bbox 1068 4020 1156 4083; x_wconf 91' lang='lat' dir='ltr'>enim</span> <span class='ocrx_word' id='word_1_606' title='bbox 1210 4018 1319 4082; x_wconf 78' lang='grc'>199199·</span> <span class='ocrx_word' id='word_1_607' title='bbox 1346 4019 1530 4099; x_wconf 74' lang='grc'>9919199119</span> <span class='ocrx_word' id='word_1_608' title='bbox 1558 4021 1685 4084; x_wconf 85' lang='lat' dir='ltr'>animae</span> <span class='ocrx_word' id='word_1_609' title='bbox 1710 4020 1799 4085; x_wconf 83' lang='lat' dir='ltr'>cibos</span> <span class='ocrx_word' id='word_1_610' title='bbox 1820 4041 1856 4084; x_wconf 88' lang='lat' dir='ltr'>oe</span> <span class='ocrx_word' id='word_1_611' title='bbox 1872 4026 1978 4100; x_wconf 81' lang='lat' dir='ltr'>potes.</span> <span class='ocrx_word' id='word_1_612' title='bbox 2023 4019 2190 4101; x_wconf 71' lang='grc'>1999999</span> 
     </span>
     <span class='ocr_line' id='line_1_45' title="bbox 180 4101 2190 4189; baseline 0.003 -24"><span class='ocrx_word' id='word_1_613' title='bbox 180 4101 242 4168; x_wconf 92' lang='lat' dir='ltr'>hoo</span> <span class='ocrx_word' id='word_1_614' title='bbox 265 4101 419 4185; x_wconf 85' lang='lat' dir='ltr'>gentibus</span> <span class='ocrx_word' id='word_1_615' title='bbox 436 4125 474 4169; x_wconf 89' lang='lat' dir='ltr'>ao</span> <span class='ocrx_word' id='word_1_616' title='bbox 491 4103 614 4189; x_wconf 91' lang='lat' dir='ltr'>linguis</span> <span class='ocrx_word' id='word_1_617' title='bbox 635 4105 788 4170; x_wconf 92' lang='lat' dir='ltr'>omnibus</span> <span class='ocrx_word' id='word_1_618' title='bbox 804 4105 1001 4185; x_wconf 89' lang='lat' dir='ltr'>inauditum,</span> <span class='ocrx_word' id='word_1_619' title='bbox 1026 4112 1063 4169; x_wconf 92' lang='lat' dir='ltr'>ut</span> <span class='ocrx_word' id='word_1_620' title='bbox 1080 4105 1157 4170; x_wconf 91' lang='lat' dir='ltr'>sub-</span> <span class='ocrx_word' id='word_1_621' title='bbox 1209 4124 1266 4168; x_wconf 91' lang='lat' dir='ltr'>nos</span> <span class='ocrx_word' id='word_1_622' title='bbox 1286 4125 1444 4188; x_wconf 83' lang='lat' dir='ltr'>nepomns.</span> <span class='ocrx_word' id='word_1_623' title='bbox 1490 4103 1528 4168; x_wconf 96' lang='grc'>81</span> <span class='ocrx_word' id='word_1_624' title='bbox 1549 4106 1706 4170; x_wconf 77' lang='lat' dir='ltr'>coneneie</span> <span class='ocrx_word' id='word_1_625' title='bbox 1726 4111 1778 4184; x_wconf 85' lang='lat' dir='ltr'>est,</span> <span class='ocrx_word' id='word_1_626' title='bbox 1800 4106 1951 4187; x_wconf 75' lang='lat' dir='ltr'>irtqnlnnt</span> <span class='ocrx_word' id='word_1_627' title='bbox 1969 4107 2045 4183; x_wconf 71' lang='lat' dir='ltr'>tet,</span> <span class='ocrx_word' id='word_1_628' title='bbox 2064 4126 2190 4172; x_wconf 76' lang='lat' dir='ltr'>neeesse</span> 
     </span>
     <span class='ocr_line' id='line_1_46' title="bbox 180 4188 2190 4275; baseline 0.001 -22"><span class='ocrx_word' id='word_1_629' title='bbox 180 4188 335 4253; x_wconf 88' lang='lat' dir='ltr'>stantiale</span> <span class='ocrx_word' id='word_1_630' title='bbox 357 4189 495 4253; x_wconf 85' lang='lat' dir='ltr'>verbum</span> <span class='ocrx_word' id='word_1_631' title='bbox 517 4191 552 4253; x_wconf 91' lang='lat' dir='ltr'>in</span> <span class='ocrx_word' id='word_1_632' title='bbox 575 4191 663 4254; x_wconf 92' lang='lat' dir='ltr'>hunc</span> <span class='ocrx_word' id='word_1_633' title='bbox 684 4211 818 4255; x_wconf 91' lang='lat' dir='ltr'>sensum</span> <span class='ocrx_word' id='word_1_634' title='bbox 838 4201 1026 4275; x_wconf 88' lang='lat' dir='ltr'>usurpetur.</span> <span class='ocrx_word' id='word_1_635' title='bbox 1068 4188 1157 4255; x_wconf 82' lang='lat' dir='ltr'>Sunt</span> <span class='ocrx_word' id='word_1_636' title='bbox 1209 4195 1254 4254; x_wconf 87' lang='lat' dir='ltr'>cst</span> <span class='ocrx_word' id='word_1_637' title='bbox 1281 4191 1436 4255; x_wconf 78' lang='grc'>9119199</span> <span class='ocrx_word' id='word_1_638' title='bbox 1464 4191 1529 4255; x_wconf 88' lang='grc'>9119</span> <span class='ocrx_word' id='word_1_639' title='bbox 1547 4190 1628 4271; x_wconf 73' lang='lat' dir='ltr'>fieri.</span> <span class='ocrx_word' id='word_1_640' title='bbox 1675 4189 1713 4254; x_wconf 92' lang='grc'>81</span> <span class='ocrx_word' id='word_1_641' title='bbox 1745 4192 1924 4274; x_wconf 79' lang='lat' dir='ltr'>intellipnnt</span> <span class='ocrx_word' id='word_1_642' title='bbox 1954 4191 2027 4271; x_wconf 76' lang='grc'>1991</span> <span class='ocrx_word' id='word_1_643' title='bbox 2057 4191 2190 4271; x_wconf 78' lang='lat' dir='ltr'>aliquid</span> 
     </span>
     <span class='ocr_line' id='line_1_47' title="bbox 180 4274 2188 4360; baseline 0.001 -22"><span class='ocrx_word' id='word_1_644' title='bbox 180 4284 214 4338; x_wconf 90' lang='lat' dir='ltr'>et</span> <span class='ocrx_word' id='word_1_645' title='bbox 236 4274 320 4339; x_wconf 84' lang='lat' dir='ltr'>aliae</span> <span class='ocrx_word' id='word_1_646' title='bbox 340 4283 511 4357; x_wconf 83' lang='lat' dir='ltr'>praeterea</span> <span class='ocrx_word' id='word_1_647' title='bbox 533 4296 600 4339; x_wconf 93' lang='lat' dir='ltr'>non</span> <span class='ocrx_word' id='word_1_648' title='bbox 622 4277 711 4342; x_wconf 88' lang='lat' dir='ltr'>leves</span> <span class='ocrx_word' id='word_1_649' title='bbox 734 4278 879 4341; x_wconf 89' lang='lat' dir='ltr'>rationes</span> <span class='ocrx_word' id='word_1_650' title='bbox 901 4276 1021 4360; x_wconf 91' lang='lat' dir='ltr'>quibus</span> <span class='ocrx_word' id='word_1_651' title='bbox 1043 4276 1156 4340; x_wconf 84' lang='grc'>99919-</span> <span class='ocrx_word' id='word_1_652' title='bbox 1208 4277 1291 4356; x_wconf 83' lang='lat' dir='ltr'>qnod</span> <span class='ocrx_word' id='word_1_653' title='bbox 1312 4277 1411 4355; x_wconf 84' lang='lat' dir='ltr'>prins</span> <span class='ocrx_word' id='word_1_654' title='bbox 1438 4297 1501 4340; x_wconf 89' lang='lat' dir='ltr'>non</span> <span class='ocrx_word' id='word_1_655' title='bbox 1526 4282 1608 4353; x_wconf 84' lang='lat' dir='ltr'>erat,</span> <span class='ocrx_word' id='word_1_656' title='bbox 1636 4278 1798 4342; x_wconf 84' lang='lat' dir='ltr'>assentior.</span> <span class='ocrx_word' id='word_1_657' title='bbox 1844 4277 2071 4358; x_wconf 78' lang='grc'>8199199999</span> <span class='ocrx_word' id='word_1_658' title='bbox 2091 4277 2188 4341; x_wconf 84' lang='lat' dir='ltr'>illam</span> 
     </span>
     <span class='ocr_line' id='line_1_48' title="bbox 179 4360 2188 4448; baseline 0.001 -25"><span class='ocrx_word' id='word_1_659' title='bbox 179 4360 358 4424; x_wconf 85' lang='grc'>9991199119</span> <span class='ocrx_word' id='word_1_660' title='bbox 380 4369 510 4443; x_wconf 90' lang='lat' dir='ltr'>queant.</span> <span class='ocrx_word' id='word_1_661' title='bbox 545 4360 717 4443; x_wconf 84' lang='lat' dir='ltr'>Siquidem</span> <span class='ocrx_word' id='word_1_662' title='bbox 737 4363 785 4426; x_wconf 90' lang='lat' dir='ltr'>ita</span> <span class='ocrx_word' id='word_1_663' title='bbox 801 4364 999 4448; x_wconf 83' lang='lat' dir='ltr'>mysterium</span> <span class='ocrx_word' id='word_1_664' title='bbox 1019 4362 1154 4439; x_wconf 90' lang='lat' dir='ltr'>tollitur,</span> <span class='ocrx_word' id='word_1_665' title='bbox 1207 4361 1464 4444; x_wconf 63' lang='lat' dir='ltr'>imaginationes</span> <span class='ocrx_word' id='word_1_666' title='bbox 1483 4362 1606 4427; x_wconf 84' lang='lat' dir='ltr'>trabere</span> <span class='ocrx_word' id='word_1_667' title='bbox 1625 4362 1741 4440; x_wconf 80' lang='grc'>991999,</span> <span class='ocrx_word' id='word_1_668' title='bbox 1763 4364 1970 4442; x_wconf 76' lang='lat' dir='ltr'>respondeant</span> <span class='ocrx_word' id='word_1_669' title='bbox 1985 4361 2066 4426; x_wconf 82' lang='lat' dir='ltr'>mibi</span> <span class='ocrx_word' id='word_1_670' title='bbox 2085 4381 2188 4442; x_wconf 82' lang='lat' dir='ltr'>qnam</span> 
     </span>
     <span class='ocr_line' id='line_1_49' title="bbox 200 4445 2188 4536; baseline 0.002 -27"><span class='ocrx_word' id='word_1_671' title='bbox 200 4445 267 4510; x_wconf 91' lang='lat' dir='ltr'>uod</span> <span class='ocrx_word' id='word_1_672' title='bbox 295 4446 334 4512; x_wconf 62' lang='grc'>»19</span> <span class='ocrx_word' id='word_1_673' title='bbox 362 4467 464 4512; x_wconf 88' lang='grc'>99999</span> <span class='ocrx_word' id='word_1_674' title='bbox 489 4467 550 4512; x_wconf 89' lang='grc'>999</span> <span class='ocrx_word' id='word_1_675' title='bbox 578 4456 823 4531; x_wconf 88' lang='lat' dir='ltr'>repraesentare</span> <span class='ocrx_word' id='word_1_676' title='bbox 844 4447 1153 4536; x_wconf 27' lang='lat' dir='ltr'>Dominusqvoluit.</span> <span class='ocrx_word' id='word_1_677' title='bbox 1207 4449 1408 4512; x_wconf 57' lang='lat' dir='ltr'>mentionem</span> <span class='ocrx_word' id='word_1_678' title='bbox 1432 4447 1505 4528; x_wconf 76' lang='lat' dir='ltr'>sieri</span> <span class='ocrx_word' id='word_1_679' title='bbox 1531 4448 1669 4513; x_wconf 81' lang='grc'>99911999</span> <span class='ocrx_word' id='word_1_680' title='bbox 1695 4450 1731 4513; x_wconf 85' lang='lat' dir='ltr'>in</span> <span class='ocrx_word' id='word_1_681' title='bbox 1760 4448 1922 4528; x_wconf 83' lang='lat' dir='ltr'>baptismo.</span> <span class='ocrx_word' id='word_1_682' title='bbox 1968 4448 2055 4512; x_wconf 85' lang='lat' dir='ltr'>Nem</span> <span class='ocrx_word' id='word_1_683' title='bbox 2069 4453 2188 4527; x_wconf 82' lang='lat' dir='ltr'>potres</span> 
     </span>
     <span class='ocr_line' id='line_1_50' title="bbox 179 4466 2187 4617; baseline 0.001 -23"><span class='ocrx_word' id='word_1_684' title='bbox 179 4466 269 4612; x_wconf 45' lang='lat' dir='ltr'>Quid</span> <span class='ocrx_word' id='word_1_685' title='bbox 292 4532 382 4595; x_wconf 90' lang='lat' dir='ltr'>enim</span> <span class='ocrx_word' id='word_1_686' title='bbox 403 4541 454 4598; x_wconf 91' lang='lat' dir='ltr'>est</span> <span class='ocrx_word' id='word_1_687' title='bbox 475 4553 576 4598; x_wconf 88' lang='lat' dir='ltr'>coena</span> <span class='ocrx_word' id='word_1_688' title='bbox 596 4534 663 4598; x_wconf 92' lang='lat' dir='ltr'>nisi</span> <span class='ocrx_word' id='word_1_689' title='bbox 679 4533 817 4599; x_wconf 88' lang='lat' dir='ltr'>visibilis</span> <span class='ocrx_word' id='word_1_690' title='bbox 835 4542 870 4598; x_wconf 89' lang='grc'>99</span> <span class='ocrx_word' id='word_1_691' title='bbox 887 4534 1062 4617; x_wconf 86' lang='lat' dir='ltr'>conspicua</span> <span class='ocrx_word' id='word_1_692' title='bbox 1079 4553 1155 4615; x_wconf 90' lang='lat' dir='ltr'>pro·</span> <span class='ocrx_word' id='word_1_693' title='bbox 1206 4531 1256 4596; x_wconf 84' lang='grc'>1919</span> <span class='ocrx_word' id='word_1_694' title='bbox 1285 4553 1405 4614; x_wconf 82' lang='lat' dir='ltr'>qnoque</span> <span class='ocrx_word' id='word_1_695' title='bbox 1436 4533 1606 4614; x_wconf 68' lang='lat' dir='ltr'>mirificant</span> <span class='ocrx_word' id='word_1_696' title='bbox 1635 4536 1863 4599; x_wconf 81' lang='lat' dir='ltr'>conversionem</span> <span class='ocrx_word' id='word_1_697' title='bbox 1893 4539 2049 4607; x_wconf 79' lang='grc'>91919991,</span> <span class='ocrx_word' id='word_1_698' title='bbox 2083 4554 2187 4613; x_wconf 82' lang='lat' dir='ltr'>qnnrn</span> 
     </span>
     <span class='ocr_line' id='line_1_51' title="bbox 178 4616 2187 4702; baseline 0.002 -22"><span class='ocrx_word' id='word_1_699' title='bbox 178 4617 345 4682; x_wconf 89' lang='lat' dir='ltr'>missionis</span> <span class='ocrx_word' id='word_1_700' title='bbox 368 4619 438 4683; x_wconf 91' lang='lat' dir='ltr'>eius</span> <span class='ocrx_word' id='word_1_701' title='bbox 465 4619 650 4684; x_wconf 89' lang='lat' dir='ltr'>testificatio</span> <span class='ocrx_word' id='word_1_702' title='bbox 673 4639 755 4702; x_wconf 89' lang='lat' dir='ltr'>quae</span> <span class='ocrx_word' id='word_1_703' title='bbox 778 4620 913 4684; x_wconf 89' lang='lat' dir='ltr'>Ioannis</span> <span class='ocrx_word' id='word_1_704' title='bbox 938 4626 1031 4683; x_wconf 79' lang='lat' dir='ltr'>sexto</span> <span class='ocrx_word' id='word_1_705' title='bbox 1053 4616 1153 4682; x_wconf 89' lang='lat' dir='ltr'>habe·</span> <span class='ocrx_word' id='word_1_706' title='bbox 1206 4617 1316 4683; x_wconf 79' lang='grc'>119991</span> <span class='ocrx_word' id='word_1_707' title='bbox 1336 4639 1374 4683; x_wconf 78' lang='lat' dir='ltr'>eo</span> <span class='ocrx_word' id='word_1_708' title='bbox 1395 4618 1596 4698; x_wconf 78' lang='lat' dir='ltr'>corruptibili</span> <span class='ocrx_word' id='word_1_709' title='bbox 1618 4620 1762 4684; x_wconf 79' lang='lat' dir='ltr'>elentento</span> <span class='ocrx_word' id='word_1_710' title='bbox 1780 4619 1853 4699; x_wconf 74' lang='lat' dir='ltr'>pert</span> <span class='ocrx_word' id='word_1_711' title='bbox 1871 4619 2039 4700; x_wconf 78' lang='lat' dir='ltr'>spirituale</span> <span class='ocrx_word' id='word_1_712' title='bbox 2055 4619 2187 4684; x_wconf 77' lang='lat' dir='ltr'>cannae</span> 
     </span>
     <span class='ocr_line' id='line_1_52' title="bbox 178 4701 2185 4802; baseline 0.001 -36"><span class='ocrx_word' id='word_1_713' title='bbox 178 4709 248 4766; x_wconf 92' lang='lat' dir='ltr'>tur:</span> <span class='ocrx_word' id='word_1_714' title='bbox 272 4725 347 4768; x_wconf 90' lang='lat' dir='ltr'>nem</span> <span class='ocrx_word' id='word_1_715' title='bbox 372 4726 399 4784; x_wconf 93' lang='lat' dir='ltr'>e,</span> <span class='ocrx_word' id='word_1_716' title='bbox 422 4704 594 4770; x_wconf 88' lang='lat' dir='ltr'>Christum</span> <span class='ocrx_word' id='word_1_717' title='bbox 617 4725 688 4770; x_wconf 90' lang='lat' dir='ltr'>esse</span> <span class='ocrx_word' id='word_1_718' title='bbox 704 4725 824 4802; x_wconf 87' lang='grc'>999999</span> <span class='ocrx_word' id='word_1_719' title='bbox 843 4706 930 4770; x_wconf 87' lang='grc'>91999</span> <span class='ocrx_word' id='word_1_720' title='bbox 953 4703 1010 4786; x_wconf 89' lang='lat' dir='ltr'>qui</span> <span class='ocrx_word' id='word_1_721' title='bbox 1028 4725 1045 4768; x_wconf 92' lang='grc'>9</span> <span class='ocrx_word' id='word_1_722' title='bbox 1063 4704 1153 4768; x_wconf 90' lang='grc'>99919</span> <span class='ocrx_word' id='word_1_723' title='bbox 1205 4701 1375 4769; x_wconf 66' lang='lat' dir='ltr'>bonerum.</span> <span class='ocrx_word' id='word_1_724' title='bbox 1426 4705 1556 4787; x_wconf 80' lang='lat' dir='ltr'>Aqnorn</span> <span class='ocrx_word' id='word_1_725' title='bbox 1584 4710 1687 4770; x_wconf 83' lang='lat' dir='ltr'>tamen</span> <span class='ocrx_word' id='word_1_726' title='bbox 1719 4726 1845 4770; x_wconf 76' lang='lat' dir='ltr'>nmnere</span> <span class='ocrx_word' id='word_1_727' title='bbox 1872 4726 1960 4770; x_wconf 85' lang='lat' dir='ltr'>nemo</span> <span class='ocrx_word' id='word_1_728' title='bbox 1985 4709 2083 4787; x_wconf 81' lang='lat' dir='ltr'>nepot</span> <span class='ocrx_word' id='word_1_729' title='bbox 2135 4704 2185 4769; x_wconf 86' lang='lat' dir='ltr'>At</span> 
     </span>
     <span class='ocr_line' id='line_1_53' title="bbox 178 4726 2194 4875; baseline 0.001 -23"><span class='ocrx_word' id='word_1_730' title='bbox 178 4726 370 4853; x_wconf 78' lang='lat' dir='ltr'>descenditl</span> <span class='ocrx_word' id='word_1_731' title='bbox 400 4791 503 4857; x_wconf 89' lang='lat' dir='ltr'>Panis</span> <span class='ocrx_word' id='word_1_732' title='bbox 525 4812 604 4875; x_wconf 88' lang='lat' dir='ltr'>ergo</span> <span class='ocrx_word' id='word_1_733' title='bbox 625 4787 765 4856; x_wconf 84' lang='grc'>9191199119</span> <span class='ocrx_word' id='word_1_734' title='bbox 787 4789 975 4874; x_wconf 88' lang='lat' dir='ltr'>symbolum</span> <span class='ocrx_word' id='word_1_735' title='bbox 997 4789 1041 4853; x_wconf 91' lang='lat' dir='ltr'>sit</span> <span class='ocrx_word' id='word_1_736' title='bbox 1058 4810 1153 4873; x_wconf 90' lang='lat' dir='ltr'>opor·</span> <span class='ocrx_word' id='word_1_737' title='bbox 1205 4789 1301 4868; x_wconf 82' lang='grc'>911911,</span> <span class='ocrx_word' id='word_1_738' title='bbox 1329 4790 1491 4872; x_wconf 83' lang='lat' dir='ltr'>inqninnt,</span> <span class='ocrx_word' id='word_1_739' title='bbox 1515 4791 1576 4856; x_wconf 84' lang='lat' dir='ltr'>tale</span> <span class='ocrx_word' id='word_1_740' title='bbox 1597 4792 1633 4856; x_wconf 85' lang='lat' dir='ltr'>in</span> <span class='ocrx_word' id='word_1_741' title='bbox 1655 4789 1807 4871; x_wconf 77' lang='lat' dir='ltr'>baptismo</span> <span class='ocrx_word' id='word_1_742' title='bbox 1835 4790 1965 4856; x_wconf 77' lang='grc'>19919199</span> <span class='ocrx_word' id='word_1_743' title='bbox 1986 4790 2078 4872; x_wconf 80' lang='lat' dir='ltr'>quale</span> <span class='ocrx_word' id='word_1_744' title='bbox 2097 4789 2194 4855; x_wconf 75' lang='lat' dir='ltr'>illnel&#39;</span> 
     </span>
     <span class='ocr_line' id='line_1_54' title="bbox 176 4875 2186 4960; baseline 0.002 -24"><span class='ocrx_word' id='word_1_745' title='bbox 176 4881 225 4937; x_wconf 84' lang='lat' dir='ltr'>tet</span> <span class='ocrx_word' id='word_1_746' title='bbox 250 4895 315 4956; x_wconf 92' lang='lat' dir='ltr'>quo</span> <span class='ocrx_word' id='word_1_747' title='bbox 342 4877 523 4958; x_wconf 89' lang='lat' dir='ltr'>spiritualis</span> <span class='ocrx_word' id='word_1_748' title='bbox 549 4877 605 4941; x_wconf 91' lang='lat' dir='ltr'>ille</span> <span class='ocrx_word' id='word_1_749' title='bbox 632 4878 808 4960; x_wconf 86' lang='lat' dir='ltr'>figuretur:</span> <span class='ocrx_word' id='word_1_750' title='bbox 838 4875 904 4940; x_wconf 89' lang='lat' dir='ltr'>nisi</span> <span class='ocrx_word' id='word_1_751' title='bbox 929 4875 1024 4942; x_wconf 90' lang='lat' dir='ltr'>nobis</span> <span class='ocrx_word' id='word_1_752' title='bbox 1044 4876 1152 4958; x_wconf 90' lang='lat' dir='ltr'>parire</span> <span class='ocrx_word' id='word_1_753' title='bbox 1204 4881 1250 4941; x_wconf 88' lang='lat' dir='ltr'>est</span> <span class='ocrx_word' id='word_1_754' title='bbox 1271 4876 1435 4943; x_wconf 76' lang='grc'>19999999</span> <span class='ocrx_word' id='word_1_755' title='bbox 1461 4877 1515 4943; x_wconf 80' lang='lat' dir='ltr'>boc</span> <span class='ocrx_word' id='word_1_756' title='bbox 1536 4882 1581 4941; x_wconf 84' lang='lat' dir='ltr'>eat</span> <span class='ocrx_word' id='word_1_757' title='bbox 1608 4898 1722 4957; x_wconf 78' lang='lat' dir='ltr'>capno</span> <span class='ocrx_word' id='word_1_758' title='bbox 1742 4897 1851 4941; x_wconf 72' lang='lat' dir='ltr'>menne.</span> <span class='ocrx_word' id='word_1_759' title='bbox 1899 4876 2057 4958; x_wconf 70' lang='grc'>91999119</span> <span class='ocrx_word' id='word_1_760' title='bbox 2078 4875 2186 4940; x_wconf 82' lang='lat' dir='ltr'>verbis</span> 
     </span>
     <span class='ocr_line' id='line_1_55' title="bbox 175 4959 2185 5051; baseline 0.003 -29"><span class='ocrx_word' id='word_1_761' title='bbox 175 4959 329 5024; x_wconf 83' lang='lat' dir='ltr'>volumus</span> <span class='ocrx_word' id='word_1_762' title='bbox 347 4982 476 5026; x_wconf 91' lang='lat' dir='ltr'>omnem</span> <span class='ocrx_word' id='word_1_763' title='bbox 494 4961 727 5027; x_wconf 86' lang='lat' dir='ltr'>consolationis</span> <span class='ocrx_word' id='word_1_764' title='bbox 743 4961 897 5041; x_wconf 89' lang='lat' dir='ltr'>fructum,</span> <span class='ocrx_word' id='word_1_765' title='bbox 920 4981 1019 5046; x_wconf 90' lang='lat' dir='ltr'>quem</span> <span class='ocrx_word' id='word_1_766' title='bbox 1035 4962 1071 5026; x_wconf 90' lang='lat' dir='ltr'>in</span> <span class='ocrx_word' id='word_1_767' title='bbox 1090 4964 1152 5028; x_wconf 92' lang='lat' dir='ltr'>hao</span> <span class='ocrx_word' id='word_1_768' title='bbox 1203 4961 1271 5026; x_wconf 86' lang='lat' dir='ltr'>illis</span> <span class='ocrx_word' id='word_1_769' title='bbox 1292 4969 1408 5046; x_wconf 79' lang='lat' dir='ltr'>apator</span> <span class='ocrx_word' id='word_1_770' title='bbox 1435 4982 1516 5044; x_wconf 84' lang='lat' dir='ltr'>qnae</span> <span class='ocrx_word' id='word_1_771' title='bbox 1537 4963 1617 5028; x_wconf 83' lang='lat' dir='ltr'>sotis</span> <span class='ocrx_word' id='word_1_772' title='bbox 1645 4962 1823 5051; x_wconf 71' lang='lat' dir='ltr'>expeditum</span> <span class='ocrx_word' id='word_1_773' title='bbox 1842 4982 1969 5028; x_wconf 80' lang='grc'>9999999</span> <span class='ocrx_word' id='word_1_774' title='bbox 1988 4961 2114 5040; x_wconf 80' lang='lat' dir='ltr'>babent,</span> <span class='ocrx_word' id='word_1_775' title='bbox 2144 4981 2185 5028; x_wconf 84' lang='lat' dir='ltr'>oc</span> 
     </span>
    </p>
   </div>
   <div class='ocr_carea' id='block_1_3' title="bbox 247 5233 1762 5306">
    <p class='ocr_par' dir='ltr' id='par_1_4' title="bbox 247 5233 1762 5306">
     <span class='ocr_line' id='line_1_56' title="bbox 247 5233 1762 5306; baseline 0.003 -23"><span class='ocrx_word' id='word_1_776' title='bbox 247 5233 276 5300; x_wconf 90' lang='lat'>1)</span> <span class='ocrx_word' id='word_1_777' title='bbox 294 5235 428 5301; x_wconf 92' lang='lat' dir='ltr'>quomodo</span> <span class='ocrx_word' id='word_1_778' title='bbox 447 5235 496 5287; x_wconf 89' lang='lat' dir='ltr'>sub</span> <span class='ocrx_word' id='word_1_779' title='bbox 515 5237 607 5303; x_wconf 86' lang='lat' dir='ltr'>specie</span> <span class='ocrx_word' id='word_1_780' title='bbox 621 5237 699 5304; x_wconf 87' lang='lat' dir='ltr'>panis</span> <span class='ocrx_word' id='word_1_781' title='bbox 717 5236 808 5290; x_wconf 83' lang='lat' dir='ltr'>lateat·</span> <span class='ocrx_word' id='word_1_782' title='bbox 820 5252 920 5304; x_wconf 90' lang='grc'>999999</span> <span class='ocrx_word' id='word_1_783' title='bbox 941 5234 1009 5288; x_wconf 80' lang='lat'>1543</span> <span class='ocrx_word' id='word_1_784' title='bbox 1026 5251 1097 5306; x_wconf 80' lang='lat' dir='ltr'>seqq.</span> <span class='ocrx_word' id='word_1_785' title='bbox 1230 5275 1232 5280; x_wconf 83' lang='lat'><em>-</em></span> <span class='ocrx_word' id='word_1_786' title='bbox 1273 5237 1302 5305; x_wconf 86' lang='lat'>1)</span> <span class='ocrx_word' id='word_1_787' title='bbox 1323 5235 1393 5291; x_wconf 86' lang='lat' dir='ltr'>Olim</span> <span class='ocrx_word' id='word_1_788' title='bbox 1411 5237 1572 5291; x_wconf 80' lang='grc'>9991991999</span> <span class='ocrx_word' id='word_1_789' title='bbox 1591 5234 1666 5295; x_wconf 72' lang='lat'>1539.</span> <span class='ocrx_word' id='word_1_790' title='bbox 1687 5234 1762 5289; x_wconf 73' lang='lat'>1543.</span> 
     </span>
    </p>
   </div>
   <div class='ocr_carea' id='block_1_4' title="bbox 1644 5549 1654 5587">
    <p class='ocr_par' dir='ltr' id='par_1_5' title="bbox 1644 5549 1654 5587">
     <span class='ocr_line' id='line_1_57' title="bbox 1644 5549 1654 5587; baseline 0 0"><span class='ocrx_word' id='word_1_791' title='bbox 1644 5549 1654 5587; x_wconf 82' lang='lat' dir='ltr'>l</span> 
     </span>
    </p>
   </div>
   <div class='ocr_carea' id='block_1_5' title="bbox 0 0 2370 6022">
    <p class='ocr_par' dir='ltr' id='par_1_6' title="bbox 0 0 2370 6022">
     <span class='ocr_line' id='line_1_58' title="bbox 0 0 2370 6022; baseline 0 0"><span class='ocrx_word' id='word_1_792' title='bbox 0 0 2370 6022; x_wconf 95' lang='lat' dir='ltr'> </span> 
     </span>
    </p>
   </div>
  </div>
 </body>
</html>
