4770 6030
199 336 261 396 625
744 330 844 398 666).
867 331 1076 417 amar.)
1120 328 1647 399 smomnxomofflo.
2133 336 2197 398 666

197 446 310 514 onor,
328 443 430 499 coos.
1100 489 1105 503 .

197 520 286 584 illam
312 432 550 586 abominitionis
580 527 651 585 tinec
677 520 867 603 uiuendum,
900 519 953 583 uli
984 518 1172 584 universalis
1223 539 1341 601 cunque
1361 519 1398 583 de
1422 515 1545 584 Christo
1565 521 1683 602 scripta
1703 526 1776 585 suut
1798 540 1834 585 ao
1855 520 2012 599 docentur,
2035 522 2197 588 mendacio

197 606 350 687 66666666
376 607 500 687 desectio
527 607 682 672 ecelesiam
708 607 878 687 occuparit;
905 611 1055 686 66666666
1074 604 1172 669 miella
1223 626 1288 670 esse
1308 610 1337 670 et
1356 605 1553 685 imposturas.
1589 606 1736 686 Tertium,
1758 607 1930 671 doctrinam
1947 607 1985 672 de
2004 606 2115 687 futura
2132 608 2198 673 uu

197 691 338 756 ecclesiae
362 691 500 756 nummo
526 694 560 756 in
580 714 653 757 vera
676 692 752 773 fidei
771 693 888 756 audate
907 692 1047 773 sparsim
1067 710 1173 772 perse-
1224 691 1379 755 dultimo
1396 691 1622 770 resurrectione,
1640 713 1743 757 meras
1758 712 1824 757 esse
1839 691 1972 774 tabulas
2005 691 2079 756 Non
2094 712 2198 759 666666
2272 702 2274 706 ’

197 781 307 841 acrent.
354 777 457 858 Quum
476 799 545 842 oero
566 779 655 843 addit
681 798 737 842 suo
764 782 894 859 temporo
915 777 1047 858 coepisse
1067 776 1172 842 moliri
1223 778 1270 841 ita
1287 778 1428 855 sentiunt,
1449 777 1591 857 etpouoi
1610 777 1657 842 ila
1672 778 1847 861 loquuntur,
1861 779 1977 861 fateor,
1993 777 2059 841 iam
2072 778 2199 859 pridern

197 864 233 926 in
254 864 397 944 mysterio
417 884 496 946 opus
516 864 703 945 miquitatis,
724 864 805 943 quod
818 867 928 944 postea
941 862 1055 944 palam
1070 862 1173 943 sactu-
1224 866 1326 927 tamen
1357 862 1430 927 laec
1461 862 1625 927 ordinario
1657 884 1722 928 esse
1748 865 1842 946 coepit
1871 865 2052 946 pontificum
2080 864 2197 946 relipic.

197 968 255 1012 rus
280 953 370 1027 esset,
401 969 438 1012 ea
466 970 499 1013 eo
527 949 729 1032 intellipimas
755 949 958 1013 calamitatem
979 948 1058 1012 lianc
1078 968 1174 1027 neque
1225 948 1292 1013 Hoc
1313 969 1409 1030 quum
1435 947 1477 1010 sit
1498 949 1693 1013 notissimam
1714 948 1855 1014 munibus
1877 951 1932 1032 qui
1956 948 2090 1014 Roriam
2111 970 2198 1014 noae-

192 1054 252 1115 per
272 1055 371 1097 unum
400 1033 553 1098 horninem
579 1035 681 1116 fuisse
701 1033 910 1114 metuendam,
939 1053 1035 1114 nepae
1056 1034 1091 1096 in
1111 1054 1173 1098 uuo
1224 1039 1311 1112 runt,
1340 1054 1402 1098 nou
1427 1039 1546 1096 cessant
1571 1039 1672 1099 tamen
1698 1055 1894 1100 rornanenses
1920 1035 2046 1118 tluolopi
2072 1035 2198 1115 iactare,

197 1119 318 1184 lomim
335 1120 513 1201 inunctam.
555 1119 654 1184 Porro
675 1140 772 1201 quum
793 1119 851 1183 lcac
869 1123 941 1182 nota
963 1119 1098 1202 desipiet
1119 1139 1174 1183 an·
1226 1118 1344 1184 Christi
1363 1118 1528 1201 priuilepio
1549 1125 1674 1184 cautum
1694 1142 1773 1200 esse,
1795 1142 1833 1186 ue
1848 1142 1939 1203 papa
1959 1141 2065 1186 errore
2083 1121 2199 1201 posse,-

198 1204 372 1269 ticlrristum
398 1207 480 1286 quod
507 1226 601 1270 suum
623 1205 690 1269 Deo
714 1205 856 1270 lennem
877 1210 1103 1287 praerepturas
1122 1206 1172 1282 sit,
1224 1207 1302 1285 quio
1324 1204 1416 1269 Petro
1436 1205 1552 1269 dietum
1572 1207 1615 1270 sit
1635 1205 1731 1291 (Luc.
1752 1210 1802 1285 22,
1823 1208 1896 1291 32).·
1917 1207 2005 1270 orori
2021 1227 2083 1288 pro
2103 1212 2139 1286 te,
2161 1227 2200 1271 ne

198 1295 232 1354 ut
253 1290 315 1354 sili
336 1297 454 1355 sumat:
481 1291 535 1356 loc
557 1291 766 1373 pneumam
787 1291 939 1354 indicium
961 1296 1004 1354 est
1025 1291 1107 1371 quod
1127 1310 1172 1354 so·
1224 1291 1345 1372 deiciat
1368 1291 1445 1372 fides
1472 1295 1536 1354 tua.
1588 1292 1672 1374 Quid
1697 1293 1825 1372 obsecro,
1852 1298 1918 1358 6666
1939 1293 2131 1374 impudenter
2152 1291 2224 1364 lu·,

198 1377 253 1457 qui
274 1376 415 1440 delernus
436 1378 470 1440 in
491 1376 662 1458 quaerendo
683 1375 871 1441 anticluisto.
912 1374 1103 1441 Praesertim
1120 1375 1173 1440 noi
1224 1376 1320 1440 dendo
1341 1376 1524 1458 proficiunt,
1549 1376 1614 1441 nisi
1635 1383 1669 1441 ul
1689 1383 1768 1442 totus
1794 1379 1932 1442 mundus
1959 1377 2122 1461 intellipat,
2149 1397 2200 1444 ooo

198 1462 350 1527 6666666666
376 1463 523 1544 soperbia
552 1463 594 1528 ad
615 1461 776 1544 publicam
801 1483 898 1544 usque
918 1462 1059 1528 aetesiae
1079 1462 1174 1526 dissi·
1224 1462 1269 1526 ita
1290 1462 1332 1527 ad
1353 1468 1520 1526 6666666666
1541 1462 1748 1545 improbitatis
1768 1465 1902 1543 6666666,
1922 1468 1957 1528 ut
1977 1484 2073 1545 neque
2094 1463 2200 1529 Derim

193 1549 353 1628 potionem
375 1549 522 1629 procedit.
575 1549 677 1629 Quum
698 1569 768 1631 erpo
789 1551 912 1625 constet,
929 1548 1105 1630 pontificem
1125 1567 1174 1612 ro-
1223 1548 1358 1626 timeout‚
1380 1568 1475 1629 neque
1495 1548 1632 1613 homines
1653 1549 1870 1614 revereamur?
1902 1629 1905 1635 ,

198 1632 1174 1802 imilldmmffullffil'lllddffluffl
1225 1632 1676 1802 rusticitate
1686 1635 1779 1785 ‘353⁶
1792 1635 2107 1803 meldis&
2122 1653 2202 1785 pli

199 1806 275 1885 quin
292 1805 384 1886 impii
401 1810 429 1871 et
446 1805 647 1870 olourinondi
665 1806 753 1888 repni
770 1806 836 1869 dus
851 1805 1173 1888 sitetartesipnouus.
1224 1824 1282 1885 que
1303 1805 1428 1886 scriptis
1444 1804 1643 1887 publicarint,
1663 1807 1718 1872 sed
1739 1808 1775 1871 in
1794 1827 1901 1872 666666
1921 1806 2082 1884 duntaaat,
2105 1810 2201 1870 cleu

287 1895 355 1954 131.
401 1890 487 1955 Eant
506 1911 587 1955 nuru
610 1890 819 1955 Rousonenses
840 1897 868 1955 et
888 1891 1101 1972 antiquitatem
1121 1910 1174 1954 no-
1224 1890 1331 1968 lrioulo
1354 1894 1409 1954 aut
1429 1890 1537 1955 saltem
1557 1893 1637 1956 inter
1652 1893 1789 1973 parietes
1806 1891 2009 1975 prodiderint.
2052 1892 2153 1972 Atqui
2170 1891 2201 1957 si

199 1975 247 2041 bis
268 1981 427 2068 opponant.
475 1976 574 2056 Quasi
600 1978 635 2040 in
662 1981 749 2041 tanta
770 1998 875 2042 rerum
896 1979 1034 2041 munium
1055 1996 1174 2042 666666-
1218 1976 1422 2059 privilepium
1443 1977 1524 2056 quod
1544 1976 1718 2055 claudunt,
1739 1982 1845 2042 ratum
1866 1998 1930 2043 asse
1950 1978 2055 2056 uelint,
2085 1997 2200 2058 etpuri-

199 2064 284 2126 sione
315 2063 400 2127 sedis
431 2060 525 2126 nour
551 2067 634 2127 stare
659 2064 774 2142 possit,
807 2062 862 2126 uli
888 2062 978 2127 rsullo
1007 2067 1051 2127 est
1078 2063 1172 2127 sedes.
1222 2066 1334 2145 ponte
1360 2081 1487 2127 numero
1509 2063 1690 2143 pontifiaem
1711 2067 1823 2144 oportet
1844 2064 1993 2128 Ioannem
2018 2064 2199 2128 6666666666

202 2147 325 2211 Narrat
356 2145 521 2226 Eruebius,
536 2146 561 2232 ¹)
593 2146 711 2226 Deum,
744 2152 779 2212 ut
809 2148 962 2212 vindictae
988 2168 1065 2213 suae
1090 2148 1174 2213 lours
1224 2147 1405 2225 secuudum,
1434 2149 1490 2228 qui
1504 2146 1617 2229 palam
1638 2149 1787 2226 asseruit,
1815 2151 1941 2214 animas
1962 2170 2027 2215 esse
2047 2148 2201 2229 mortales,

197 2233 289 2313 fieret,
312 2232 468 2297 ecclesiam
488 2254 567 2315 quae
589 2230 786 2315 [erosolymis
802 2238 877 2312 aot,
901 2232 1022 2299 Pellam
1038 2238 1174 2299 transtu
1224 2254 1347 2313 unaque
1367 2253 1438 2299 cum
1458 2233 1634 2314 emporibus
1655 2234 1789 2312 interire,
1811 2255 1908 2317 usque
1930 2236 1971 2299 ad
1992 2236 2075 2300 diem
2095 2255 2200 2301 resur-

200 2318 281 2383 lisse.
318 2319 406 2399 Quod
421 2319 513 2382 semel
528 2319 645 2400 sactum
662 2319 762 2400 fuisse
779 2319 935 2398 audimus,
955 2321 1025 2402 deri
1046 2320 1174 2402 saepiam
1224 2318 1375 2383 rectionis.
1419 2318 1522 2402 Atque
1549 2324 1584 2383 ut
1611 2319 1717 2384 rideas
1745 2324 1838 2384 totam
1860 2321 2052 2386 sedem-curu
2076 2319 2200 2403 praeci·

194 2404 304 2485 potuit
340 2402 477 2469 Proinde
497 2406 544 2468 sic
563 2404 624 2470 loco
641 2405 771 2488 allipare
792 2405 934 2470 honorem
949 2407 1118 2487 primatus,
1139 2409 1180 2470 nt
1218 2405 1299 2488 puis
1319 2405 1389 2469 suis
1413 2404 1544 2486 falaris
1564 2409 1635 2469 tuuc
1654 2425 1790 2487 prorsus
1817 2405 1998 2470 wncidisse:
2026 2427 2113 2471 nemo
2134 2427 2202 2472 car-

199 2491 254 2569 666
280 2509 314 2553 66
330 2510 413 2588 'omo
439 2490 664 2571 infestissimus
688 2495 733 2555 est
753 2490 850 2556 hostis
873 2488 1004 2570 Oloristi,
1032 2511 1173 2556 summus
1224 2486 1393 2589 6166666666Ι
1407 2490 1481 2556 liuie
1501 2509 1534 2554 se
1555 2494 1657 2589 tacitae
1677 2491 1826 2590 insaniae¹
1842 2491 1998 2572 opposuit,
2021 2492 2075 2557 sal
2096 2491 2200 2590 solsolo

198 2575 1173 2742 tttttlltttuldddltmttldd
1219 2595 1542 2745 limidi
1567 2575 2202 2728 {lwtltltdtrdllll

198 2752 226 2811 ot
246 2747 395 2828 carnifex,
417 2748 558 2812 vicarius
579 2747 783 2813 nihilominus
804 2745 831 2812 Ο
849 2749 929 2826 nisti,
950 2748 1038 2813 Petri
1058 2768 1173 2814 666666-
1223 2748 1318 2828 dicit,
1340 2748 1405 2812 nisi
1425 2755 1497 2812 mou
1522 2749 1728 2830 resipisceret,
1754 2748 1848 2830 idque
1863 2749 1901 2812 de
1928 2769 2011 2814 more
2032 2747 2204 2830 publicarit

199 2853 265 2910 sor,
291 2833 419 2914 primus
447 2834 590 2900 eulesim
619 2835 746 2898 66666666
930 2884 937 2913 ,
965 2834 1172 2899 tantumnodo
1217 2854 1278 2915 per
1299 2852 1490 2915 praeconem.
1533 2833 1606 2899 Hac
1630 2834 1805 2899 necessitate
1831 2833 1961 2900 666666
1986 2834 2038 2899 ille
2069 2854 2204 2899 errorem

199 2918 275 2999 quio
300 2919 401 2983 sedern
427 2924 565 3001 occupat,
599 2940 678 3000 quoe
704 2919 779 2984 olim
801 2920 911 3001 prima
935 2920 1073 2984 ornnium
1099 2919 1171 3000 fuit,
1224 2919 1390 2984 cumaeo.
1404 2923 1428 3003 ¹)
1473 2919 1540 2984 Hoc
1561 2920 1732 3001 exemplum
1752 2919 1829 3001 facit
1851 2940 1890 2985 ne
1910 2941 1958 2984 me
1977 2924 2111 3004 oporteat
2132 2939 2203 2985 oum

200 3004 234 3067 id
256 3023 325 3066 vero
345 3005 441 3067 nimis
462 3004 632 3070 ridiculum
652 3010 697 3069 est
717 3025 754 3070 oc
775 3006 920 3087 ineptum.
962 3005 1059 3070 Taceo
1075 3025 1173 3086 6666·
1223 3005 1419 3070 adversariis
1446 3005 1583 3088 anrplius
1608 3004 1646 3070 de
1667 3026 1700 3071 66
1720 3006 1882 3088 disputare
1907 3006 1988 3087 quod
2008 3007 2128 3085 diurni,
2157 3025 2204 3071 sc·

199 3093 265 3151 tum
291 3088 333 3151 sit
359 3089 553 3155 discriminis
577 3092 658 3155 inter
680 3111 785 3172 popae
806 3090 1022 3156 carcedonum
1048 3096 1076 3155 ct
1102 3090 1173 3156 beru
1224 3090 1294 3155 dem
1324 3111 1502 3171 romanam
1529 3091 1655 3173 eiusque
1681 3091 1851 3174 pontifices,
1885 3090 1949 3157 lali
1980 3092 2016 3156 iu
2047 3092 2108 3173 fide
2139 3110 2202 3159 non

199 3174 396 3254 6666666666
425 3177 566 3242 ccclesiae
591 3177 738 3242 ordinem.
796 3176 981 3258 Qrmnquam
1012 3176 1086 3242 laec
1106 3197 1173 3242 rma
1218 3196 1320 3261 posse,
1342 3177 1420 3257 quia
1442 3176 1534 3241 Petro
1554 3176 1671 3242 dictum
1691 3178 1749 3242 sit.-
1776 3178 1864 3243 oraui
1880 3197 1941 3260 pro
1962 3183 1999 3258 te,
2021 3198 2059 3243 ne
2080 3177 2202 3260 deficiat

199 3260 523 3326 resonuemdeoae
549 3261 1173 3346 oumdiomdulritationempotestopti-
1222 3263 1385 3344 fidatua.
1431 3260 1516 3328 aera
1543 3261 1794 3345 illetomfoedo
1821 3263 2203 3346 lapsuspenercoreda

199 3366 247 3409 me
268 3344 376 3409 tollere
422 3345 519 3412 Nemo
546 3349 628 3413 arim
654 3369 751 3413 sonae
777 3349 889 3413 mentis
910 3348 1117 3430 episcopatum
1138 3349 1173 3413 iu
1222 3349 1284 3430 ride
1304 3347 1432 3427 euadit,
1459 3353 1494 3411 nt
1514 3348 1557 3412 sit
1582 3349 1705 3432 iusipne
1726 3350 1861 3431 posteris
1887 3350 2114 3426 docrrmentum,
2140 3368 2202 3414 uon

194 3430 321 3513 plumlu
349 3435 377 3494 et
397 3430 490 3495 bullis
518 3433 661 3513 iucludet,
689 3433 783 3499 multo
804 3434 909 3498 ocinus
930 3435 965 3497 iu
986 3433 1039 3498 illo
1061 3435 1174 3517 captio-
1225 3454 1328 3500 ornnes
1353 3453 1418 3498 esse
1447 3434 1570 3514 Petros,
1604 3435 1660 3515 qui
1688 3435 1782 3500 Petro
1808 3436 1844 3500 in
1871 3435 2076 3516 episapatum
2103 3453 2202 3500 succe·

199 3538 275 3580 uum
295 3517 432 3580 omnium
453 3537 489 3581 oc
508 3520 827 3602 circurnscriptionum
848 3520 1039 3602 mapisterio,
1061 3519 1173 3602 666666
1224 3521 1309 3585 dunt.
1357 3520 1542 3601 anauam
1567 3520 1653 3584 istud
1678 3541 1795 3602 quoquc
1820 3520 1922 3602 mapis
1943 3540 2004 3600 per
2023 3539 2057 3583 se
2077 3518 2202 3600 puerile

199 3603 290 3667 rebus
321 3607 457 3666 cernetur
488 3605 652 3684 spirituale
683 3627 790 3688 papae
821 3606 963 3689 repimen.
1006 3603 1174 3689 Elepanter
1225 3610 1282 3684 cst,
1312 3625 1407 3688 quam
1434 3610 1469 3670 ut
1497 3605 1693 3688 responsione
1719 3610 1809 3689 epeat.
1855 3605 1942 3670 Nam
1970 3605 2001 3669 si
2028 3604 2131 3669 uolunt
2158 3605 2202 3671 ad

199 3689 296 3771 ipdur
317 3709 338 3752 a
357 3688 489 3768 quodam
517 3689 633 3755 dietum
654 3695 712 3769 est,
735 3691 837 3770 66666,
860 3712 939 3774 quae
961 3692 1103 3770 iactatm,
1125 3713 1173 3756 ro
1227 3690 1314 3757 Petri
1334 3710 1521 3756 successores
1546 3691 1674 3755 traltere·
1693 3690 1846 3773 quidauid
1881 3690 1971 3756 Petro
2000 3690 2116 3756 dictmn
2147 3694 2200 3772 est,

200 3794 326 3839 monam
347 3774 511 3853 ecelesiam,
524 3775 650 3856 pridem
670 3796 844 3842 conversam
863 3778 965 3859 fuisse
986 3777 1021 3840 in
1042 3779 1171 3857 curiam,
1225 3781 1367 3858 sequetur
1386 3797 1490 3842 omnes
1518 3776 1587 3840 illos
1608 3796 1673 3841 esse
1694 3781 1838 3857 satanas,
1860 3797 1956 3858 quum
1977 3776 2064 3842 istud
2083 3797 2202 3859 anapia

160 3863 162 3869 ’
200 3879 278 3939 auae
297 3859 365 3924 sola
384 3881 466 3925 nune
488 3860 607 3926 Rornae
626 3861 749 3926 uisitur.
794 3862 902 3945 Neque
923 3863 973 3927 liic
993 3883 1102 3928 666666
1122 3862 1173 3929 666-
1228 3862 1319 3928 Petro
1344 3863 1460 3928 dicerit
1486 3861 1643 3927 Dcrniuus
1677 3861 1977 3947 (Matth.1s,23):
2014 3863 2092 3928 oade
2120 3868 2203 3929 retro

200 3946 319 4009 minum
345 3946 440 4025 odio,
465 3947 520 4011 sed
545 3951 701 4029 papatum
731 3949 837 4030 ipsum
864 3971 902 4014 erc
928 3949 1076 4015 diametro
1104 3970 1174 4015 cum
1225 3953 1331 4028 satan,
1358 3950 1435 4029 auia
1465 3947 1678 4030 offendiculum
1706 3968 1739 4013 es
1766 3947 1853 4013 milei.
1901 3948 1982 4012 Toni
2006 3949 2089 4014 enim
2108 3947 2202 4031 facilc

201 4031 402 4096 ecclesiastico
422 4034 541 4096 rationu
558 4052 698 4115 6666666
719 4033 897 4099 danastro.
1225 4035 1313 4100 nolis
1334 4035 1393 4099 erit
1412 4039 1583 4116 retorquere
1604 4033 1658 4099 liae
1674 4035 1845 4115 posterius,
1867 4054 1961 4116 quom
1982 4033 2048 4099 illis
2069 4034 2202 4102 61666666

290 4121 359 4180 132.
403 4117 460 4182 Ad
484 4118 621 4183 homines
642 4123 745 4183 666666
766 4121 796 4184 si
815 4121 993 4200 vennianus,
1016 4123 1094 4186 sotis
1114 4122 1173 4187 sci·
1225 4120 1359 4187 obiicere.

200 4206 253 4266 tur
284 4203 391 4283 666666
421 4206 574 4286 reperturi
607 4205 708 4269 simus
741 4205 858 4272 Christi
883 4207 1031 4285 66666666,
1066 4207 1173 4272 lulius
1313 4210 1383 4270 134.
1435 4205 1549 4271 Verum
1575 4208 1690 4270 certare
1716 4205 1887 4287 ineptiendo
1913 4226 1975 4271 nou
2000 4204 2085 4270 libet:
2110 4205 2200 4271 rodco

97 4301 104 4314 ‘
200 4288 328 4366 scilieet,
350 4294 378 4352 et
399 4290 476 4369 Leo,
498 4295 525 4353 et
547 4287 699 4369 Clenna,
721 4296 749 4355 ct
771 4289 911 4370 Paulus,
932 4292 1173 4374 6666666666-
1224 4294 1321 4378 icitur
1342 4292 1423 4357 unde
1444 4292 1605 4374 dipressus
1625 4311 1720 4356 uam
1750 4290 1804 4356 Sia
1823 4291 1953 4376 allipore
1970 4292 2041 4369 loco,
2064 4288 2199 4354 660666-

200 4374 250 4438 dei
283 4374 439 4440 alumnae
472 4381 576 4454 erunt,
603 4376 762 4458 prunique
793 4377 952 4461 relipionis
985 4378 1171 4460 intepretes,
1224 4385 1315 4458 66666,
1338 4377 1710 4460 repercussione,
1734 4377 1947 4456 aecclesiam,
1969 4375 2198 4457 utquicunqae

201 4461 256 4539 qui
282 4459 363 4524 uilsil
382 4461 472 4526 aliud
492 4461 530 4527 de
551 4461 672 4528 ouen
693 4467 869 4541 tenuerunt,
897 4464 962 4528 nisi
989 4464 1173 4544 quoddidi
1223 4465 1289 4530 illic
1308 4463 1501 4546 praesideat,
1528 4464 1621 4529 etiam
1648 4464 1678 4527 si
1704 4464 1746 4527 sit
1774 4463 1930 4543 diabolus,
1960 4460 2076 4528 0666666
2096 4464 2199 4526 tamen

200 4550 302 4609 ceruit
328 4546 364 4609 in
383 4546 486 4612 sclicla
508 4547 653 4612 Iracioni.
698 4546 761 4614 Sed
787 4549 863 4629 quid
884 4552 945 4613 tres
966 4554 1021 4614 aut
1041 4554 1174 4630 quuuor
1224 4551 1363 4616 66666666
1389 4554 1417 4614 ct
1442 4553 1535 4631 caput
1554 4548 1694 4614 ecclemae
1715 4555 1886 4628 censeatur,
1913 4549 1989 4630 quio
2008 4546 2104 4627 tuerit
2125 4545 2200 4615 olim

194 4631 354 4712 pontifices
380 4634 547 4698 enumero?
600 4635 700 4715 Quasi
725 4655 795 4700 uero
816 4633 946 4698 dubium
966 4636 1023 4712 sit,
1050 4635 1173 4717 6666666
1227 4635 1315 4702 Petri
1335 4635 1434 4714 sedes,
1464 4655 1524 4699 non
1550 4634 1638 4700 modo
1662 4635 1797 4716 impium
1817 4640 1845 4699 ct
1868 4632 1987 4699 Christo
2009 4631 2199 4697 wnlumclio

199 4717 358 4800 relipionrs
384 4719 514 4800 specum
540 4720 678 4801 professi
705 4721 770 4784 sint
795 4720 983 4802 iampridem
1002 4722 1171 4802 pudicius,
1224 4741 1304 4800 sum,
1325 4722 1380 4786 sed
1396 4721 1493 4786 666666
1510 4720 1680 4785 absurdum
1697 4726 1725 4785 et
1745 4742 1767 4786 a
1783 4740 1877 4785 seusu
1894 4717 2045 4783 66666666
2062 4716 2199 4782 ahenum

199 4822 269 4867 urm
295 4808 352 4868 toto
383 4805 593 4869 cardinalium
619 4806 755 4890 ullepic,
784 4810 810 4870 el
841 4805 931 4871 lodie
959 4806 1171 4888 profiteantru.
1225 4825 1290 4871 osse
1316 4807 1392 4872 dieo.
1441 4806 1516 4870 Iam
1537 4806 1664 4887 prr'dem
1689 4807 1812 4870 romoni
1831 4805 2003 4885 paraticas,
2033 4807 2088 4866 aut
2115 4803 2200 4868 ouini

202 4886 349 4954 Primum
364 4891 446 4955 enim
468 4912 601 4956 orcanae
624 4892 709 4956 illius
729 4891 902 4976 tleoupioe,
925 4913 1003 4974 quoe
1024 4892 1104 4955 inter
1123 4911 1173 4957 eos
1219 4911 1355 4974 prorsrrs
1382 4896 1485 4956 carent
1509 4892 1670 4974 rdipione,
1699 4897 1755 4955 out
1782 4890 1915 4955 maximi
1941 4892 2013 4953 suut
2039 4888 2097 4952 rd'
2124 4888 2199 4952 'onis

197 4980 311 5058 repeat,
332 4981 424 5057 capnt
444 4983 501 5055 est,
524 4976 645 5042 nullum
665 4999 730 5044 esse
751 4976 864 5044 Deum.
907 4978 1059 5053 Alterum,
1083 4996 1173 5056 quae-
1224 4978 1332 5042 lsostes.
1383 4977 1493 5042 Nihilo
1519 4977 1615 5061 ipitru
1642 4976 1744 5059 mapis
1769 4976 1861 5056 fiunt,
1889 4975 1925 5040 ob
1945 4973 2056 5054 sedem
2105 4972 2200 5041 luisti

200 5132 273 5140 0——
284 5135 403 5140 ..ῳ-..η-

270 5249 299 5317 1)
316 5250 415 5302 Eusob.
433 5251 479 5303 lib.
497 5249 523 5304 3.
540 5266 561 5303 6.
580 5249 605 5303 5.
1289 5248 1318 5318 1)
1335 5250 1424 5305 Testis
1440 5250 1555 5303 Ioannes
1573 5249 1685 5314 Gomon,
1704 5249 1750 5318 qui
1767 5254 1832 5302 tunc
1849 5247 1966 5301 vivebat.

271 5333 381 5387 Caluini
393 5350 485 5402 opero.
525 5334 582 5390 Vol.
600 5334 627 5392 1.
1960 5331 1996 5387 40
