4732 6030
2149 357 2216 417 888

1706 481 1708 484 ·
1846 464 2089 533 amasaeo-
2110 465 2216 521 6661.

208 551 272 610 est:
297 567 377 628 quos
402 544 494 608 Deus
511 543 711 607 illuminatos
727 564 794 606 non
812 533 892 621 vult,
915 543 980 608 illis
1002 544 1184 609 doctrinam
1235 543 1290 621 ris,
1323 540 1380 606 sed
1410 541 1516 624 magis
1548 549 1586 604 ut
1619 452 1846 626 convertatur[
1862 549 1895 604 ct
1925 542 2025 606 vivat.
2079 509 2218 609 brimus

208 653 302 697 suam
325 630 561 712 aenigmatibus
582 629 764 694 involutam
786 628 924 708 tradere,
945 652 988 696 116
1009 630 1086 712 quid
1107 628 1184 692 inde
1237 628 1372 711 apostoli
1409 628 1500 692 locus
1525 628 1711 708 importune
1744 627 1809 691 huc
1843 626 2023 691 adducitur.
2068 628 2120 692 De
2145 631 2218 693 sin·

208 717 394 800 proficiant,
417 716 480 778 nisi
503 723 540 778 ut
561 715 597 778 in
619 715 775 778 maiorem
797 715 1028 779 hebetudinem
1047 715 1184 779 trudan·
1237 714 1322 798 gulis
1344 715 1440 791 enim,
1463 734 1531 776 nen
1552 713 1747 790 hominibus,
1778 711 1834 777 sed
1857 713 2026 775 hominum
2046 713 2218 781 ordinibus

209 810 271 866 tur.
317 802 471 865 Testatur
493 802 582 864 enim
604 797 773 877 Christus,
791 822 825 865 se
847 800 919 865 idco
938 802 1014 866 solis
1032 802 1185 884 apostolis
1237 800 1303 864 illie
1319 821 1394 863 eum
1406 800 1495 881 loqui
1505 798 1658 863 facillime
1677 819 1719 861 ex
1737 805 1891 862 6611161111
1910 800 2079 863 evincitur.
2111 802 2216 865 Prae-

207 359 285 421 887·

784 352 1050 421 mamaeam
1072 356 1177 420 REL.
1201 350 1382 418 OHRIS'P.
1409 356 1641 418 laea-1554.

92 959 94 962 ,
209 887 387 953 edisserere
408 886 594 968 parabolas,
624 887 799 967 inquibus
829 886 915 968 apud
942 887 1185 951 multitudinem
1238 892 1368 968 ceperat
1402 885 1572 949 Timotheo
1601 884 1750 948 solennes
1786 885 1821 947 in
1850 883 1985 948 ecclesia
2013 887 2218 966 precationes

208 973 361 1055 loquutus
389 979 473 1051 erat,
508 973 585 1055 quia
613 971 665 1035 his
695 971 809 1036 datum
836 973 879 1037 611
906 994 1001 1038 116666
1029 973 1187 1058 mysteria
1237 993 1297 1054 pre
1320 972 1451 1054 regibus
1473 978 1506 1034 et
1525 969 1727 1052 principibus
1748 971 1924 1051 concipere.
1970 968 2082 1050 Quum
2105 979 2218 1037 autem

209 1059 301 1142 regni
321 1059 401 1134 Dei,
430 1058 529 1140 vulgo
549 1078 616 1121 non
644 1058 725 1139 item
751 1058 885 1143 (Matth.
908 1064 956 1139 13,
978 1060 1040 1143 11).
1087 1058 1186 1140 Quid,
1240 1057 1419 1122 absurdum
1450 1056 1599 1119 nonnihil
1631 1054 1798 1120 videretur
1831 1056 1992 1120 orationes
2031 1057 2073 1120 ad
2105 1058 2218 1122 Deum

208 1146 343 1227 inquies,
367 1137 429 1208 sibi
449 1143 522 1209 vult
542 1144 704 1208 Dominus
723 1164 777 1208 666
795 1143 947 1223 docende,
970 1145 1187 1227 aquibus0ne
1239 1143 1332 1207 fundi
1360 1165 1419 1224 pro
1446 1163 1565 1226 genere
1598 1141 1770 1205 hominum
1796 1162 1897 1223 prope
1931 1140 2110 1223 deplorate,
2139 1146 2218 1226 quia

209 1231 412 1313 intelligatur
433 1229 546 1294 curat?
592 1228 772 1293 Considera
800 1229 887 1294 unde
916 1232 1048 1308 vitium,
1079 1237 1111 1294 et
1132 1231 1187 1294 de·
1238 1250 1305 1293 non
1327 1236 1457 1293 tantum
1484 1250 1504 1292 a
1531 1227 1656 1292 Christi
1685 1247 1817 1308 corpore
1846 1227 1944 1290 alieni
1971 1249 2084 1293 omnes
2111 1238 2215 1309 erant,

210 1317 297 1381 sines
323 1316 533 1397 interrogare.
579 1315 620 1378 In
647 1316 747 1378 verbo
776 1316 863 1379 enim
891 1317 1123 1399 qualiscunque
1146 1318 1189 1381 sit
1240 1315 1297 1380 sed
1319 1314 1360 1379 ad
1382 1335 1523 1398 regnum
1545 1314 1615 1377 eius
1637 1312 1886 1394 opprimendum
1908 1314 1984 1376 totis
2006 1315 2129 1380 viribus
2146 1317 2217 1380 eni-

210 1402 399 1478 0bscuritas‚
424 1401 502 1465 satis
524 1408 636 1463 tamen
658 1422 786 1482 semper
807 1409 858 1466 est
878 1402 969 1481 lueis,
993 1402 1034 1466 ad
1052 1403 1187 1468 convin-
1240 1402 1407 1478 tebantur,
1437 1400 1579 1477 subiicit,
1609 1407 1777 1479 acceptum
1799 1398 1832 1462 id
1854 1420 1924 1462 esse
1946 1400 2033 1478 Deo,
2061 1402 2116 1482 qui
2137 1402 2219 1468 velit

210 1487 349 1554 cendam
369 1487 544 1568 impiorum
566 1487 805 1551 conscientiam.
1241 1488 1354 1550 omnes
1377 1487 1526 1550 hemines
1549 1484 1657 1550 salvos
1678 1485 1758 1560 fieri,
1782 1506 1844 1566 quc
1866 1484 1950 1547 nihil
1968 1484 2057 1549 aliud
2075 1488 2218 1568 profecte

299 1578 348 1636 35.
393 1574 511 1636 Restat
535 1593 623 1636 nunc
643 1580 680 1635 ut
701 1571 870 1638 videamus
892 1596 950 1638 cur
971 1574 1004 1638 id
1026 1574 1189 1639 Dominus
1241 1574 1418 1656 significat,
1448 1593 1547 1653 quam
1575 1569 1658 1633 nulli
1685 1570 1856 1633 hominum
1886 1569 1992 1633 ordini
2027 1580 2085 1636 aut
2105 1574 2218 1638 condi-

211 1660 323 1737 faciat,
351 1658 436 1740 quod
463 1679 538 1721 eum
564 1657 671 1722 facere
698 1658 807 1739 palam
830 1666 886 1723 est.
933 1658 1188 1743 6116661161-
1241 1659 1320 1722 116111
1335 1658 1357 1741 Ι)
1391 1660 1480 1722 viam
1512 1656 1554 1721 ad
1581 1655 1721 1720 salutem
1746 1655 1959 1737 praeclusisse
1966 1680 1974 1734 ;
2009 1659 2087 1739 quin
2109 1661 2220 1741 petius

211 1751 274 1823 tur,
298 1745 344 1809 sic
366 1745 447 1820 fieri,
470 1744 546 1824 quia
567 1744 617 1817 616,
635 1745 811 1826 impietate,
840 1746 991 1826 nequitia,
1014 1747 1188 1830 ingratitu-
1240 1744 1496 1808 misericordiam
1518 1763 1611 1807 suam
1633 1742 1679 1805 sie
1707 1741 1874 1819 effudisse,
1894 1750 1940 1805 'ut
1968 1743 2091 1807 nullam
2119 1766 2219 1810 voea-

212 1831 288 1895 dine
310 1851 370 1893 sua
395 1830 503 1892 meriti
526 1837 604 1893 sunt
633 1829 796 1906 homines,
827 1831 909 1895 bene
937 1831 971 1895 id
998 1831 1127 1914 quidem
1156 1839 1189 1895 et
1241 1827 1879 1914 1161161111)61666166116111666616111.
1925 1829 2019 1893 Aliae
2037 1831 2219 1895 sententiae

212 1937 289 1982 vere
311 1915 452 1992 dicetur;
482 1914 540 1978 sed
568 1915 644 1995 quia
671 1914 818 1978 nendum
845 1923 934 1998 patet
961 1919 1056 1982 istius
1083 1918 1189 1982 varie-
1241 1936 1307 1978 11611
1330 1915 1497 1980 declarant
1518 1913 1596 1996 quid
1619 1912 1659 1976 de
1688 1913 1838 1977 omnibus
1862 1914 1986 1979 occulto
2014 1936 2071 1979 sue
2098 1915 2219 1981 iudicio

212 2003 289 2066 tatis
311 2002 410 2075 ratio,
441 2022 499 2065 cur
528 2000 599 2064 aliis
627 2001 662 2064 in
689 2000 906 2066 obedientiam
934 2005 1028 2067 flexis
1056 2004 1111 2067 isti
1133 2003 1189 2068 ob·
1242 2001 1404 2065 Dominus
1422 2000 1573 2065 statuerit
1580 2021 1588 2078 ;
1613 1997 1669 2062 sed
1681 2005 1831 2080 paratam
1852 1999 2048 2064 denuntiant
2068 2002 2221 2067 omnibus

213 2087 321 2151 durati
354 2087 545 2169 persistant,
579 2087 614 2149 in
646 2107 685 2149 ea
715 2088 910 2152 excutienda
938 2090 1119 2154 necessario
1148 2088 1190 2152 ad
1241 2087 1463 2169 peccatoribus
1486 2086 1625 2161 veniam,
1648 2085 1704 2166 qui
1725 2084 1820 2147 mode
1841 2107 1876 2150 66
1897 2085 1937 2149 ad
1960 2108 2032 2150 eam
2049 2089 2220 2169 1661111611-

212 2172 294 2237 illud
316 2172 401 2254 qued
432 2194 473 2235 ex
493 2171 586 2236 Mose
615 2173 785 2237 annotavit
805 2173 930 2239 Paulus
954 2175 1063 2258 (Rom.
1084 2180 1112 2252 9,
1136 2174 1189 2258 17)
1243 2172 1319 2236 dam
1351 2178 1553 2237 convertunt.
1598 2170 1685 2234 Nam
1719 2170 1746 2233 si
1779 2173 1924 2236 tenacius
1962 2183 2103 2255 urgeant
2134 2175 2222 2256 quod

212 2257 449 2322 transeundum
477 2257 547 2320 erit.
592 2257 717 2338 Nempe
750 2258 836 2340 qued
865 2260 905 2324 ab
932 2261 1025 2324 initio
1051 2282 1105 2325 666
1133 2282 1189 2324 cx·
1243 2257 1361 2322 dicitur
1380 2258 1465 2322 velle
1488 2257 1634 2322 misereri
1657 2256 1816 2333 omnium,
1846 2278 1906 2339 ego
1926 2265 2039 2321 eontra
2059 2260 2221 2342 excipiam

213 2344 323 2410 citarit
344 2343 516 2421 Dominus,
538 2349 575 2406 ut
594 2343 779 2407 ostenderet
800 2366 920 2409 nemen
942 2368 1037 2411 suum
1059 2347 1094 2409 in
1116 2347 1190 2410 uni-
1243 2343 1328 2426 quod
1356 2344 1433 2408 alibi
1462 2344 1628 2420 scribitur,
1657 2342 1767 2405 Deum
1793 2349 1942 2407 nostrum
1970 2365 2040 2408 6666
2064 2346 2099 2408 in
2120 2346 2220 2424 ceole,

216 2445 310 2496 versa
330 2435 427 2492 terra.
473 2426 569 2508 Quod
600 2429 702 2510 igitur
728 2429 789 2494 sibi
810 2432 972 2513 patefacte
999 2433 1063 2496 Dei
1090 2432 1189 2496 verbe
1242 2431 1298 2494 ubi
1320 2431 1418 2502 faciat
1438 2449 1649 2512 quaeeunque
1671 2424 1759 2491 velit.
1806 2426 1862 2493 Sic
1890 2450 1968 2513 ergo
1990 2431 2222 2512 exponendum

213 2535 280 2579 non
320 2515 546 2599 obtemperant
584 2515 726 2595 reprobi,
760 2517 859 2596 probe
897 2516 931 2580 id
963 2520 998 2581 in
1030 2517 1189 2582 malitiam
1243 2517 1306 2580 erit
1322 2517 1383 2581 hoc
1403 2517 1541 2581 verbum
1562 2523 1600 2577 ut
1621 2534 1696 2578 cum
1714 2513 1815 2577 altere
1833 2516 2019 2594 conveniat3
2042 2517 2222 2581 miserebor

212 2601 471 2683 pravitatemque
499 2599 604 2664 cordis
633 2622 746 2663 eorum
767 2602 945 2681 reiicietur;
974 2603 1070 2668 mode
1092 2603 1190 2668 simul
1242 2603 1333 2666 cuius
1356 2602 1541 2679 miserebor,
1565 2607 1598 2663 et
1619 2599 1869 2664 commiseraber
1890 2622 1987 2682 quem
2009 2602 2099 2666 fuere
2121 2604 2220 2666 mise·

214 2686 400 2764 adiicietur,
433 2685 504 2749 ideo
531 2687 566 2748 in
595 2686 682 2751 hanc
703 2687 898 2768 pravitatem
921 2689 1080 2766 addictos,
1113 2691 1189 2771 quia
1242 2695 1341 2752 ratus.
1377 2686 1444 2768 Qui
1461 2687 1575 2769 deligit
1591 2707 1671 2767 quos
1689 2686 1910 2751 misericordia
1930 2689 2081 2769 prosequi
2092 2688 2218 2766 debeat,

214 2773 299 2836 iusto
327 2770 384 2836 sed
409 2770 613 2836 inscrutabili
635 2772 699 2835 Dei
721 2771 839 2837 iudicio
860 2775 1006 2839 suscitati
1028 2782 1119 2852 sunt,
1148 2774 1190 2839 ad
1242 2795 1315 2838 eam
1336 2794 1403 2837 11611
1423 2773 1574 2837 omnibus
1594 2772 1788 2852 impertitur.

215 2858 353 2941 gloriam
380 2858 450 2920 61116
478 2878 538 2920 6116
566 2855 775 2921 damnatione
806 2858 1043 2925 illustrandam.
1090 2855 1189 2924 Simi-
1330 2863 1379 2922 37.
1426 2857 1618 2934 Sedenim,
1645 2857 1782 2938 inquies,
1806 2859 1901 2923 siita
1923 2866 1986 2937 est,
2016 2880 2132 2940 parum
2154 2859 2222 2923 erit

213 2942 289 3007 liter
315 2964 416 3024 quum
444 2941 484 3006 de
509 2942 586 3005 filiis
618 2942 697 3006 Heli
729 2953 883 3008 narratur
909 2946 942 3030 (1
963 2944 1061 3020 Sam.
1074 2950 1102 3025 2,
1123 2945 1188 3029 25),
1241 2945 1318 3010 fidei
1340 2944 1607 3027 promissionibus
1628 2943 1833 3025 evangelicis,
1856 2965 1948 3026 quae,
1978 2965 2078 3026 quum
2099 2944 2139 3008 de
2162 2966 2222 3009 vo-

214 3028 301 3111 quod
333 3050 400 3091 non
440 3026 666 3091 auscultarunt
702 3029 900 3096 salutaribus
932 3033 1077 3111 monitis,
1114 3034 1191 3114 quia
1241 3030 1368 3095 luntate
1396 3031 1461 3095 Dei
1488 3036 1665 3106 testantur,
1699 3050 1774 3091 611111
1785 3028 1813 3114 ⁸)
1842 3030 1926 3093 velle
1954 3038 2105 3095 asserunt
2133 3032 2222 3111 quod

214 3114 355 3179 veluerit
375 3114 538 3177 Dominus
561 3113 705 3178 occidere
728 3136 790 3194 eos,
811 3138 878 3181 non
899 3125 1047 3201 negatur,
1076 3127 1189 3184 contu·
1242 3117 1421 3182 inviolabili
1454 3118 1523 3179 eius
1555 3114 1684 3180 decreto
1714 3113 1913 3180 adversetur.
1959 3117 2097 3180 Minime
2130 3138 2220 3182 vero.

213 3200 352 3263 maeiam
376 3220 395 3262 a
416 3200 548 3281 propria
569 3200 713 3280 ipsorum
734 3203 1082 3286 nequitia-profectam
1104 3225 1188 3283 esse;
1243 3200 1432 3282 Quamlibet
1459 3202 1547 3265 enim
1576 3200 1776 3265 universales
1805 3202 1873 3265 sint
1898 3200 2013 3266 salutis
2032 3203 2222 3283 premissio-

213 3306 329 3349 verum
351 3285 449 3348 61111111
470 3291 602 3348 notatur
624 3306 682 3349 cur
703 3287 738 3349 in
760 3290 962 3355 coutumacia
979 3289 1099 3355 deserti
1119 3291 1189 3355 1116-

213 3372 289 3448 rint,
312 3392 413 3453 quum
435 3371 576 3452 potuerit
597 3392 710 3434 eorum
727 3373 825 3437 eorda
845 3375 1007 3440 Dominus
1030 3377 1187 3440 emollire:

213 3458 289 3539 quia
311 3456 434 3522 66111661
455 3477 510 3520 666
532 3456 634 3520 6611161
656 3458 755 3521 exitio
777 3458 971 3539 destinasset
987 3463 1189 3527 immutabile

213 3542 277 3607 Dei
300 3542 474 3607 decretum.
519 3543 612 3606 Haec
634 3542 713 3606 dum
734 3545 826 3625 impii
849 3546 999 3626 audiunt,
1030 3549 1189 3630 quiritan-

214 3635 268 3691 1111
289 3629 399 3692 Deum
421 3628 548 3692 miseris
571 3629 639 3692 suis
661 3631 834 3709 creaturis,
863 3633 1049 3697 inordinata
1076 3643 1189 3716 peten-

214 3713 274 3789 tia,
308 3714 343 3776 in
370 3715 525 3778 saevitiae
557 3735 635 3778 suae
661 3714 778 3779 ludum
810 3718 908 3782 abuti.
954 3717 1022 3784 Sed
1048 3742 1107 3784 nos
1133 3722 1189 3802 qui

214 3807 347 3863 cunctos
368 3799 517 3874 homiues
545 3806 593 3862 tet
613 3801 799 3867 nominibus
818 3804 882 3867 Dei
910 3805 1066 3869 tribunali
1089 3806 1189 3870 ebno-

213 3884 285 3947 xios
317 3885 484 3962 novimus,
518 3898 555 3948 ut
583 3884 623 3948 de
650 3887 739 3951 mille
771 3889 964 3974 interrogati
991 3913 1034 3955 ne
1062 3893 1097 3955 in
1123 3915 1189 3957 uno

213 3968 344 4051 quidem
374 3970 559 4035 satisfacere
596 3980 733 4052 queant,
775 3977 967 4040 eonfitemur
1005 3978 1090 4040 nihil
1120 3979 1189 4059 pati

211 4054 379 4137 reprobos,
414 4055 499 4136 quod
527 4079 593 4120 nen
624 4058 801 4124 iustissimo
830 4062 893 4125 Dei
926 4063 1042 4128 iudicio
1070 4085 1188 4129 conve-

210 4142 288 4206 niat.
335 4139 430 4221 Quod
452 4142 612 4206 rationem
635 4142 676 4206 ad
695 4144 855 4226 liquidum
881 4169 947 4212 nen
976 4151 1187 4231 assequimur,

212 4226 334 4309 aliquid
355 4228 481 4291 nescire
503 4249 570 4291 non
591 4250 786 4310 recusemus,
810 4233 866 4297 ubi
888 4256 923 4299 se
944 4236 1008 4299 Dei
1029 4237 1189 4318 sapientia

212 4314 363 4378 insuam
386 4312 618 4377 sublimitatem
641 4315 767 4380 attollit.

299 4404 348 4463 31.
394 4398 441 4462 At
473 4401 626 4480 quoniam.
664 4401 860 4467 obiiciantur
896 4407 976 4469 certi
1009 4407 1189 4487 scripturae

212 4484 289 4563 loei,
319 4485 436 4568 quibus
468 4484 599 4549 videtur
625 4507 747 4570 negare
772 4488 935 4555 Dominus
967 4513 1027 4556 sua
1059 4491 1189 4555 ordina·

213 4571 301 4635 tione
320 4572 392 4634 fieri
413 4577 450 4634 ut
468 4571 571 4653 iniqui
588 4581 733 4654 pereant,
752 4575 815 4638 nisi
826 4575 932 4656 quoad
943 4598 978 4640 66
990 4575 1187 4642 reclamante

212 4656 275 4738 ipsi
297 4663 435 4722 mortem
458 4665 572 4739 sponte
592 4658 653 4722 sibi
676 4660 862 4740 acquirunt,
890 4682 945 4725 eos
966 4662 1109 4726 breviter
1131 4684 1188 4727 ex-

212 4742 363 4825 plicando
402 4742 662 4808 demonstremus
695 4744 777 4807 nihil
818 4747 976 4825 superiori
1008 4750 1187 4815 sententiae

111 4877 116 4885 .
212 4827 390 4892 adversari.
436 4830 614 4893 Proferunt
636 4830 697 4893 has
723 4831 858 4912 apostoli
880 4834 1071 4899 sententias:
1101 4835 1187 4917 qued

212 4914 293 4978 velit
320 4914 483 4978 Dominus
516 4937 629 4980 omnes
662 4915 769 4982 salvos
802 4917 873 4981 fieri
906 4924 939 4981 et
971 4918 1013 4982 ad
1040 4923 1188 4987 veritatis

213 4999 412 5082 agnitionem
430 5003 602 5080 pervenire
614 5003 646 5085 (1
662 5002 744 5065 uim.
758 5005 787 5079 2,
800 5003 851 5086 4);
874 5024 986 5069 omnes
1003 5007 1063 5071 sub
1081 5008 1187 5073 inere·

213 5082 350 5147 dulitate
367 5085 561 5150 concluserit
579 5095 616 5149 ut
628 5088 773 5150 omnium
789 5089 985 5153 misereatur
1008 5093 1118 5175 (Rem.
1137 5098 1186 5173 ll,

214 5170 284 5249 32);
307 5169 392 5251 quod
413 5171 492 5233 item
514 5193 573 5253 per
594 5173 787 5254 prophetam
806 5174 880 5324 filia.
898 5179 945 5254 18,
964 5180 1003 5240 32
1017 5182 1112 5258 et33,
1132 5181 1187 5264 11)

212 5253 374 5318 Dominus
394 5256 464 5337 ipse
487 5255 673 5337 denuntiat,
702 5280 737 5323 se
764 5281 806 5324 ne
832 5282 850 5326 e
876 5271 1015 5328 mortem
1040 5271 1187 5347 peecato-

1241 3311 1310 3367 nes,
1333 3288 1417 3352 nihil
1438 3296 1549 3351 tamen
1568 3308 1587 3350 a
1605 3286 1816 3368 reproborum
1833 3287 2127 3368 praedestinatione
2152 3288 2221 3354 dis-

1241 3382 1392 3456 crepant;
1429 3373 1524 3437 medo
1557 3374 1592 3435 in
1624 3393 1738 3435 earum
1770 3373 2042 3454 complementum
2074 3381 2222 3439 mentem

1242 3460 1429 3544 dirigamus.
1480 3460 1639 3523 Efficaeos
1665 3458 1758 3522 nobis
1786 3465 1858 3521 111111
1885 3481 1955 3524 6666
1983 3459 2116 3523 demum
2143 3481 2221 3542 pro-

1241 3547 1412 3611 missiones
1440 3545 1574 3608 Domini
1607 3545 1741 3621 scimus,
1775 3545 1831 3609 ubi
1859 3567 1913 3610 eas
1942 3544 2007 3610 fide
2033 3546 2219 3627 recipimus.

1241 3633 1307 3698 Ubi
1329 3641 1442 3698 contra
1464 3630 1632 3695 exinanita
1653 3639 1703 3694 est
1723 3629 1821 3708 fides,
1849 3631 1947 3695 simul
1970 3639 2004 3695 et
2025 3630 2145 3695 abolita
2169 3640 2221 3697 est

1240 3720 1419 3800 promissio.
1463 3719 1516 3782 Ea
1537 3718 1565 3781 si
1592 3724 1642 3780 est
1668 3723 1787 3780 natura
1808 3718 2074 3797 promissionum,
2104 3717 2218 3781 videa-

1241 3826 1315 3870 mus
1343 3805 1410 3868 iam
1435 3801 1594 3884 numquid
1620 3803 1706 3864 inter
1732 3823 1767 3866 66
1800 3802 1880 3866 haee
1909 3802 2101 3881 dissideant,
2130 3803 2223 3884 qued

1241 3890 1360 3955 dieitur
1382 3890 1421 3954 ab
1443 3897 1574 3953 aeterne
1596 3888 1757 3952 Dominus
1775 3887 1950 3966 ordinasse,
1974 3909 2054 3970 quos
2071 3889 2219 3954 bonitate

1241 3976 1419 4057 complecti,
1442 3977 1477 4039 in
1499 3996 1578 4057 quos
1598 3974 1682 4036 iram
1704 3995 1855 4038 exercere
1879 3974 1971 4051 velit,
2001 3981 2035 4037 et
2056 3973 2142 4055 quod
2164 3997 2219 4039 sa·

1240 4061 1342 4125 lutem
1364 4062 1513 4126 omnibus
1530 4058 1812 4124 indiscriminatim
1831 4059 2009 4123 denuntiat.
2055 4059 2221 4149 Equidem

1242 4146 1312 4211 dice
1334 4149 1453 4230 optime
1476 4146 1659 4212 convenire.
1705 4143 1761 4210 Sic
1783 4147 1870 4209 6111111
1895 4144 2111 4227 promittendo
2133 4147 2221 4210 nihil

1241 4232 1330 4297 aliud
1351 4233 1424 4298 vult
1444 4233 1621 4310 Dominus,
1651 4252 1749 4312 quam
1772 4232 1921 4296 omnibus
1943 4232 2124 4314 expositam
2145 4253 2220 4297 esse

1241 4341 1334 4383 suam
1355 4317 1625 4396 misericordiam,
1652 4318 1710 4399 qui
1736 4316 1832 4382 modo
1860 4317 1902 4381 ad
1925 4339 1997 4380 eam
2017 4317 2218 4398 confugiant.

1241 4403 1444 4488 Confugiunt
1465 4411 1582 4482 autem,
1604 4403 1734 4468 nonnisi
1751 4405 1773 4468 ii
1795 4424 1875 4485 quos
1891 4402 2101 4480 illuminavit;
2118 4421 2220 4482 porro

1240 4491 1404 4556 illuminat
1425 4511 1505 4573 quos
1527 4490 1782 4572 praedestinavit
1802 4489 1843 4554 ad
1865 4489 2012 4554 salutem.
2057 4487 2134 4564 His,
2165 4490 2218 4553 in-

1240 4598 1354 4659 quam,
1389 4584 1517 4642 constat
1549 4583 1638 4641 certa
1670 4583 1703 4640 61
1735 4577 1927 4640 inconcussa
1965 4573 2219 4656 promissionum

1240 4664 1376 4741 veritas,
1410 4672 1447 4726 ut
1475 4662 1539 4728 dici
1565 4670 1718 4745 nequeat,
1752 4660 1872 4744 aliquid
1904 4682 1974 4724 esse
2007 4660 2217 4726 dissensionis

1240 4750 1326 4813 inter
1356 4758 1523 4813 aeternam
1550 4749 1613 4812 Dei
1648 4748 1852 4824 electionem,
1885 4755 1918 4810 et
1947 4746 2034 4828 qued
2065 4744 2218 4811 fidelibus

1240 4836 1349 4913 offert,
1385 4836 1509 4918 gratiae
1537 4856 1615 4899 suae
1648 4834 1878 4898 testimonium.
1924 4830 1991 4896 Sed
2019 4853 2078 4896 6111
2103 4851 2219 4898 omnes

1239 4921 1407 4985 nominat?
1460 4921 1585 5002 Nempe
1614 4941 1677 5003 que
1707 4920 1808 4982 tutius
1837 4920 1966 5000 piorum
1999 4917 2218 4983 conscientiae

1311 5213 1338 5276 1)
1358 5218 1405 5264 aut
1422 5211 1569 5264 conditioni
1593 5212 1675 5263 omitt
1700 5208 1768 5262 1545
1787 5225 1856 5279 6666.
1931 5209 1961 5279 2)
1980 5215 2010 5262 111
2031 5211 2133 5262 nullum
2158 5210 2218 5262 eius
2291 5252 2297 5268 ,

1240 5279 1308 5334 1545
1326 5297 1396 5351 seqq.
1465 5279 1495 5347 3)
1513 5297 1572 5332 eam
1591 5276 1769 5354 15397-1545.
