4770 6030
210 262 271 385 365
497 263 502 287 r
778 315 1044 383 INSTITU'PIO
1066 318 1170 383 RDL.
1194 314 1375 384 OHRIST.
1401 319 1632 392 1539-1554.
1687 413 1690 417 ,
2152 318 2214 380 364

1840 461 1844 473 .
1899 415 2215 505 [transacti.

83 564 85 570 .
209 511 333 576 frustra
355 506 539 590 implendae
560 505 642 588 legis
670 504 858 569 facultatem
880 504 916 568 in
937 505 1031 569 nobis
1053 507 1185 587 requiri,
1210 509 1213 541 ¹
1237 506 1357 582 moria,
1381 506 1428 569 ita
1449 506 1485 569 in
1505 506 1773 587 promissionibus
1795 505 2032 587 quodammodo
2054 525 2108 571 eos
2131 512 2215 570 atm-

209 597 286 680 quia
306 595 376 658 eius
394 592 612 656 obedientiam
627 591 720 656 nobis
731 590 895 654 Dominus
913 590 1059 671 imperet,
1081 613 1186 674 quan·
1238 598 1345 656 statur
1377 613 1476 673 quam
1509 589 1637 674 indigni
1673 593 1741 655 sint
1773 612 1834 655 sua
1865 590 2075 673 benignitate.
2129 589 2215 672 Quis

211 682 251 747 do
279 687 406 746 constat
429 679 580 742 omnibus
608 678 673 742 Dei
700 676 882 760 praeceptis
909 675 1126 759 adimplendis
1154 685 1187 742 et
1239 677 1327 741 enirn
1349 677 1583 760 aequissimum
1601 683 1634 739 et
1655 677 1999 743 convenientissimum
2017 697 2087 741 esse
2107 684 2213 761 neget,

209 765 425 833 necessariam
454 785 525 829 esse
554 764 694 846 gratiam
722 761 918 845 legislatoris
941 770 974 825 et
995 763 1089 827 nobis
1110 785 1185 845 pro-
1237 762 1420 827 Dominum
1441 763 1482 826 iis
1502 762 1692 828 benefacere
1714 784 1735 827 a
1755 763 1874 845 quibus
1896 761 2034 826 colitur?
2063 763 2216 829 maiesta-

208 855 374 921 missam.'
397 849 511 933 Neque
534 871 647 913 corum
675 848 780 913 errori
803 846 1000 930 astipulatur
1022 845 1186 914 sententia
1239 849 1282 912 tis
1305 858 1416 913 autem
1437 869 1516 913 suae
1543 856 1781 932 contempteres
1808 868 1868 931 pro
1890 869 1950 913 sua
1970 849 2144 913 severitate
2165 849 2216 914 ul-

208 938 278 1005 illa:
302 936 532 1001 convertimini
554 935 596 999 55
617 957 684 1013 55,
706 943 740 999 51
761 941 934 1000 convertar
956 934 998 998 55
1019 956 1085 1000 vos.
1132 933 1209 1000 81-·
1239 933 1338 1000 cisci‘?
1383 935 1461 998 Rite
1483 956 1560 1017 ergo
1583 940 1616 998 et
1635 933 1750 999 ordine
1772 934 1842 1017 agit
1859 935 2031 1014 Dominus,
2055 934 2134 998 dum
2153 936 2216 999 im-

208 1024 339 1108 quidcm
361 1023 429 1087 illic
445 1021 510 1086 Dei
533 1022 700 1086 conversio
722 1027 865 1098 notatur,
888 1040 955 1084 non
972 1042 1036 1102 qua
1053 1042 1109 1086 eor
1128 1042 1186 1085 no·
1238 1021 1301 1102 piis
1318 1021 1442 1102 pcccati
1460 1019 1669 1101 compedibus
1687 1019 1845 1085 devinctis
1862 1019 1947 1084 hanc
1963 1019 2070 1103 legem
2087 1020 2123 1084 in
2140 1041 2216 1103 pro-

208 1119 315 1178 strum
343 1108 384 1173 ad
412 1108 667 1190 resipiscentiam
687 1112 838 1183 renovat,
867 1105 927 1170 sed
946 1126 1010 1186 qna
1032 1128 1066 1170 se
1088 1108 1186 1171 bene·
1238 1107 1448 1171 missionibus
1470 1105 1559 1183 dicit,
1582 1113 1653 1170 tum
1676 1105 1808 1170 domum
1828 1127 1889 1170 sua
1904 1107 2062 1171 beneficia
2082 1128 2216 1192 percep-

207 1196 320 1263 rolum
357 1216 394 1260 ac
426 1195 605 1277 propitium
644 1214 756 1256 rerum
787 1192 1001 1274 prosperitate
1034 1199 1186 1270 testatum
1239 1200 1328 1256 turos
1351 1193 1418 1255 sia
1440 1193 1602 1275 pravitate
1625 1191 1834 1256 discesserint
1841 1214 1849 1271 ;
1878 1192 1931 1256 vel
1953 1193 1994 1256 ob
2017 1192 2079 1257 hoc
2099 1192 2215 1273 solum,

210 1279 484 1365 quemadmodum
506 1280 604 1344 rebus
626 1278 772 1343 adversis
790 1277 1000 1341 offensionem
1019 1277 1187 1343 interdum
1238 1285 1277 1340 ut
1297 1277 1486 1360 intelligant
1512 1299 1547 1342 se
1575 1278 1615 1343 ab
1644 1279 1685 1342 iis
1706 1278 1824 1342 merito
1846 1276 1992 1356 excludi,
2024 1299 2107 1361 quae
2129 1280 2217 1344 veris

210 1369 342 1433 indicat.
381 1365 546 1446 Quoniam
557 1366 660 1448 igitur
679 1364 792 1428 multis
815 1363 1022 1428 miseriarum
1044 1363 1186 1430 515515-
1238 1364 1303 1427 Dei
1321 1363 1499 1428 cultoribus
1518 1363 1685 1428 debentur.
1720 1363 1877 1442 Rursum,
1896 1365 1973 1445 quia
1986 1363 2092 1428 modis
2111 1365 2216 1429 omni-

209 1455 363 1519 mitatum
380 1452 494 1516 formis
512 1458 650 1516 vexatus
668 1450 806 1533 populus
824 1469 977 1513 aversum
994 1471 1014 1513 a
1032 1471 1066 1514 se
1077 1451 1187 1514 Deum
1238 1449 1299 1514 bus
1327 1448 1369 1513 ad
1402 1449 1642 1530 implorandam
1674 1467 1768 1513 suam
1796 1451 1938 1532 gratiam
1968 1448 2082 1515 fideles
2116 1451 2217 1515 exsti·

210 1541 415 1623 querebatur,
436 1537 610 1620 respondet
631 1558 698 1601 non
720 1535 906 1600 defuturam
927 1535 993 1598 illis
1015 1557 1110 1600 suam
1131 1536 1187 1599 be-
1238 1534 1365 1599 mulare
1391 1535 1516 1613 studet,
1550 1556 1755 1618 nequaquam
1781 1536 1844 1600 erit
1872 1536 2031 1601 absonum
2058 1536 2102 1616 si,
2131 1536 2218 1619 quod

208 1626 414 1709 nignitatem,
438 1625 466 1687 si
488 1622 530 1687 ad
551 1623 640 1688 ritae
658 1621 888 1687 rectitudinem
906 1628 939 1685 et
957 1620 998 1684 ad
1016 1643 1050 1685 se
1067 1621 1185 1704 ipsum,
1238 1621 1334 1685 illum
1359 1622 1462 1685 multo
1490 1643 1565 1685 cum
1593 1622 1701 1685 fructu
1729 1642 1826 1704 agere
1853 1622 2034 1704 praeceptis
2057 1644 2136 1706 erga
2162 1644 2217 1687 eos

230 1713 267 1774 51
287 1719 336 1778 551
356 1710 500 1774 iustitiae
518 1708 694 1791 exemplar,
717 1706 860 1772 redeant.
906 1707 1086 1788 Perperam
1108 1728 1186 1791 ergo
1239 1706 1454 1784 ostendimus,
1487 1707 1522 1771 id
1549 1727 1675 1789 quoque
1704 1705 1973 1788 promissionibus
2000 1714 2114 1773 tentet.
2164 1709 2246 1791 Do,

209 1733 420 1878 detorquetur
441 1794 531 1860 locus
553 1794 633 1859 dum
655 1815 692 1858 eo
713 1793 866 1869 trahitur,
889 1800 928 1856 51
949 1813 1029 1874 5555
1051 1815 1186 1858 conver·
1240 1792 1408 1857 voluntate
1430 1793 1494 1857 Dei
1516 1793 1698 1875 praeceptis
1717 1791 1822 1856 edocti
1839 1794 1991 1858 miseriae
2007 1801 2140 1859 nostrae
2159 1794 2216 1858 ad·

208 1884 310 1947 sionis
328 1881 479 1948 videatur
495 1882 583 1945 inter
593 1881 704 1944 Deum
721 1887 754 1943 et
771 1879 919 1943 homines
937 1879 1062 1962 partiri.
1094 1879 1187 1944 Haec
1239 1900 1425 1956 monemur,
1455 1880 1511 1960 qui
1538 1880 1585 1942 sie
1613 1879 1653 1942 ab
1682 1877 1740 1942 illa
1761 1886 1829 1943 toto
1856 1886 1986 1961 pectore
2008 1879 2215 1960 dissidemus3

209 1989 247 2033 eo
269 1968 401 2033 brevius
419 1967 680 2049 perstrinximus,
702 1965 789 2048 quod
807 1965 883 2029 huic
900 1973 1095 2048 argumento
1112 1986 1187 2047 pro-
1240 1964 1338 2029 simul
1359 1964 1557 2053 instigamur
1579 1964 1620 2029 ad
1642 1962 1861 2029 invocandum
1883 1966 1952 2029 eius
1974 1967 2134 2048 spiritum
2157 1988 2217 2050 per

210 2054 303 2137 prius
324 2054 360 2116 in
381 2052 464 2136 legis
486 2053 680 2116 tractatione
701 2052 791 2116 locus
814 2051 884 2115 erit.
1239 2072 1337 2131 quem
1368 2051 1405 2113 in
1438 2057 1561 2115 rectam
1588 2051 1679 2115 viam
1710 2049 1906 2134 dirigamur;
1938 2052 1996 2117 sed
2017 2053 2094 2135 quia
2121 2074 2217 2136 prae-

295 2142 346 2203 85.
386 2134 570 2204 'Secundus
604 2143 873 2221 argumentorum
911 2136 989 2201 ordo
1029 2137 1188 2220 superiori
1239 2137 1341 2217 ceptis
1370 2136 1503 2219 ignavia
1529 2144 1642 2200 nostra
1668 2137 1838 2202 nonsatis
1862 2138 2007 2216 acuitur,
2032 2138 2218 2205 subduntur

208 2225 370 2290 finitimus
392 2232 450 2289 est.
495 2223 652 2306 Allegant
678 2220 910 2306 promissiones
932 2224 1050 2305 quibus
1071 2224 1187 2286 Domi·
1240 2222 1480 2304 promissiones,
1499 2243 1582 2304 quae
1600 2221 1771 2292 dulcedine
1789 2222 1984 2305 quadamad
1997 2245 2111 2288 eorum
2128 2246 2217 2289 arno-

208 2333 273 2376 555
300 2333 375 2375 cum
396 2311 565 2376 voluntate
586 2317 701 2373 nostra
721 2309 904 2391 paciscitur.
949 2306 1073 2389 Quales
1095 2314 1186 2372 sunt:
1240 2329 1310 2372 rem
1332 2329 1392 2371 nos
1415 2308 1568 2371 51551551
1613 2305 1688 2387 Quo
1710 2315 1821 2374 autem
1849 2310 1973 2374 maiore
1995 2317 2146 2375 tenemur
2167 2312 2217 2375 iu-

210 2395 368 2478 Quaerite
400 2396 582 2461 bonitatem
615 2403 648 2458 et
685 2415 753 2459 non
785 2395 963 2473 mahtiam,
1004 2401 1037 2459 et
1069 2395 1188 2460 vivetis
1241 2395 1350 2458 stitiae
1373 2392 1548 2471 desiderio,
1570 2413 1608 2458 eo
1631 2395 1728 2457 fimus
1750 2394 2034 2477 adquaerendam
2054 2396 2119 2461 Dei
2142 2418 2217 2480 gra

211 2481 301 2567 (Am,
323 2487 350 2560 5,
374 2481 436 2567 14).
472 2479 511 2547 81
532 2481 703 2546 5515551115
726 2488 760 2545 51
782 2479 951 2545 5551551115
972 2481 1059 2545 bona
1082 2488 1188 2546 terrae
1240 2479 1322 2544 tiam
1342 2480 1563 2545 ferventiores.
1597 2479 1651 2544 En
1672 2480 1832 2562 quomodo
1853 2479 1920 2545 illis
1937 2481 2216 2561 obtestationibus,

210 2568 399 2642 comedetis;
421 2567 509 2650 qnod
530 2568 558 2631 si
576 2567 757 2644 nolueritis,
781 2565 909 2649 gladius
927 2565 1097 2631 devorabit
1113 2588 1186 2631 vos:
1241 2567 1270 2629 si
1291 2565 1469 2642 volueritis,
1493 2566 1521 2630 si
1544 2565 1722 2643 audieritis,
1746 2588 1852 2649 neque
1873 2567 2004 2633 volendi
2021 2567 2217 2632 audiendive

210 2655 287 2737 quia
309 2675 344 2718 os
365 2654 501 2718 Domini
518 2654 691 2736 loquutum
713 2660 763 2718 est
791 2651 867 2735 (Ies.
885 2651 990 2736 1,19).
1036 2653 1136 2717 Item:
1160 2654 1188 2716 si
1240 2651 1377 2715 liberam
1394 2652 1583 2717 faerrltatem
1600 2652 1692 2716 nobis
1709 2653 1872 2718 Dominus
1889 2654 2023 2733 tribuat,
2045 2675 2149 2735 neque
2167 2660 2216 2718 ta·

210 2739 384 2805 abstuleris
405 2740 665 2806 abominationes
692 2747 766 2803 tuas
790 2759 810 2802 a
838 2738 919 2802 faeie
947 2759 1021 2802 mea
1041 2759 1109 2802 non
1131 2760 1188 2802 ex·
1241 2759 1318 2802 men
1340 2738 1380 2802 ob
1402 2738 1631 2820 impotentiam
1652 2736 1794 2803 ludibrio
1814 2738 1942 2805 habeat

209 2824 562 2974 55115555155.4,1);
593 2826 620 2890 51
651 2824 792 2890 audieris
819 2845 932 2888 rocem
960 2824 1096 2889 Domini
1123 2825 1189 2890 Dei
1328 2828 1379 2888 86.
1424 2823 1536 2889 Habet
1563 2831 1597 2888 et
1625 2824 1724 2888 tertia
1751 2824 1863 2890 classis
1892 2825 2031 2891 multam
2051 2847 2127 2891 cum
2152 2825 2218 2892 illis

209 2912 274 2987 tui,
301 2920 340 2974 ut
374 2911 460 2975 55155
482 2919 516 2974 51
537 2910 700 2976 custodias
722 2911 835 2974 omnia
855 2908 1012 2974 mandata
1033 2911 1117 2990 eius,
1140 2913 1188 2975 15
1242 2910 1444 2975 affinitatem.
1490 2911 1595 2976 Locos
1624 2910 1712 2975 enim
1739 2909 1925 2994 producunt
1944 2912 2062 2994 quibus
2088 2912 2218 2995 ingrato

131 2993 139 3015 ‘
211 2998 275 3061 ciet
295 3004 328 3062 tc
349 2996 514 3060 Dominus
536 2997 747 3062 excelsiorem
765 2996 891 3060 cunctis
909 2996 1062 3078 gentibus
1081 3005 1188 3061 terrae
1241 2996 1362 3080 populo
1384 2997 1547 3061 Dominus
1577 2997 1754 3079 exprobrat
1780 3018 1840 3080 per
1866 3018 1943 3062 eum
1964 2996 2128 3063 duntaxat
2153 3005 2218 3063 ste·

210 3081 324 3166 (Dent.
345 3086 394 3159 28,
415 3086 440 3146 l.
472 3083 552 3147 Lev.
573 3086 622 3159 26,
637 3081 681 3166 3).
715 3083 762 3147 Et
787 3081 933 3164 rehquae
954 3081 1085 3146 similes.
1119 3084 1187 3147 115-
1241 3083 1320 3147 tisse
1343 3082 1516 3164 quominus
1542 3082 1583 3147 ab
1610 3081 1818 3166 indulgentia
1839 3103 1899 3148 sua
1919 3104 2016 3148 omne
2038 3105 2141 3167 genus
2162 3085 2218 3150 bo-

209 3175 351 3251 portune
373 3175 406 3232 et
427 3189 488 3250 per
504 3167 693 3246 ludibrium,
714 3189 797 3250 qnae
815 3168 979 3232 Dominus
996 3168 1033 3232 in
1049 3170 1187 3250 promis·
1241 3189 1360 3233 norum
1381 3168 1548 3251 receperit
1594 3165 1697 3232 Cuius
1727 3169 1857 3252 generis
1880 3177 1957 3235 sunt
1984 3170 2053 3235 isti:
2081 3169 2219 3236 Amalec

210 3253 357 3319 sionibus
385 3253 481 3318 offert
507 3253 678 3333 beneficia,
707 3254 870 3319 voluntati
890 3258 1023 3318 nostrae
1043 3253 1188 3337 delegari
1241 3262 1275 3319 et
1297 3253 1517 3319 chananaeus
1550 3260 1626 3319 ante
1648 3274 1706 3318 vos
1735 3261 1813 3320 sunt
1845 3275 1985 3337 quorum
2013 3254 2121 3340 gladio
2149 3277 2218 3322 eor·

209 3346 343 3424 putant;
371 3339 436 3403 nisi
459 3347 610 3404 nostrum
631 3339 675 3402 sit
700 3339 758 3404 illa
778 3338 832 3404 vel
853 3338 997 3404 stabilire
1019 3339 1073 3405 vel
1093 3340 1189 3405 irrita
1241 3341 1352 3418 ruetis,
1376 3360 1414 3404 eo
1436 3338 1523 3422 quod
1539 3339 1711 3404 nolueritis
1732 3341 1934 3423 acquiescere
1947 3341 2091 3407 Domino
2104 3341 2217 3426 (Num.

209 3425 323 3490 facere.
373 3426 420 3489 Et
453 3447 531 3491 sane
564 3447 635 3490 rem
666 3426 765 3490 istam
797 3424 946 3490 facundis
973 3425 1188 3508 querimoniis
1245 3431 1293 3504 14,
1312 3426 1379 3510 43).
1425 3423 1513 3505 Quia
1543 3426 1657 3492 vocavi
1687 3432 1799 3491 55551
1825 3448 1893 3491 non
1914 3427 2142 3512 respondistis,
2170 3429 2218 3493 15-

209 3511 409 3595 amphticare
429 3518 619 3596 promptum
640 3518 706 3576 est:
728 3533 788 3576 nos
811 3509 985 3576 crudeliter
1007 3512 1187 3576 aDomino
1242 3511 1990 3598 51555515555515155115518115(1557,
2014 3513 2076 3597 13).
2115 3514 2215 3578 Item:

209 3597 322 3674 illudi,
345 3620 446 3680 quum
468 3599 707 3682 benignitatem
729 3619 824 3662 suam
845 3619 865 3661 a
886 3597 1055 3663 voluntate
1076 3605 1189 3662 nostra
1241 3598 1323 3662 haec
1350 3619 1430 3682 gens
1457 3619 1523 3662 non
1550 3596 1676 3663 audivit
1704 3620 1817 3664 vocem
1837 3599 1973 3664 Domini
1993 3600 2059 3665 Dei
2086 3600 2136 3662 sui
2157 3620 2218 3664 neo

209 3682 352 3765 pendere
375 3683 561 3763 denuntiat,
585 3686 613 3748 si
633 3684 786 3750 voluntas
807 3683 881 3767 ipsa
901 3691 1015 3748 nostra
1034 3705 1102 3748 non
1124 3691 1188 3763 est;
1241 3685 1364 3767 5555511
1396 3684 1618 3767 disciphnam;
1655 3685 1728 3750 ideo
1765 3686 1910 3768 proiecta
1941 3692 1992 3750 est
2024 3706 2043 3750 a
2074 3684 2217 3749 Domino

210 3769 379 3851 egregiam
400 3793 478 3836 vero
499 3773 569 3836 fore
591 3771 677 3836 hanc
697 3769 927 3837 liberalitatem
944 3770 1018 3849 Dei,
1041 3770 1070 3834 si
1090 3771 1190 3836 bene·
1242 3770 1320 3855 (Ier.
1341 3774 1369 3848 7,
1389 3769 1454 3854 28).
1500 3770 1600 3835 Item:
1628 3771 1705 3854 quia
1732 3771 1911 3837 indurastis
1939 3792 1995 3837 cor
2015 3776 2163 3836 vestrum
2185 3776 2219 3834 et

82 3891 85 3896 ,
211 3853 287 3918 ficia
308 3874 369 3919 sua
392 3858 440 3920 ita
461 3857 555 3922 nobis
578 3865 735 3940 exponat,
764 3879 808 3921 ne
836 3856 967 3920 1555551
989 3856 1057 3921 5115
1077 3857 1121 3920 511
1141 3858 1189 3922 15·
1241 3855 1393 3921 noluistis
1415 3856 1546 3921 obedire
1566 3857 1724 3937 Domino,
1751 3857 1965 3924 haecomnia
1991 3856 2080 3921 mala
2100 3877 2218 3922 evene·

212 3938 332 4017 cultas;
355 3941 474 4005 rrriram
496 3943 750 4025 promissionum
773 3941 1016 4021 certitudinem,
1048 3964 1131 4025 qua-e
1152 3950 1191 4006 ut
1241 3949 1320 4006 runt
1340 3942 1432 4027 vobis
1460 3943 1538 4026 (Iar.
1558 3944 1608 4021 32,
1629 3943 1694 4028 32).
1740 3944 1836 4009 Tales
1861 3942 2142 4027 exprobrationes,
2165 3943 2218 4007 in·

214 4045 383 4106 nunquam
405 4028 619 4109 impleantur,
649 4049 669 4092 a
695 4051 732 4093 re
753 4028 948 4112 impossibih
974 4027 1189 4112 dependeant.
1242 4029 1374 4110 quiunt,
1402 4028 1561 4110 quomodo
1591 4028 1747 4094 adversus
1775 4050 1829 4094 eos
1856 4035 2073 4113 congruerent
2099 4029 2218 4111 quibus

212 4110 266 4175 De
287 4112 556 4193 promissionibus
573 4113 733 4178 eiusmodi
750 4136 833 4198 quae
852 4113 1070 4179 conditionem
1082 4114 1107 4198 ¹)
1130 4115 1189 4179 ha·
1242 4114 1406 4197 extemplo
1432 4112 1629 4197 respondere
1656 4114 1765 4180 liceat:
1792 4115 1886 4180 nobis
1913 4135 1992 4180 vero
2017 4116 2219 4198 prosperitas

212 4195 293 4260 berit
320 4197 518 4280 appositam,
551 4198 628 4263 ahbi
657 4199 816 4279 dicemus,
845 4206 883 4263 ut
909 4200 1019 4282 palam
1040 4201 1190 4264 lirturum
1242 4199 1331 4264 cordi
1358 4206 1443 4279 erat,
1473 4200 1611 4266 adversa
1637 4201 1846 4282 timebamus3
1878 4201 1964 4284 quod
1993 4208 2104 4266 autem
2130 4200 2218 4265 illius

213 4280 262 4360 sit,
285 4282 322 4345 in
344 4303 458 4347 earum
474 4284 668 4366 impossibili
685 4286 922 4368 complemento
940 4285 1027 4349 nihil
1044 4307 1114 4350 esse
1132 4287 1188 4351 ab·
1242 4285 1476 4369 adipiscendae,
1498 4286 1617 4350 horum
1638 4286 1845 4366 vitandorum
1863 4308 1969 4366 eausa,
1990 4287 2134 4352 Domino
2152 4307 2218 4351 non

115 4416 118 4421 «
212 4367 313 4432 surdi.
360 4365 532 4448 Quantum
554 4369 595 4434 ad
617 4371 705 4435 hunc
726 4371 835 4436 locum
857 4373 990 4448 attinet,
1014 4392 1098 4454 nego
1119 4372 1189 4435 Do-
1240 4373 1410 4455 paruimus
1429 4392 1489 4436 neo
1511 4395 1624 4437 vocem
1646 4373 1715 4437 eius
1737 4373 2009 4452 auscultavimus,
2037 4372 2218 4438 55155155

211 4454 340 4517 minum
361 4454 585 4520 inhumaniter
605 4455 742 4521 illudere
765 4457 868 4535 nobis,
892 4457 971 4521 dum
992 4456 1111 4520 55555
1131 4456 1188 4522 be·
1241 4464 1291 4523 est
1317 4458 1394 4540 quia
1417 4460 1541 4540 peccati
1569 4458 1782 4524 dominationi
1806 4459 1955 4525 obnoxiis
1981 4460 2123 4525 liberum
2151 4479 2219 4524 non

154 4555 158 4561 ’
211 4539 1188 4625 55115155555555555551551151,5555551155555555-
1240 4545 1309 4608 fuit.
1354 4544 1495 4609 Frustra
1516 4544 1618 4629 igitur
1638 4544 1727 4609 mala
1747 4546 1840 4611 nobis
1863 4546 2112 4629 exprobrantur,
2134 4563 2218 4628 quae

211 4644 266 4688 sus
288 4626 492 4708 impotentes.
539 4625 711 4710 Siquidem
732 4650 835 4711 quum
863 4628 1014 4693 fidelibus
1039 4628 1134 4692 iuxta
1155 4634 1189 4693 et
1241 4631 1385 4713 effugere
1407 4651 1474 4693 non
1501 4631 1565 4697 1511
1592 4637 1722 4697 nostrae
1750 4633 1931 4714 potestatis.
1982 4629 2063 4710 855,
2099 4631 2217 4695 omisso

211 4709 322 4792 impiis
344 4712 525 4777 offerantur
545 4711 787 4797 promissiones,
810 4735 907 4779 suum
928 4713 1016 4797 apud
1033 4721 1187 4796 utrosque
1240 4717 1443 4782 necessitatis
1468 4717 1616 4796 obtentu,
1644 4717 1679 4780 in
1700 4738 1764 4800 qno
1792 4719 1961 4783 infirmum
1983 4725 2032 4782 est
2059 4738 2098 4782 aa
2123 4714 2219 4781 futile

212 4815 309 4859 usum
331 4797 460 4863 habent
502 4797 785 4880 Quemadmodum
807 4800 989 4884 praeceptis
1010 4800 1188 4883 impiorum
1240 4802 1468 4884 patrocinium,
1486 4824 1565 4887 rogo
1582 4804 1751 4885 possintne
1769 4803 1899 4887 culpam
1917 4800 2103 4886 deprecari?
2129 4801 2218 4866 Nam

183 4883 426 4948 ·o0nscientias
455 4887 574 4970 prmgit
604 4887 711 4967 Deus,
741 4909 783 4952 ne
811 4887 956 4953 suaviter
983 4886 1124 4950 nimium
1151 4887 1186 4951 in
1241 4888 1269 4951 si
1291 4887 1404 4970 culpae
1426 4888 1563 4954 alicuius
1584 4895 1738 4953 tenentur
1759 4891 1907 4968 convicti,
1930 4911 1997 4955 non
2017 4889 2075 4954 abs
2095 4909 2133 4954 re
2149 4887 2219 4952 Do-

211 4969 352 5048 peceatis
382 4969 589 5052 delicientur,
620 4974 712 5039 nulla
739 4973 935 5038 iudiciorum
962 4993 1097 5037 suorum
1118 4994 1188 5038 me-
1239 4974 1350 5038 minus
1382 4975 1572 5058 exprobrat,
1607 4996 1721 5039 eorum
1753 4977 1969 5058 perversitate
1996 4975 2121 5041 factum
2149 4994 2220 5039 esse

1240 5059 1413 5141 quominus
1441 5081 1519 5124 suae
1550 5059 1742 5140 ‚clementiae
1768 5063 1911 5127 fructum
1937 5061 2106 5127 sentirent
2152 5061 2219 5125 Re-

1202 5143 1205 5150 ’
1240 5144 1422 5227 spondeant
1448 5167 1541 5229 erge,
1573 5147 1741 5228 possintne
1773 5148 1913 5212 inficiari
1941 5165 2074 5213 causam
2107 5154 2219 5213 contu·

280 5241 308 5307 1)
326 5245 532 5310 promissionem
551 5247 626 5302 1539,
1240 5231 1364 5296 maciae
1391 5253 1529 5314 pravam
1552 5252 1648 5296 suam
1676 5231 1879 5297 voluntatem
1902 5232 2029 5300 fuisse?
2075 5231 2115 5300 81
2139 5232 2219 5299 mali
2255 5284 2260 5290 .

298 5139 416 5152 u·--—--
