4770 6030
179 377 241 440 281
847 375 947 443 OAP.
970 375 996 440 I.
1041 376 1106 441 DE
1128 373 1418 442 COGNITIONE
1439 375 1531 443 DEI.
2133 380 2196 449 282

177 489 249 544 Aa·
266 487 336 543 32·
354 486 415 541 02.

179 474 464 648 spiiaciss'imaqire
486 566 554 629 acie
576 564 726 630 videmur
748 564 842 629 nobis
864 565 1020 648 praediti;
1048 563 1162 629 stubi
1217 562 1414 628 disseramus
1448 563 1534 643 loco,
1568 572 1640 629 tum
1667 564 1710 631 ad
1736 567 1822 633 bano
1847 568 2051 634 tractandam
2083 579 2196 653 postca

180 651 341 715 insolam
367 651 577 733 suspicimus,
609 657 707 732 atque
734 652 870 714 arrectis
892 651 994 714 oculis
1017 657 1162 715 contem·
1217 648 1460 715 descendamus.

180 738 326 821 plamur,
349 737 401 801 vis
421 736 478 800 illa
499 757 583 818 quae
604 737 737 819 egregie
757 737 793 800 in
815 744 905 801 terra
926 736 1065 812 valebat,
1088 743 1163 800 tan·
1303 741 1332 799 4.
1377 734 1552 816 Quendam
1579 737 1686 802 inesse
1713 737 1877 824 humanae
1904 742 2022 818 menti,
2050 743 2195 810 naturali

181 833 216 887 to
237 823 365 905 fulgore
386 823 537 905 protinus
565 823 801 905 perstringitur
822 831 856 886 et
878 821 1102 898 conhmditur,
1126 827 1165 886 nt
1216 822 1391 896 instinctu,
1421 820 1604 887 divinitatis
1631 845 1778 902 sensum,
1812 834 1909 892 extra
1940 829 2195 894 controversiam

181 910 278 974 fateri
300 929 471 991 cogemur,
499 908 582 972 illud
602 915 753 972 nostrum
774 909 810 972 in
831 907 1075 972 considerandis
1097 915 1163 972 ter·
1216 909 1382 991 ponimus:
1406 906 1577 990 siquidem,
1599 909 1736 992 nequis
1758 910 1799 975 ad
1822 912 2026 996 ignorantiae
2043 922 2195 997 praetex-

181 996 269 1060 renis
303 1015 454 1069 acumen,
488 995 545 1059 ubi
577 993 620 1057 ad
648 994 751 1057 solem
780 1002 916 1059 ventum
944 1001 1009 1072 est,
1037 1014 1163 1057 meram
1215 1002 1289 1057 turn
1318 993 1523 1077 confligeret,
1556 995 1720 1076 quandam
1754 998 1804 1061 sui
1832 999 1979 1063 numinis
2008 998 2194 1083 intelligen-

183 1102 253 1146 esse
281 1079 522 1145 hebetudinem.
575 1080 629 1142 Ita
654 1089 688 1143 et
710 1081 744 1143 in
769 1079 960 1163 reputandis
983 1079 1163 1163 spirituali-
1189 1122 1191 1185 p
1216 1080 1297 1142 tiam
1321 1079 1484 1144 universis
1515 1081 1679 1146 Dominus
1712 1083 1894 1148 instillavit.
1939 1084 1987 1150 Ut
2019 1107 2120 1167 quum
2152 1084 2195 1152 ad

183 1168 243 1232 bus
272 1167 395 1230 nostris
422 1165 517 1231 bonis
542 1166 713 1249 contingit.
766 1165 969 1249 Quantisper
996 1166 1084 1229 enim
1106 1187 1163 1228 ox·
1216 1186 1320 1228 unum
1348 1186 1461 1230 omnes
1490 1167 1679 1250 intelligant
1700 1168 1820 1243 Deum¹
1834 1192 1917 1248 esse,
1946 1179 1979 1234 et
2005 1193 2102 1235 sumn
2124 1193 2195 1237 esse

182 1264 235 1317 tra
256 1262 379 1316 terram
400 1273 468 1315 non
490 1253 696 1334 respicimus,
717 1252 854 1335 propria
876 1251 1012 1329 iustitia,
1034 1253 1163 1334 sapien·
1216 1251 1375 1333 opificem,
1404 1273 1463 1316 suo
1485 1252 1632 1336 ipsorum
1655 1254 1841 1321 testimonio
1863 1256 2075 1333 danmentur,
2108 1256 2194 1339 quod
2212 1264 2217 1288 ¹

183 1340 239 1416 tia,
262 1341 386 1404 virtute
409 1337 544 1421 pulchre
567 1338 721 1414 contenti,
744 1338 839 1403 nobis
860 1338 1053 1402 suavissime
1070 1337 1163 1402 blan·
1216 1358 1282 1401 non
1301 1342 1334 1400 et
1352 1336 1444 1402 illum
1463 1338 1632 1412 coluerint,
1656 1351 1689 1403 et
1706 1341 1776 1405 cius
1794 1342 1956 1408 voluntati
1980 1343 2080 1408 vitam
2100 1363 2194 1409 suam
2279 1359 2284 1380 ’

184 1425 308 1502 dimar,
332 1435 366 1488 et
393 1432 521 1488 tantum
542 1445 609 1488 non
631 1424 766 1488 semidei
786 1423 948 1488 ridemur.
994 1423 1090 1487 Atei
1113 1443 1163 1487 se·
1217 1423 1446 1488 consecrarint.
1487 1423 1575 1490 Sane
1593 1425 1696 1490 sicubi
1714 1426 1778 1491 Dei
1800 1427 1988 1511 ignorantia
2008 1435 2193 1512 quaeratur,

182 1511 249 1575 mel
274 1513 476 1594 coeperimus
506 1510 739 1593 cogitationem
765 1511 801 1573 in
827 1510 938 1574 Deum
967 1509 1107 1591 erigere,
1131 1515 1165 1572 et
1216 1530 1378 1591 nusquam
1399 1512 1505 1593 magis
1532 1519 1661 1576 exstare
1680 1533 1776 1596 posse
1803 1513 1874 1579 eius
1894 1514 2080 1598 exemplum
2107 1515 2194 1581 vori-

189 1596 373 1680 expenderc
399 1596 503 1678 qualis
525 1597 584 1671 sit,
612 1607 646 1659 et
673 1616 773 1678 quam
794 1604 909 1660 exacta
930 1595 1089 1685 institiae,
1111 1615 1164 1659 sa·
1217 1595 1323 1658 simile
1345 1604 1404 1675 ost,
1427 1618 1525 1677 quam
1546 1598 1634 1662 inter
1656 1598 1837 1664 obtusiones
1852 1597 1999 1684 populos,
2022 1611 2056 1665 et
2073 1602 2113 1666 ab
2132 1601 2194 1666 hu·

189 1684 346 1767 pientiae,
375 1683 509 1746 virtutis
535 1682 605 1746 eius
626 1682 797 1764 perfectio,
828 1681 870 1745 ad
893 1682 985 1745 cuius
1007 1681 1165 1744 amussim
1217 1681 1387 1745 munitatis
1409 1682 1499 1746 cultu
1527 1683 1727 1750 remotiores.
1767 1685 1871 1768 Atqui
1899 1685 1990 1751 nulla
2012 1695 2062 1750 ost
2083 1687 2192 1766 etiamr,

189 1770 385 1834 conformari
414 1789 472 1831 nos
500 1776 643 1851 oportet,
672 1767 759 1850 quod
781 1776 878 1832 antea
904 1768 940 1831 in
962 1767 1055 1830 nobis
1083 1766 1163 1830 falso
1217 1774 1254 1830 ut
1276 1766 1426 1831 ethnicus
1448 1768 1504 1833 ille
1526 1770 1581 1845 ait,
1601 1769 1625 1853 ¹)
1647 1779 1715 1834 tam
1734 1771 1872 1837 barbara
1888 1773 1987 1847 natio,
2007 1772 2096 1836 nulla
2113 1793 2194 1854 gons

171 1857 334 1919 ‘iustitiae
356 1863 530 1937 praetextu
556 1854 735 1931 arridebat,
758 1875 818 1937 pro
841 1874 969 1917 summa
991 1853 1164 1934 iniquitate
1190 1910 1192 1917 ,
1217 1863 1283 1916 tam
1307 1853 1450 1928 efferata,
1474 1856 1527 1919 oui
1549 1876 1616 1919 nou
1633 1854 1774 1922 insideat
1791 1857 1871 1922 baec
1888 1859 2065 1940 persuasio,
2084 1858 2193 1923 Deum

126 1942 132 1949 ’
187 1963 266 2005 mox
288 1940 465 2017 sordescet;
493 1939 579 2022 quod
607 1941 744 2005 mirifice
770 1940 958 2022 imponebat
985 1938 1164 2021 sapientiae
1217 1959 1295 2002 esse.
1340 1939 1386 2002 llt
1412 1940 1468 2021 qui
1496 1942 1531 2005 in
1560 1942 1633 2006 aliis
1662 1943 1749 2007 vituo
1772 1943 1919 2026 partibus
1947 1944 2121 2008 minimum
2143 1945 2194 2009 vi·

187 2028 301 2105 titulo,
329 2047 389 2110 pro
412 2036 560 2091 oxmema
581 2026 724 2090 stultitia
744 2026 892 2103 foetebit3
921 2025 1007 2107 quod
1030 2025 1164 2089 virtutis
1217 2023 1377 2089 dentura
1405 2025 1522 2090 belluis
1543 2027 1689 2105 differre,
1719 2029 1882 2111 quoddam
1904 2037 2015 2095 tamen
2036 2039 2194 2113 perpetuo

185 2115 303 2178 faciem
329 2125 409 2196 prae
436 2113 636 2187 ecferebat,
664 2112 850 2175 miserrima
878 2111 1072 2194 impotentia
1094 2131 1164 2175 esse
1217 2109 1385 2192 religionis
1411 2133 1523 2177 semen
1557 2114 1708 2178 retinent.
1761 2114 1854 2179 Adeo
1884 2116 2015 2198 penitus
2046 2115 2194 2180 omnium

186 2207 352 2284 arguetur.
403 2198 496 2262 Adeo
531 2197 662 2262 divinae
691 2198 829 2280 puritati
862 2197 948 2261 mole
979 2197 1163 2279 respondet,
1217 2196 1343 2260 animos
1366 2199 1545 2281 occuparit,
1568 2198 1649 2264 adeo
1672 2200 1831 2264 tenaciter
1850 2202 1997 2266 omnium
2015 2201 2194 2267 viscoribus

185 2285 272 2368 quod
289 2284 422 2349 videtur
438 2285 473 2348 in
492 2285 585 2348 nobis
603 2283 656 2348 vel
669 2283 956 2348 absolutissimum.
986 2282 1164 2348 Hinchor-
1216 2281 1367 2346 inhaeret
1395 2285 1576 2348 communis
1610 2285 1673 2348 ista
1705 2287 1937 2370 praesumptio.
1982 2287 2083 2351 Nullo
2115 2306 2193 2370 crgo

184 2393 242 2436 ror
262 2372 318 2435 ille
340 2380 374 2434 et
396 2379 519 2452 stupor,
541 2391 605 2452 quo
626 2370 748 2453 passim
771 2369 935 2452 scriptura
956 2369 1073 2432 recitat
1089 2390 1163 2451 per·
1216 2389 1317 2448 quum
1340 2369 1379 2433 ab
1394 2369 1502 2434 .initi0
1523 2371 1638 2435 mundi
1661 2371 1766 2454 regio,
1793 2372 1885 2436 nulla
1907 2373 1999 2445 urbs,
2023 2373 2114 2437 nulla
2135 2372 2191 2438 ‹le-

185 2457 291 2522 oulsos
309 2463 406 2539 atquo
424 2457 562 2521 afflictos
579 2457 679 2520 fuisse
695 2464 833 2532 sanctos,
851 2455 978 2537 quoties
987 2454 1052 2518 Dei
1069 2476 1164 2537 prae·
1216 2454 1314 2534 nique
1337 2453 1451 2519 domus
1473 2457 1581 2533 fuerit,
1603 2478 1685 2540 quae
1708 2457 1866 2539 religione
1888 2479 1997 2522 carere
2018 2467 2136 2540 posset,
2155 2459 2191 2524 in

184 2544 325 2609 sentiam
347 2543 540 2612 sentiebant.
580 2539 693 2622 Quum
716 2542 804 2606 onim
827 2562 882 2604 eos
904 2540 1083 2617 videamus,
1107 2541 1163 2622 qui
1216 2561 1253 2601 oo
1277 2541 1375 2604 tacita
1396 2541 1555 2622 quaedam
1574 2543 1731 2608 confessio
1749 2551 1807 2620 cst,
1831 2544 2025 2626 inscriptum
2043 2545 2191 2609 onmium

184 2632 318 2696 absente
341 2629 485 2694 Domino
513 2629 620 2692 securi
646 2629 797 2710 firmique
826 2627 1062 2703 consistebant,
1091 2627 1162 2708 ipso
1215 2625 1366 2690 cordibus
1408 2626 1591 2705 divinitatis
1624 2651 1766 2694 sensum.
1822 2627 1913 2709 Quin
1941 2639 1974 2693 ot
2007 2628 2191 2694 idololatria

183 2717 324 2801 gloriam
356 2736 451 2779 suam
477 2713 723 2787 manifestante,
752 2715 799 2777 sio
821 2714 992 2795 quatefieri
1019 2732 1057 2775 ac
1086 2731 1162 2788 oon·
1215 2710 1313 2774 huius
1330 2714 1549 2794 conceptionis
1570 2715 1717 2798 amplum
1734 2724 1785 2779 ost
1804 2714 2044 2778 documentmrr.
2080 2714 2190 2794 Quam

183 2802 336 2878 sternari,
364 2808 402 2864 ut
428 2801 544 2863 mortis
574 2800 709 2863 horrore
738 2800 975 2865 absorbeantur
1002 2805 1035 2864 et
1081 2819 1162 2863 aene
1214 2796 1303 2860 enim
1325 2820 1392 2863 non
1413 2799 1555 2865 libenter
1573 2823 1608 2867 se
1627 2800 1758 2866 deiiciat
1779 2802 1886 2877 homo,
1908 2809 1945 2863 ut
1958 2799 2038 2863 alias
2077 2821 2133 2863 rao
2155 2821 2190 2865 se

183 2888 269 2952 nulli
290 2889 368 2952 sint:
398 2886 617 2970 colligendum
635 2887 660 2970 ¹)
683 2895 746 2962 est,
775 2885 943 2949 hominem
965 2820 1162 2965 humiiitatis
1214 2890 1380 2948 creaturas
1402 2888 1567 2969 suspiciat,
1590 2888 1719 2951 scimus.
1764 2886 1917 2963 Proinde,
1938 2907 2040 2968 quum
2077 2886 2190 2968 'gnum

182 2995 264 3039 suae
292 2973 458 3058 agnitione
484 2993 654 3055 nunquam
681 2973 762 3036 satis
789 2972 882 3055 tangi
911 2982 944 3035 et
971 2971 1071 3056 affici,
1097 2972 1161 3035 nisi
1213 2969 1322 3050 potius
1344 2979 1378 3035 et
1397 2972 1539 3055 lapidem
1561 2973 1666 3038 colere
1683 2973 1787 3050 malit,
1808 2994 1906 3055 quam
1927 2980 1965 3036 ιιι
1982 2971 2111 3035 nullrmr
2128 2992 2189 3054 pu·

181 3067 356 3144 postquam
388 3080 422 3124 se
445 3058 487 3122 ad
506 3059 571 3123 Dei
598 3058 803 3123 maiestatem
823 3057 1033 3141 comparavit.
1078 3057 1161 3122 llius
1213 3061 1302 3118 tetur
1319 3056 1440 3122 habore
1453 3059 1582 3124 Deum:
1606 3067 1735 3123 constat
1752 3058 2074 3125 vehementissimam
2092 3057 2191 3122 istam

181 3153 295 3211 autem
312 3145 583 3210 consternationis
601 3144 752 3228 exempla
769 3145 882 3208 erebra
903 3143 1071 3220 habemus,
1089 3151 1161 3207 tum
1213 3142 1346 3206 esseda
1369 3145 1503 3208 numina
1525 3144 1788 3226 impressionem,
1811 3166 1895 3228 quac
1918 3143 1998 3209 adeo
2021 3165 2062 3207 ex
2085 3143 2191 3207 homi·

180 3233 219 3296 in
240 3231 412 3309 iudicibus,
436 3239 509 3294 tum
530 3231 566 3295 in
587 3230 757 3314 prophetis
776 3229 862 3315 (lud.
880 3233 927 3307 13,
941 3232 991 3292 22.
1010 3229 1072 3293 Ies.
1087 3232 1116 3305 6,
1130 3234 1158 3293 5.
1213 3227 1264 3289 nis
1286 3237 1404 3294 mente
1419 3229 1585 3294 obliterari
1607 3239 1758 3313 nequeat,
1780 3240 1818 3295 ut
1839 3230 1967 3295 facilius
1989 3230 2032 3293 sit
2053 3239 2191 3297 naturas

179 3318 240 3383 Ea.
263 3322 290 3397 l,
309 3321 349 3381 28
369 3323 402 3381 et
418 3316 529 3401 alibi);
556 3316 637 3381 adeo
663 3323 702 3380 ut
723 3337 789 3382 vox
811 3316 869 3380 illa
895 3317 931 3379 in
952 3315 1017 3380 Dei
1038 3316 1159 3399 populo
1212 3313 1367 3380 affectum
1387 3315 1510 3399 frangi3
1531 3323 1570 3379 ut
1582 3315 1611 3396 ²)
1634 3324 1721 3382 certe
1741 3317 1914 3400 frangitur,
1937 3316 2014 3381 dum
2033 3315 2130 3378 horno
2148 3336 2209 3391 ox¹

180 3404 305 3469 usitata
325 3405 425 3467 foret:
448 3403 635 3480 moriemur,
654 3403 732 3484 quia
748 3403 912 3467 Dominus
930 3401 1083 3485 apparuit
1100 3422 1159 3465 no-
1212 3397 1270 3462 illa
1291 3401 1434 3466 natrrrali
1456 3402 1625 3467 inflatione
1640 3402 1689 3475 =ad
1714 3403 1829 3468 infima
1851 3422 1997 3484 quaeque
2019 3408 2133 3481 sponte
2155 3419 2190 3463 se

179 3490 240 3554 bis.
284 3489 364 3554 Ideo
392 3497 426 3552 et
453 3488 591 3552 historia
620 3489 695 3567 Iob,
730 3489 771 3553 ad
798 3486 1051 3572 prosternendos
1082 3508 1159 3551 suae
1212 3483 1362 3564 demittit,
1385 3508 1449 3570 quo
1470 3488 1581 3552 Deum
1603 3499 1801 3554 revereatur.

177 3576 351 3654 strrltitiae,
374 3576 595 3657 impotentiae,
619 3575 811 3658 pollutionis
833 3574 1031 3639 conscientia
1052 3573 1158 3637 bomi-
1298 3577 1326 3634 ι’).
1372 3570 1483 3653 Quare
1512 3575 1728 3639 vanissimum
1758 3585 1808 3638 est
1835 3572 1922 3655 quod
1948 3593 1967 3636 a
1995 3570 2190 3653 quibusdam

179 3681 253 3741 nes,
276 3662 485 3745 potissimum
505 3681 633 3744 semper
660 3668 892 3744 argumentum
913 3681 932 3722 a
952 3659 1084 3725 divinae
1106 3679 1158 3723 sa·
1211 3654 1344 3721 dieitur:
1373 3680 1552 3742 paucorum
1573 3661 1704 3725 vafritie
1724 3667 1757 3724 ot
1778 3657 1955 3724 calliditate
1973 3657 2190 3740 excogitatam

178 3749 332 3832 pientiae,
355 3748 502 3824 virtutis,
533 3747 686 3830 puritatis
709 3746 925 3830 descriptione
949 3745 1047 3809 ducit
1091 3745 1158 3809 Ne-
1210 3762 1280 3807 esse
1302 3743 1507 3828 religionem,
1536 3752 1574 3810 ut
1595 3746 1656 3810 hac
1679 3754 1749 3810 arte
1771 3744 1952 3826 simplicem
1974 3741 2132 3826 populum
2154 3743 2190 3807 in

177 3855 243 3917 que
264 3834 401 3898 frustra:
431 3832 581 3896 ridemus
610 3835 699 3897 enim
727 3841 765 3896 ut
786 3832 955 3897 Abraham
978 3831 1097 3895 melius
1122 3851 1157 3894 se
1209 3829 1314 3892 officio
1336 3832 1556 3910 continerent;
1585 3825 1686 3913 qu'um
1715 3838 1826 3895 tamen
1848 3830 1925 3912 ipsi,
1978 3830 2012 3893 ui
2034 3828 2107 3893 aliis
2130 3849 2188 3893 au·

178 3927 304 3985 terram
330 3925 363 3983 et
391 3919 560 4002 pulverem
581 3928 752 4002 agnoscat,
773 3940 837 4000 quo
859 3918 993 4002 propius
1017 3916 1059 3981 ad
1081 3937 1157 3981 con·
1210 3923 1298 3978 tores
1320 3926 1414 3981 erant
1430 3918 1496 3982 Dei
1516 3916 1653 3996 colendi,
1674 3916 1759 3981 nihil
1777 3916 1886 3980 nrinus
1903 3851 2073 3981 crederent
2090 3935 2189 3996 quam

179 4004 382 4090 spiciendam
403 4004 539 4069 Domini
572 4005 710 4088 gloriam
736 4006 870 4069 accessit
895 4003 994 4088 (Gen.
1017 4007 1065 4082 18,
1085 4002 1157 4087 27);
1210 3998 1351 4081 aliquem
1374 4023 1444 4067 esse
1465 4004 1584 4068 Deum.
1618 4003 1740 4067 Fateor
1762 4001 1893 4085 quidem
1914 4001 2057 4084 plurima
2078 3999 2114 4064 in
2137 4020 2188 4064 re-

176 4101 217 4157 ut
238 4093 332 4157 Elias
353 4098 478 4156 retecta
499 4092 580 4156 facie
603 4092 674 4155 eius
697 4113 861 4156 accessum
880 4096 1069 4173 exspectare
1091 4108 1158 4153 non
1210 4083 1332 4169 ligione
1354 4099 1553 4163 commentos
1581 4110 1650 4154 esse
1673 4096 1799 4153 astutos
1817 4087 1976 4165 homines,
1997 4086 2115 4169 quibus
2136 4106 2186 4150 rc·

176 4178 340 4242 sustineat
376 4177 486 4260 lReg.
510 4182 557 4255 19,
581 4176 649 4261 13);
672 4185 802 4242 tantum
820 4184 871 4241 est
887 4178 923 4240 in
941 4184 1073 4259 aspectu
1092 4175 1158 4239 for·
1211 4173 1393 4237 versutiam
1419 4175 1605 4258 plebeculae
1633 4175 1807 4241 iniicerent
1828 4181 1861 4239 et
1883 4182 2042 4239 terrorem
2063 4172 2188 4234 incute·

176 4263 321 4328 midinis.
397 4271 413 4326 t
440 4263 519 4346 quid
546 4263 644 4328 faciat
672 4264 769 4327 homo
793 4262 932 4346 putredo
960 4283 998 4326 ac
1024 4261 1156 4339 vermis,
1211 4265 1295 4337 rent,
1319 4281 1383 4342 quo
1405 4260 1566 4327 baberent
1586 4262 1849 4344 obsequentiores
1871 4261 1941 4325 eius
1963 4259 2102 4333 animos;
2130 4253 2188 4320 sed

176 4372 281 4433 quum
309 4351 397 4434 ipsos
418 4369 546 4431 quoque
569 4348 751 4415 Cherubim
770 4349 895 4427 velare,
924 4349 996 4432 ipso
1025 4367 1156 4431 pavore,
1209 4342 1245 4408 id
1274 4366 1436 4428 nusquam
1464 4347 1695 4426 obtinuissent,
1723 4347 1788 4411 nisi
1814 4348 1880 4411 iam
1908 4344 1999 4428 prius
2027 4340 2188 4406 constanti

160 4436 295 4501 ‚famem
317 4456 410 4500 snam
434 4435 605 4518 oporteat?
650 4435 725 4499 Hoc
746 4434 870 4500 scilicet
897 4433 1055 4517 estquod
1078 4432 1158 4498 dicit
1210 4429 1268 4495 illa
1290 4431 1330 4496 de
1351 4432 1424 4498 Deo
1452 4435 1662 4516 persuasione
1689 4433 1835 4498 imbutae
1857 4432 1995 4497 fuissent
2016 4426 2187 4492 hourinum

175 4522 339 4606 propbeta
365 4522 488 4586 Iesaias
512 4520 589 4607 (Ias.
609 4525 661 4600 24,
681 4521 754 4606 23);
778 4522 947 4586 erubescet
964 4520 1011 4584 sol
1030 4525 1064 4584 et
1081 4539 1157 4583 con·
1210 4524 1345 4597 mentes,
1368 4540 1411 4583 ex
1432 4540 1496 4602 quo
1518 4520 1609 4585 velut
1630 4520 1754 4584 semine
1775 4518 1915 4601 emergit
1932 4514 1974 4580 ad
1996 4511 2187 4593 religionem

175 4606 334 4672 fundetur
362 4608 457 4685 luna,
486 4629 588 4691 quum
615 4608 779 4672 Dominus
808 4609 1012 4671 exercituum
1040 4626 1158 4688 regna-
1210 4604 1390 4685 propensio.
1436 4606 1486 4670 Ao
1507 4627 1549 4671 ne
1571 4605 1620 4670 illi
1641 4605 1705 4688 ipsi
1728 4604 1860 4688 quidem
1881 4603 1938 4685 qui
1955 4596 2122 4694 roligionis
2144 4596 2185 4661 ti-

176 4694 276 4759 verit:
295 4694 358 4758 hoc
375 4701 435 4771 est,
455 4695 512 4759 ubi
529 4694 714 4758 claritatem
731 4714 824 4758 suam
843 4692 1007 4771 extulerit,
1026 4713 1064 4756 ac
1081 4710 1158 4774 pro·
1211 4689 1280 4753 tulo
1303 4690 1418 4756 callide
1440 4691 1627 4757 rudioribus
1648 4690 1867 4774 imponebant,
1891 4687 1954 4752 Dei
1977 4686 2186 4765 conceptrono

176 4780 254 4863 pius
275 4780 468 4860 admoverit,
491 4780 729 4844 lucidissimum
751 4779 900 4862 quodque
920 4800 949 4862 p,
1021 4776 1080 4841 illa
1101 4777 1158 4841 ob-
1210 4795 1344 4856 prorsus
1371 4799 1503 4842 vacasse
1532 4776 1684 4855 credendi
1712 4785 1799 4840 sunt.
1852 4771 1995 4837 Tametsi
2018 4769 2106 4868 onan
2129 4789 2186 4833 ax·

176 4867 382 4931 tenebrescet
408 4874 441 4929 et
467 4866 703 4932 obscurabitur.
754 4865 951 4946 Utcunque
1029 4884 1071 4928 en
1092 4862 1158 4927 Dei
1212 4861 1371 4926 stiterunt
1394 4863 1473 4927 olim
1499 4863 1659 4940 nonnulli,
1682 4869 1716 4926 et
1735 4860 1832 4925 hodie
1853 4878 1919 4922 non
1941 4875 2035 4940 paucr
2058 4873 2186 4936 compe·

177 4954 347 5035 nostrique
378 4953 497 5016 notitia
528 4959 644 5017 mutuo
671 4952 759 5016 inter
790 4973 826 5016 se
852 4972 941 5015 nexu
971 4950 1040 5015 sint
1068 4947 1158 5013 oolli-
1210 4946 1353 5027 riuntur,
1376 4950 1432 5031 qui
1443 4950 1553 5014 Deum
1572 4970 1642 5015 esse
1663 4953 1799 5030 negent:
1824 4942 1927 5010 velint
1944 4952 2054 5006 tamen
2072 4939 2186 5017 nolint,

178 5046 285 5122 gatae,
303 5037 382 5103 ordo
400 5046 487 5103 recte
507 5037 635 5104 dicendi
648 5038 677 5123 ²)
699 5037 844 5121 postulat
861 5042 899 5100 ut
917 5034 957 5100 de
973 5035 1032 5099 illa
1049 5035 1158 5118 priore
1259 5122 1264 5127 ῃ

1339 5123 1348 5128 -
1369 5122 1413 5130 -ᾳ-

1280 5236 1311 5305 1)
1334 5238 1429 5295 Oioero
1446 5240 1480 5294 de
1497 5248 1596 5295 natura
1612 5238 1723 5291 deornm
1743 5236 1766 5304 1,
1786 5234 1836 5310 16.Ι
1914 5233 1946 5304 2)
1963 5232 2186 5304 quemadmodum

250 5313 280 5381 l)
298 5313 363 5368 odd.
382 5313 441 5367 ind<
465 5311 534 5367 1548
551 5320 576 5367 et
593 5328 663 5383 seqq.
733 5312 763 5380 2)
781 5312 895 5366 docendi
913 5309 982 5365 1550
998 5315 1024 5364 et
1040 5323 1110 5378 seqq.
1210 5305 1279 5360 1550
1295 5311 1321 5361 et
1337 5323 1406 5379 seqq.

1186 5708 1292 5819 aa.
