4770 6030
190 330 254 393 263
769 323 1035 392 ΠιΒΤΙΤΠΤΙΟ
1057 324 1163 392 But.
1186 321 1368 389 CHRIST.
1388 324 1635 387 -1539—1554.
2144 322 2207 386 264

193 518 286 583 dunt.
332 517 477 580 Tametsi
499 517 588 579 enim
615 515 671 580 alii
698 512 868 598 splendide
896 535 930 579 se
952 513 1170 597 ingurgitant,
1232 512 1457 594 conqueritur,
1491 512 1607 576 bovem
1633 511 1823 593 cognovisse
1855 531 2074 594 possessorem
2101 532 2207 590 suum,

194 629 251 694 alii
269 629 423 693 tenuibus
441 626 595 692 crustulis
612 627 775 705 victitant,
797 647 910 690 omnes
928 633 1040 689 tamen
1058 647 1099 689 ex
1118 645 1171 688 ea-
1232 631 1265 689 et
1290 624 1420 688 asinum
1453 644 1607 706 praesepe
1641 622 1848 687 dominorum
1886 644 2034 701 suorum;
2072 645 2108 688 se
2140 646 2208 689 non

195 740 268 806 dem
297 741 417 805 ιιιιιιιι
444 739 523 819 olla,
553 759 635 821 quae
664 739 736 803 sine
763 738 829 802 illis
850 738 1004 802 fomentis
1025 723 1172 801 non'fri·
1228 736 1361 819 agnosci
1389 756 1409 799 a
1436 735 1556 819 populo
1584 756 1643 799 suc
1674 733 1750 818 (Ies.
1773 738 1800 813 l,
1820 734 1864 817 3).
1903 735 2041 799 Verum
2069 743 2145 800 utut
2170 738 2208 800 in

195 859 288 937 geret
308 850 414 928 mode,
437 851 495 915 sed
511 852 644 934 penitus
668 850 895 933 conglaciaret.
928 849 1007 913 Ideo
1027 856 1066 912 ιιι
1084 849 1173 930 quis·
1227 846 1297 912 eius
1318 846 1589 913 incertitudinem
1610 846 1736 924 ludant,
1759 848 1788 910 si
1811 867 1870 911 sua
1893 847 1959 910 illis
1980 850 2111 931 proprio
2130 870 2207 913 san-

196 985 259 1046 que
286 984 400 1028 eorum
432 983 491 1044 pro
525 968 641 1026 ventre
668 968 718 1026 est
746 962 890 1025 maxime
919 960 1091 1037 sollicitus,
1126 960 1174 1022 ita
1227 959 1327 1041 guina
1353 960 1504 1042 vitaeque
1534 959 1705 1042 dispendio
1734 958 1937 1042 obsignanda
1964 967 2064 1038 esset,
2092 961 2207 1026 liceret

196 1096 255 1159 pro
279 1097 337 1139 sua
357 1074 421 1138 ιιιιι
444 1073 702 1156 ‹leprohcmlitur
722 1074 860 1137 bellator
882 1073 1068 1137 ιιιιιιιιιιιιι.
1104 1071 1172 1134 Βι-
1228 1079 1374 1152 spectare
1396 1072 1510 1152 quanti
1534 1072 1574 1135 ab
1603 1071 1669 1135 illis
1689 1072 1756 1135 fiat
1802 1069 1918 1153 Longe
1945 1070 2010 1134 alia
2033 1075 2205 1148 nostrafi·

187 1188 296 1269 ‘nique
330 1186 405 1251 huc·
427 1185 469 1249 ad
507 1206 611 1248 umun
644 1205 758 1249 omnes
795 1184 1007 1259 incumbunt,
1052 1182 1104 1246 vel
1138 1189 1176 1244 ιιι
1228 1182 1323 1247 ducia
1340 1191 1400 1261 est,
1423 1203 1505 1265 quae
1528 1205 1589 1249 nee
1612 1184 1728 1248 mortis
1746 1189 1898 1247 terrores.
1920 1203 1981 1247 nee
1999 1183 2106 1280 adeo
2096 1207 2207 1268 rpsum

197 1320 338 1383 regnum
365 1296 544 1375 incolume,
567 1297 680 1360 velut
707 1302 857 1361 ventrem
886 1296 1069 1361 confertum
1096 1292 1174 1357 reti·
1227 1272 1292 1358 Dei
1313 1295 1459 1359 tribunal
1480 1294 1646 1359 formidat.

124 1473 129 1484 ,
197 1419 314 1489 neant;
344 1429 440 1472 nemo
461 1408 515 1473 vel
541 1409 714 1472 minimam
736 1408 855 1472 sinceri
883 1407 943 1472 aeli
966 1406 1022 1470 dat
1048 1405 1175 1487 signifi·
1313 1403 1411 1486 Quod
1432 1405 1592 1471 miracula
1613 1427 1634 1469 a
1663 1407 1758 1472 nobis
1778 1405 1960 1488 postulant,
1989 1407 2137 1490 improbe
2159 1409 2207 1472 fa

198 1522 369 1587 cationem.
413 1520 483 1585 Nee
511 1520 557 1584 sic
582 1528 693 1584 tamen
721 1519 878 1584 desinunt
906 1517 1089 1583 doctrinam
1116 1537 1180 1580 na
1228 1517 1329 1581 ciunt.
1374 1517 1451 1580 Non
1473 1519 1563 1582 enim
1589 1539 1703 1583 recens
1732 1517 1862 1600 aliquod
1885 1518 2094 1601 evangelium
2115 1519 2207 1584 cudi-

197 1642 301 1698 ιιιιιιι
323 1633 499 1711 incessere,
527 1640 560 1695 et
586 1632 704 1713 quibus
731 1638 870 1712 possunt
896 1629 1085 1694 nominibus
1112 1627 1176 1692 eri·
1228 1649 1311 1706 mus,
1334 1627 1392 1693 sed
1413 1628 1495 1694 illud
1518 1630 1628 1712 ipsum
1645 1631 1834 1707 retinemus,
1853 1631 1947 1694 cuius
1965 1630 2208 1696 confirmandae

198 1745 319 1810 minari
343 1754 376 1808 ιι
395 1744 563 1820 infamare,
587 1764 650 1825 quo
672 1743 726 1807 vel
747 1743 897 1821 invisam,
921 1742 974 1807 vel
992 1747 1176 1823 suspectam
1228 1740 1361 1804 veritati
1381 1742 1531 1806 serviunt
1554 1741 1665 1804 omnia
1687 1762 1769 1823 quae
1786 1762 1932 1823 unquam
1950 1748 1984 1805 et
2000 1740 2154 1807 Christus
2171 1750 2206 1808 ιι

198 1856 347 1921 reddant.
392 1855 522 1919 Novam
547 1855 728 1938 appellant,
763 1863 797 1919 ιι
824 1875 931 1937 nuper
953 1862 1081 1929 natam3
1116 1850 1177 1913 du·
1229 1851 1547 1933 apostoli'miracula
1573 1852 1754 1916 edidersmt.
1799 1853 1847 1916 At
1873 1852 1908 1917 id
1929 1874 2008 1937 prae
2029 1854 2124 1919 nobis
2144 1854 2205 1920 ha-

199 1967 288 2032 biam
316 1988 387 2031 esse
411 1975 445 2030 ιι
470 1966 630 2030 incertam
658 1966 868 2045 cavillantur;
897 1974 1031 2048 rogant,
1059 1962 1177 2045 quibus
1229 1961 1309 2026 bent
1330 1963 1514 2046 singulare,
1546 1963 1633 2046 quod
1659 1964 1798 2028 assiduis
1825 1965 1861 2027 in
1883 1964 1972 2030 hunc
1993 1985 2096 2048 usque
2118 1966 2206 2032 diem

199 2080 391 2145 confirmata
418 2079 462 2141 sit
490 2078 672 2158 miraculis;
705 2086 869 2161 quaerunt
895 2099 938 2140 an
966 2078 1010 2141 sit
1036 2095 1177 2157 aequum
1229 2073 1397 2138 miraculis
1417 2075 1516 2140 fidem
1537 2096 1631 2139 suam
1653 2077 1847 2141 confirmare
1869 2085 2016 2159 possunt.
2055 2077 2127 2142 Imo
2149 2101 2207 2163 po-

199 2198 374 2257 utcontra
395 2197 445 2254 tot
472 2198 660 2255 sanctorum
688 2198 820 2273 patrum
846 2174 1042 2255 consensum
1068 2196 1101 2250 et
1120 2206 1176 2250 ve·

200 2303 416 2367 tustissimam
428 2301 698 2366 consuetudinem
711 2302 872 2379 obtineat3
891 2307 1013 2383 urgent
1023 2306 1062 2362 ιιι
1074 2296 1177 2362 schis-

200 2415 355 2480 maticam
377 2434 447 2476 esse
468 2414 639 2490 fateamur,
662 2434 744 2494 quae
762 2420 876 2479 contra
895 2412 1064 2478 ecclesiam
1082 2429 1177 2491 prae·

200 2527 283 2590 lium
312 2533 458 2603 moveat,
487 2526 540 2589 vel
563 2509 733 2590 ecclesiam
760 2525 875 2588 multis
904 2522 1042 2589 saeculis
1073 2522 1177 2585 inter·

200 2645 365 2701 mortuam
384 2637 493 2711 fuisse,
516 2637 634 2719 quibus
656 2637 740 2700 nihil
759 2636 824 2700 tale
843 2634 992 2698 auditum
1011 2634 1083 2698 fuit.
1112 2633 1178 2696 Po·

200 2755 322 2813 stremo
354 2748 439 2839 nihil
472 2767 553 2831 opus
580 2769 650 2813 esse
684 2749 779 2812 aiunt
810 2746 925 2810 multis
959 2745 1175 2829 argumentis:

1230 2185 1296 2249 tius
1324 2185 1468 2269 allegant
1495 2188 1668 2266 miracula,
1696 2208 1779 2269 quae
1800 2188 1947 2252 animum
1975 2189 2096 2272 alioqui
2123 2190 2206 2256 bene

1231 2298 1447 2380 compositum
1465 2298 1659 2363 labefactare
1677 2309 1813 2382 queant:
1833 2299 1912 2364 adeo
1930 2314 1988 2364 aut
1998 2302 2116 2367 frivola
2128 2311 2207 2367 sunt
2290 2299 2293 2309 ’

1231 2415 1264 2472 ιι
1275 2408 1423 2486 ridicula,
1438 2419 1496 2473 aut
1511 2431 1597 2475 vana
1614 2417 1648 2474 et
1665 2411 1843 2476 mendacia.
1872 2412 1941 2477 Nec
1959 2420 2079 2492 tamen,
2091 2415 2207 2479 etiam-

1230 2521 1259 2583 si
1280 2520 1376 2585 valde
1397 2521 1584 2604 prodigiosa
1606 2531 1724 2600 essent,
1748 2529 1862 2587 contra
1878 2524 1943 2589 Dei
1960 2525 2133 2590 veritatem
2155 2527 2206 2591 ul·

1231 2632 1295 2697 lius
1316 2634 1475 2697 momenti
1499 2656 1569 2699 esse
1589 2634 1773 2718 oportebat:
1796 2635 1926 2718 quando
1949 2643 1982 2700 et
2003 2656 2123 2702 nomen
2140 2637 2205 2702 Dei

1231 2745 1426 2810 sanctificari
1447 2745 1567 2827 ubique
1590 2753 1624 2810 ιι
1645 2768 1775 2829 semper
1795 2749 1959 2825 convenit,
1983 2749 2051 2812 sive
2072 2757 2205 2831 porten-

200 2860 307 2943 qualis
318 2860 408 2923 enim
425 2860 477 2938 sit,
490 2860 832 2925 iudicariafructibus
842 2878 950 2941 posse:
972 2866 1084 2941 utpote
1095 2877 1178 2939 quae
1231 2857 1288 2933 tis,
1318 2858 1387 2920 sive
1418 2857 1562 2921 naturali
1590 2879 1701 2922 rerum
1723 2859 1845 2923 ordine.
1892 2857 2078 2943 Speciosior
2097 2860 2207 2924 forsan

201 2978 333 3036 tautum
344 2977 509 3036 sectarum
526 2991 688 3049 acervum,
700 2977 750 3035 tot
763 2970 963 3037 seditionum
975 2970 1097 3046 turbas,
1105 2976 1179 3031 tau·
1231 2989 1302 3032 esse
1322 2944 1416 3032 fucus
1438 2976 1576 3050 poterat,
1598 2970 1663 3033 nisi
1685 2969 1726 3035 de
1742 2971 1810 3035 fine
1830 2992 1956 3053 usuque
1975 2971 2209 3037 miraculorum

202 3091 271 3148 tam
288 3082 444 3147 vitiorum
465 3081 631 3146 licentiam
648 3084 821 3166 pepererit.
859 3079 1008 3158 Scilicet,
1021 3100 1179 3165 perquam
1231 3079 1389 3163 legitimo,
1408 3080 1571 3163 scriptura
1588 3101 1649 3145 nos
1668 3082 1867 3147 admoneret.
1897 3081 2003 3167 Signa
2020 3084 2109 3147 euim
2125 3103 2209 3166 quae

201 3194 268 3259 illis
288 3192 382 3258 facile
405 3200 455 3256 est
482 3192 570 3276 apud
598 3193 765 3258 credulam
793 3195 1045 3278 imperitamque
1066 3190 1178 3256 multi·
1233 3189 1453 3274 apestolorum
1476 3193 1755 3275 praedicationem
1784 3202 1921 3276 sequuta
1950 3201 2044 3272 sunt,
2072 3195 2109 3258 in
2137 3196 2208 3260 eius

202 3304 353 3370 tudinem
380 3304 526 3369 desertae
548 3326 664 3370 causae
683 3306 852 3370 insultare.
886 3306 1014 3371 Verum
1034 3306 1063 3369 si
1085 3302 1179 3368 nobis
1232 3304 1515 3368 confirmationem
1538 3304 1626 3370 edita
1643 3306 1743 3370 fuisse
1760 3306 1893 3372 Marcus
1911 3305 2006 3371 docet
2023 3304 2139 3391 (Marc.
2159 3310 2207 3386 16,

201 3437 330 3500 quoque
351 3421 476 3480 mutuae
497 3424 607 3480 essent
630 3416 759 3483 dicendi
781 3418 879 3495 vices,
901 3418 1084 3482 deferveret
1104 3435 1179 3499 pro-
1233 3415 1297 3499 20).
1344 3412 1401 3480 Sic
1423 3423 1456 3479 ιι
1477 3416 1587 3482 Lucas
1608 3397 1791 3481 Dominum
1819 3419 1963 3482 sermoni
1984 3419 2109 3502 gratiae
2131 3439 2209 3484 suae

202 3529 286 3594 lecto
309 3528 389 3594 haec
411 3529 605 3605 acrimonia,
627 3550 692 3611 qua
713 3529 760 3594 sic
784 3530 821 3592 in
842 3549 902 3593 nos
923 3529 1031 3612 plenis
1058 3527 1178 3604 buccis,
1232 3526 1411 3591 reddidisse
1437 3528 1665 3593 testimonium
1686 3537 1814 3606 narrat,
1832 3550 1939 3612 quum
1961 3530 2056 3613 signa
2077 3536 2111 3595 et
2132 3551 2208 3613 por-

201 3660 239 3704 ae
262 3648 330 3702 tam
352 3639 489 3705 licenter
511 3662 610 3723 quam
631 3642 775 3724 impune,
799 3639 1004 3723 despumant.
1231 3646 1324 3702 tenta
1350 3640 1468 3703 fierent
1501 3661 1560 3723 per
1590 3640 1812 3723 apostolorum
1838 3661 1956 3705 manus
1984 3640 2206 3727 (Act.14,3).

287 3751 457 3834 Principio
479 3773 598 3817 novam
621 3752 706 3843 quod
729 3752 906 3835 appellant,
929 3753 1001 3817 Dec
1023 3761 1103 3817 sunt
1123 3773 1179 3817 ve-
1231 3749 1295 3816 Oui
1318 3744 1523 3815 simillimum
1547 3759 1597 3815 est
1619 3751 1702 3817 illud
1724 3753 1861 3834 apostoli
1874 3751 1989 3834 (Hebr.
2004 3757 2033 3832 2,
2047 3753 2096 3838 4):
2120 3754 2208 3819 salu-

202 3861 374 3927 hementer
390 3863 513 3941 iniurii,
533 3866 625 3929 cuius
644 3886 774 3930 sacrum
792 3865 932 3931 verbum
953 3866 1110 3930 novitatis
1127 3865 1179 3927 in-
1231 3871 1300 3926 tem
1322 3864 1519 3926 annuntiato
1546 3862 1716 3947 evangelio
1737 3864 1838 3929 ιιιιιιι
1859 3864 2101 3945 confirmatam,
2130 3886 2208 3931 con-

201 3972 351 4038 simulari
381 3996 448 4037 nen
475 3975 669 4039 merebatur.
715 3975 787 4040 Ιιιιι
809 3975 942 4059 quidem
968 3997 1088 4042 novam
1110 3996 1180 4042 esse
1232 3982 1375 4038 testante
1396 3974 1541 4038 Domino
1565 3975 1669 4058 signis
1691 3983 1726 4040 et
1746 3976 1907 4058 portentis
1929 3983 1963 4040 et
1979 3976 2080 4040 variis
2102 3978 2208 4042 virtu-

202 4082 338 4147 minime
373 4083 498 4161 dubito,
533 4086 650 4167 quibus
684 4095 718 4151 et
744 4085 899 4152 Christus
926 4109 1031 4153 novus
1054 4095 1118 4166 est,
1147 4093 1181 4152 et
1232 4085 1329 4149 tibus.
1365 4083 1459 4165 Quae
1480 4108 1558 4151 vero
1580 4086 1733 4151 audimus
1754 4087 1916 4171 evangelii
1938 4107 2008 4151 esse
2029 4067 2208 4171 signacula,
2256 4174 2260 4179 ⁵

202 4195 410 4278 evangelium
432 4206 563 4259 novum.
604 4195 671 4263 Sed
693 4200 749 4281 qui
767 4198 859 4262 illam
875 4199 973 4264 Pauli
991 4200 1180 4265 concionem
1232 4218 1314 4262 eane
1341 4197 1383 4261 ad
1411 4197 1605 4263 diruendam
1637 4198 1800 4282 evangelii
1830 4198 1928 4264 fidem
1957 4198 2208 4264 convertemus?

202 4313 349 4371 veterem
374 4327 444 4370 esse
473 4315 652 4388 noverimt,
680 4310 794 4376 Iesum
818 4308 991 4376 Christum
1012 4317 1180 4376 mortuum
1233 4307 1328 4389 Quae
1357 4306 1496 4374 veritati
1518 4317 1650 4374 tanturn
1678 4309 1901 4395 obsignandas
1932 4317 2011 4374 sunt
2035 4310 2208 4391 destinata,

196 4423 336 4501 propter
362 4424 495 4500 peccata
516 4427 642 4498 nostra,
665 4422 884 4486 resurrexisse
906 4430 1040 4505 propter
1061 4422 1180 4486 iustifi-
1233 4440 1277 4483 an
1297 4418 1479 4486 mendaciis
1501 4422 1736 4487 confirmandis
1752 4422 2091 4488 accommodabimus?
2125 4423 2209 4489 Pro·

204 4530 367 4595 cationcm
389 4537 536 4594 nostram
557 4530 666 4615 (Rem.
686 4538 716 4611 4,
735 4530 802 4615 25),
826 4532 911 4596 nihil
933 4533 1021 4616 apud
1042 4553 1102 4598 nos
1124 4532 1180 4597 de-
1231 4533 1310 4597 inde
1332 4533 1531 4611 doctrinam,
1554 4554 1637 4614 quae
1659 4531 1852 4617 praecedere
1872 4533 1913 4598 ab
1935 4534 2138 4617 evangelista
2159 4534 2209 4598 di-

203 4640 410 4724 prehendent
432 4663 563 4706 novum.
599 4640 697 4722 Quod
719 4642 777 4707 diu
799 4644 968 4727 incognita
989 4644 1180 4728 sepultaque
1232 4647 1331 4723 citur,
1360 4646 1470 4728 priore
1497 4644 1567 4710 loco
1592 4645 1776 4710 examinari
1807 4645 2034 4727 explorarique
2062 4667 2123 4730 par
2149 4652 2207 4710 est

203 4751 316 4830 latuit,
340 4752 504 4818 humanae
525 4753 705 4837 impietatis
726 4755 853 4821 crimen
875 4762 938 4834 est;
967 4777 1056 4823 nunc
1078 4778 1179 4840 quum
1232 4757 1326 4839 Quae
1346 4757 1377 4821 si
1393 4756 1532 4841 probata
1548 4757 1657 4836 fuerit,
1676 4765 1748 4821 ιιιιιι
1766 4754 1899 4821 demum
1917 4778 1936 4820 a
1953 4757 2121 4824 miraculis
2136 4757 2209 4820 iure

202 4862 269 4928 Dei
297 4863 501 4947 benignitate
528 4866 622 4931 nobis
654 4865 818 4946 redditur,
847 4867 965 4933 saltem
985 4869 1180 4950 posthminii
1232 4869 1515 4936 confirmationem
1543 4889 1672 4933 sumere
1695 4867 1800 4933 debet.
1844 4868 1973 4933 Probae
1995 4875 2106 4934 autem
2131 4866 2208 4933 doc-

202 4974 276 5039 iure
304 4997 398 5039 suam
425 4977 669 5060 antiquitatem,
682 4980 828 5063 recipere
857 4979 1002 5045 debebat.
1046 4981 1101 5045 Ex
1126 5002 1179 5046 eo·
1233 4982 1353 5060 trinae,
1376 4986 1491 5046 autore
1513 4980 1661 5058 Christo,
1690 4980 1815 5045 isthaec
1837 4987 1917 5044 nota
1940 4990 2003 5058 est,
2027 4982 2056 5045 si
2079 5000 2148 5044 non
2172 4980 2232 5043 in,

205 5083 280 5148 dem
301 5087 507 5169 ignorantiae
528 5088 617 5154 fonte
639 5111 698 5174 pro
721 5089 820 5155 dubia
837 5092 1026 5174 incertaque
1046 5093 1178 5158 habent.
1233 5093 1414 5172 hominum,
1428 5091 1486 5156 sed
1497 5092 1561 5156 Dei
1576 5089 1714 5174 gloriam
1725 5091 1944 5174 quaerendam
1960 5092 2077 5176 vergit.
2110 5091 2211 5158 Hanc

204 5193 278 5260 Hoc
288 5198 432 5280 profecto
449 5207 508 5276 est,
527 5200 613 5282 quod
624 5202 789 5266 Dominus
800 5223 860 5286 per
876 5202 1070 5287 prophetam
1083 5226 1181 5268 suum
1233 5225 1334 5286 quum
1355 5202 1522 5267 doctrinae
1540 5200 1768 5285 probationem
1789 5201 1943 5268 Ohristus
1960 5211 2086 5269 asserat
2102 5202 2209 5288 (Ioan.
