4732 6030
180 363 243 425 441
951 358 1051 428 onP.
1073 362 1134 429 IV.
1179 360 1244 427 DE
1266 359 1416 427 VO'HS.
1470 426 1472 431 ,
1505 379 1509 388 ·
2121 367 2186 433 442

182 472 270 542 3963
292 470 375 528 096.

179 555 264 614 strae
282 459 455 614 desrddiis
499 548 567 614 Hoc
595 553 697 615 aotam
723 569 821 631 quum
849 571 870 613 a
897 549 1055 632 scriptura
1075 551 1158 614 testi»
1208 549 1354 628 miebant,
1373 555 1469 632 potus
1489 556 1557 614 erat
1582 571 1682 631 aqua,
1711 550 1797 616 cibus
1813 551 1926 632 panis,
1948 551 2058 617 herbae
2079 573 2116 618 ac
2136 573 2188 618 ra·

178 635 320 699 monium
346 633 468 712 habeat,
501 635 564 700 ima
593 657 614 699 a
638 636 718 717 tiliis
743 633 808 699 Dei
836 635 978 701 mnibus
1004 637 1155 720 eaipatm,
1208 631 1338 713 diculae,
1355 637 1548 718 praecipuae
1568 636 1710 702 lautitiae
1730 638 1766 700 in
1792 637 1854 701 oleo
1880 642 1908 701 et
1934 637 2089 703 muribus.
2134 639 2186 704 Ab

177 721 257 803 quin
277 725 418 786 samium
439 720 482 784 sit
502 725 529 786 et
551 721 698 799 salutare,
720 720 859 785 dubitari
879 742 940 786 non
961 721 1051 786 dehet.
1092 722 1157 786 Nec
1208 723 1293 785 muni
1323 721 1498 786 delicatiore
1529 722 1612 786 uictu
1644 728 1672 786 et
1703 724 1841 804 eorporis
1873 722 1957 787 uoltu
1987 723 2184 789 ahstimbani.

178 806 292 886 obstm,
319 806 400 887 quod
415 807 585 889 perfectam
607 807 683 890 lepis
704 806 920 886 obedientiam,
943 828 1039 889 quam
1062 809 1158 890 eripit
1209 805 1298 871 Haec
1317 806 1511 888 hyperbdica
1531 808 1632 872 videri
1646 813 1780 890 possent,
1803 809 1869 872 nisi
1890 808 1929 872 ah
1946 809 2077 874 oculatis
2093 816 2120 875 et
2137 831 2187 875 er·

177 892 271 958 Deus
297 914 319 956 α
344 891 448 970 nohis,
475 913 562 958 runca
591 893 625 956 in
651 893 709 957 hac
734 893 799 957 uita
820 897 971 974 praestat.
1026 894 1156 974 Quando
1203 894 1305 974 pertis
1326 892 1452 956 uuam
1471 895 1676 972 traderentur,
1708 893 1858 976 Greqorio
1880 895 2096 975 Nariancena,
2118 895 2185 960 Ba

178 978 262 1045 enim
292 977 365 1042 haec
392 977 553 1060 stipulatio
586 979 621 1041 in
652 978 773 1061 [oedem
801 980 924 1062 qratiae
949 983 994 1042 est
1025 979 1156 1057 inclusa,
1208 978 1279 1042 silio
1300 984 1333 1041 et⁴
1350 976 1568 1061 Chrysostomo.

177 1064 237 1130 uo
257 1069 366 1145 quo‘et
385 1065 528 1130 remissio
554 1070 750 1146 peccatorum
777 1069 804 1128 ct
831 1066 965 1147 spiritrcs
986 1065 1157 1146 sanctifica
1295 1069 1324 1128 9.
1373 1064 1504 1128 Talibus
1528 1086 1599 1130 vero
1626 1066 1811 1130 rudimentis
1838 1087 1871 1130 se
1898 1067 1942 1131 ad
1967 1068 2091 1131 maiora
2120 1088 2187 1132 nuc·

176 1151 273 1215 tionis
296 1151 478 1229 continetur,
506 1151 691 1232 pollicitatio
723 1171 819 1232 quam
850 1151 916 1228 iilic
946 1151 1097 1232 tammus,
1129 1156 1157 1215 ct
1208 1168 1284 1213 rura
1311 1151 1555 1232 praeparabant.
1609 1151 1787 1216 Monastica
1817 1153 1901 1217 enim
1932 1152 2057 1236 cadmia
2086 1153 2187 1234 fuisse

178 1255 250 1302 ciem
284 1236 390 1301 ueniae
411 1236 620 1318 deputatione
659 1242 783 1301 dmm
812 1236 928 1300 ausilii
947 1237 1157 1318 postcdatioru
1207 1240 1279 1299 tum
1310 1235 1403 1300 vduti
1434 1238 1606 1301 seminaria
1644 1238 1767 1302 ordinis
1799 1238 2007 1316 cadesiastici,
2038 1259 2108 1302 cum
2137 1239 2188 1304 illi

179 1323 340 1421 mniuuda
363 1327 414 1386 est.
461 1321 504 1385 Iu
524 1322 704 1387 iudicandis
724 1321 974 1404 particularibus
994 1324 1073 1388 votis
1094 1327 1157 1387 tres
1208 1342 1284 1404 quos
1304 1342 1406 1404 nuper
1426 1324 1673 1421 nominaeimus,
1700 1325 1781 1389 satis
1801 1325 1884 1389 claro
1912 1325 2087 1389 documento
2115 1331 2188 1390 sunt

159 1408 824 1576 ,littttttttthuttt
842 1428 961 1573 tlt?
983 1410 1157 1559 titt
1204 1408 2186 1581 lilith.t.l²⁰‘.tttttthtntttthh⁸t

181 1580 290 1662 Neque
314 1585 417 1644 tamen
444 1601 481 1643 ea
502 1581 575 1662 ipsa
602 1585 688 1659 vota,
716 1601 796 1661 quae
821 1585 929 1644 sancta
956 1601 1021 1645 csse
1042 1600 1155 1658 assera,
1208 1585 1268 1644 late
1288 1581 1395 1663 mapni
1422 1600 1459 1644 ac
1476 1585 1674 1663 praestamus
1700 1583 1773 1645 riri.
1818 1581 1862 1646 Et
1883 1583 2086 1664 Auqustinus
2106 1582 2187 1648 tuuc

178 1667 226 1732 sic
251 1667 463 1730 commendare
484 1686 533 1730 me
553 1671 660 1748 putes,
695 1672 730 1730 ut
756 1667 939 1746 quotidiana
966 1687 1032 1731 essc
1057 1666 1156 1730 actim.
1208 1686 1265 1730 suo
1286 1686 1404 1748 quaque
1424 1672 1555 1748 tempore
1580 1667 1683 1748 fuisse
1701 1669 1853 1730 nundum
1874 1669 2016 1747 ostendit,
2044 1673 2080 1732 ut
2100 1668 2186 1733 eccla-

180 1751 269 1817 Nam
290 1753 347 1816 etsi
367 1751 449 1816 nihil
464 1752 646 1833 praecipere
666 1753 704 1816 de
724 1773 851 1816 numero
873 1758 929 1816 aut
948 1757 1080 1834 ternpore
1101 1772 1157 1816 au-
1208 1752 1276 1816 siae
1303 1751 1426 1816 clericos
1457 1753 1598 1817 meuobia
1628 1754 1850 1817 ministrarent.
1907 1753 1993 1817 Nam
2023 1753 2186 1819 maruthas

128 1901 132 1907 ,
176 1838 249 1916 deo,
281 1838 311 1901 si
342 1839 415 1918 quis
446 1842 548 1901 tamen
576 1837 703 1902 consilio
729 1858 794 1902 meo
815 1837 1004 1919 obtemperet,
1032 1839 1158 1903 rionuisi
1211 1836 1386 1920 Caprariae
1406 1838 1528 1902 insulae
1546 1840 1593 1903 sic
1613 1837 1836 1922 alloquitur:²)
1866 1839 1928 1904 Vas
1948 1845 2051 1903 aarum
2069 1841 2187 1922 fratres

177 1923 284 1988 sobria
304 1929 332 1987 et
352 1924 540 2006 temporaria
561 1924 715 2004 suscipiet.
752 1923 790 1987 Si
812 1925 893 1988 enim
912 1925 955 1989 ad
971 1924 1070 1989 uiulta
1086 1930 1157 1989 eota
1208 1923 1408 1988 inludamur
1434 1925 1467 1986 in
1490 1923 1641 2002 Domina,
1668 1930 1703 1988 ut
1719 1926 1916 2007 propositum
1935 1931 2069 1990 oestrum
2090 1931 2186 1991 custo·

176 2011 390 2091 nuncupanda
417 2009 548 2075 subinde
575 2030 738 2091 erumpas,
765 2014 826 2073 tota
854 2009 962 2093 reliqia
983 2012 1055 2093 ipsa
1076 2011 1157 2075 assi
1208 2010 1315 2087 diatiS,
1338 2014 1365 2074 et
1385 2010 1421 2072 in
1440 2011 1533 2090 fiucm
1549 2012 1766 2092 perseveretis,·
1795 2031 1831 2075 ao
1851 2013 1882 2075 si
1903 2009 2037 2095 quamh)
2059 2031 2186 2094 operam

176 2096 296 2161 duitatc
317 2095 448 2174 vilescet,
471 2101 499 2159 et
512 2095 664 2177 proclivis
684 2096 744 2159 erit
764 2097 799 2159 iu
819 2096 1070 2178 superstitionem
1090 2096 1157 2179 lap
1208 2100 1341 2160 cestram
1362 2100 1461 2159 mater
1481 2095 1606 2160 ecelesia
1626 2097 1854 2176 desiderauerit,
1875 2117 1928 2162 nec
1944 2098 2073 2162 elatione
2088 2097 2187 2162 auida

176 2201 244 2246 sus.
290 2180 329 2246 Si
345 2187 495 2263 perpetuo
521 2188 586 2246 coto
610 2187 638 2245 te
659 2180 848 2263 obstrinpas:
876 2187 931 2245 aut
957 2203 1072 2266 maqna
1093 2203 1156 2247 mo-
1208 2181 1404 2262 suscipialis,
1434 2201 1487 2245 nec
1507 2181 1678 2245 blandiente
1697 2182 1818 2246 desidia
1840 2184 2013 2265 respuatis5
2041 2184 2095 2248 sed
2116 2183 2186 2247 miti

176 2267 268 2333 usna
293 2268 452 2347 taedioque
477 2267 587 2345 solues,
617 2272 671 2330 aut
696 2268 789 2331 etiam
817 2268 1023 2333 diutumitatc
1042 2269 1157 2352 [aliqu
1208 2267 1295 2332 corde
1315 2266 1522 2348 obtemperetis
1542 2266 1619 2331 Deo.
1666 2267 1731 2332 Nu
1750 2274 1886 2332 omnum
1907 2271 2004 2333 otium
2026 2270 2186 2334 necessita

176 2358 231 2418 tus
250 2353 366 2418 aulare
387 2353 555 2434 aliquando
576 2353 713 2418 aridum
1207 2352 1289 2417 tibus
1321 2353 1462 2417 ecclcsiae
1487 2353 1707 2434 praeponatis:
1741 2354 1792 2417 cui
1818 2356 2010 2436 parturienti
2043 2356 2074 2418 si
2105 2353 2186 2419 nulli

265 2444 292 2503 7.
339 2438 413 2503 Iam
440 2460 494 2504 rue
521 2439 683 2504 obscurum
710 2445 767 2517 est,
795 2444 912 2520 quauta
938 2440 1157 2521 superstitione
1208 2437 1278 2503 boni
1298 2438 1480 2503 ministrare
1500 2438 1621 2517 redeat,
1645 2440 1793 2518 quomodo
1814 2441 2032 2518 nasceremini,
2057 2462 2118 2504 nou
2138 2441 2186 2504 in·

176 2525 215 2590 in
251 2525 309 2589 hac
340 2530 435 2608 parte
467 2525 653 2590 laboraverit
690 2525 828 2589 morcidus
865 2525 982 2606 aliquot
1013 2525 1155 2591 smerdis.
1207 2525 1360 2589 veniretis.
1405 2524 1559 2606 Loquitur
1587 2528 1690 2589 auum
1716 2525 1754 2588 de
1779 2525 1967 2603 ministerio,
1995 2547 2055 2607 quo
2081 2525 2186 2607 fideles

176 2611 277 2676 Alius
297 2631 331 2676 se
352 2610 535 2675 abstemium
554 2612 622 2692 fore
643 2611 781 2675 nocebat:
802 2612 896 2690 quasi
916 2611 983 2674 uiui
1004 2610 1156 2676 abstinen-
1207 2611 1416 2692 spiritualiter
1442 2615 1655 2675 renascuntur.
1705 2609 1786 2674 Item
1813 2611 1857 2675 ad
1881 2611 2065 2676 Amelium:
2078 2613 2108 2696 ⁴)
2141 2611 2187 2676 Et

175 2698 239 2775 tia,
273 2697 374 2761 uoltus
400 2703 476 2762 essct
502 2718 563 2778 per
590 2718 623 2761 se
644 2696 712 2761 Dec
737 2702 857 2780 proteu.
901 2696 999 2761 Alius
1028 2698 1155 2777 ieiunio,
1207 2697 1290 2778 ipsis
1308 2696 1419 2778 lapsus
1433 2696 1562 2785 *comma
1585 2702 1613 2761 et
1633 2696 1738 2761 ordini
1758 2696 1986 2778 clericorumfit
2003 2697 2186 2779 iculiqnissi

176 2783 265 2850 alius
285 2784 392 2848 carnis
412 2783 614 2848 abstinentiae
634 2802 667 2847 se
688 2782 876 2866 astrinqebat
892 2782 935 2847 ad
957 2787 1052 2848 certas
1072 2784 1156 2848 dies:
1207 2802 1262 2845 ma
1282 2783 1418 2861 iniuria,
1447 2783 1477 2846 si
1503 2783 1670 2847 desertores
1695 2783 1952 2847 monasteriorum
1968 2784 2016 2848 ad
2035 2783 2184 2846 militiam

175 2869 293 2951 quibus
312 2869 504 2952 sinqularcm
531 2869 671 2949 aliquam
687 2890 769 2950 prae
790 2869 866 2932 aliis
886 2868 1065 2951 reliqiorum
1085 2869 1156 2934 sub-
1208 2868 1370 2932 clericatus
1380 2869 1552 2951 eliquatur.-
1570 2889 1665 2948 quum
1679 2868 1773 2932 eriis
1793 2869 1898 2949 quiin
1911 2869 2095 2934 mariasterro
2110 2888 2183 2950 per-

176 2975 247 3020 esse
264 2954 324 3019 sili
346 2976 428 3019 uana
450 2955 594 3036 opinione
608 2956 749 3037 finamat.
783 2955 942 3035 Quaedam
959 2956 1156 3039 utrumme
1207 2958 1338 3032 manerd,
1358 2975 1419 3018 non
1439 2960 1539 3018 tanreu
1560 2954 1625 3017 nisi
1640 2953 1833 3035 probatiores
1854 2974 1891 3018 ac
1910 2955 2051 3020 meliores
2072 2955 2107 3018 iu
2128 2954 2184 3019 dc-

175 3038 783 3124 mapispuerilianuncupabautur,'etsi
803 3061 865 3104 non
887 3062 908 3104 a
922 3042 1043 3122 pueris.
1077 3041 1157 3106 Fuit
1207 3060 1279 3105 rum
1300 3060 1459 3105 assumere
1479 3039 1642 3105 soleamus.
1689 3040 1767 3104 Nisi
1784 3040 1877 3121 forte,
1906 3042 1984 3106 sicut
2003 3040 2116 3123 oulqrrs
2136 3041 2184 3105 di·

176 3127 261 3192 enim
287 3126 341 3192 hac
363 3147 423 3209 pro
444 3147 558 3210 maqna
578 3127 733 3209 sapientia
754 3125 906 3205 habitum,
934 3127 1053 3191 aeduos
1067 3149 1156 3210 pere-
1207 3128 1260 3204 cit,
1287 3126 1392 3190 malus
1413 3125 1586 3204 choraules,
1615 3124 1712 3189 bonus
1738 3131 1784 3189 est
1808 3127 2061 3209 symphoniacus.-
2089 3127 2184 3192 itaet

173 3213 368 3296 priuatioues
393 3214 435 3277 ad
461 3212 617 3277 sanctiora
644 3213 709 3276 loca
736 3213 906 3294 suscipere,
934 3232 971 3277 ac
999 3214 1155 3279 interdum
1206 3214 1244 3279 de
1264 3212 1353 3276 nobis
1376 3213 1423 3276 ita
1443 3210 1611 3276 locabitur:
1637 3211 1743 3275 malus
1770 3212 1952 3291 monachus,
1981 3213 2077 3276 bonus
2097 3213 2184 3277 cleri·

175 3298 225 3363 ael
239 3297 376 3381 pedibus
402 3299 473 3364 iter'
487 3299 642 3379 muricus,
669 3297 717 3362 ael
742 3317 865 3380 corpore
891 3300 1066 3379 seminudo,
1094 3320 1154 3381 quo
1206 3319 1262 3363 cus
1281 3303 1332 3362 ast.
1380 3297 1489 3362 Nimis
1509 3296 1674 3362 dolendum
1696 3297 1727 3361 si
1748 3299 1792 3362 ad
1812 3303 1883 3361 tam
1893 3300 2055 3364 ruinosam
2076 3318 2183 3380 super

170 3384 251 3468 plus
271 3385 375 3451 meriti
401 3405 439 3449 eu
465 3385 652 3449 lassitudine
677 3385 896 3465 acquireretur.
946 3384 1034 3450 Haec
1057 3390 1085 3450 et
1111 3386 1154 3450 si·
1205 3385 1289 3449 Mam
1309 3383 1472 3448 mmmchcs
1498 3384 1711 3466 surriqamus,
1740 3388 1768 3447 et
1792 3388 1856 3448 tam
1881 3385 1974 3467 praru
2000 3383 2183 3449 mutumdia

175 3470 281 3551 milia,
309 3490 441 3551 quorum
468 3469 643 3535 irurcdibili
669 3471 772 3535 studio
798 3471 935 3535 muudus
956 3471 1154 3552 aliquandiu
1205 3471 1330 3535 clericos
1349 3470 1460 3553 diquos
1474 3474 1637 3551 putemus;
1664 3489 1761 3551 quum
1782 3469 1952 3550 aliquando
1972 3471 2065 3534 etiam
2087 3469 2183 3534 bonus

176 3557 342 3635 aeduacit,
370 3557 401 3620 si
422 3557 589 3622 seecundum
614 3577 668 3621 eas
695 3577 775 3637 quas
796 3562 887 3620 antea
909 3559 1078 3639 posuimus
1108 3579 1154 3623 ro
1204 3554 1385 3634 monachus,
1407 3556 1462 3619 viu
1483 3555 1594 3620 bonum
1614 3555 1755 3620 curteum
1775 3555 1887 3636 facim,
1911 3556 1941 3619 si
1962 3555 2047 3620 adsit
2067 3556 2095 3619 ei
2116 3554 2183 3637 suf-

173 3641 268 3726 qulas
284 3644 514 3721 examinentur,
537 3663 598 3706 rum
618 3647 739 3706 mutum
760 3642 873 3706 inania
893 3642 1155 3724 deprehendentur
1172 3643 1175 3648 “
1203 3643 1310 3724 ficiens
1336 3641 1532 3719 continentia,
1560 3646 1589 3706 ct
1608 3646 1712 3705 tamen
1731 3641 1812 3705 desit
1831 3642 2008 3705 necessaria
2032 3641 2181 3706 doctrina

177 3749 214 3794 ac
234 3729 410 3813 rruqatoria,
431 3730 485 3794 sm
500 3728 597 3810 placa
613 3729 797 3810 manifestae
817 3728 995 3810 impietatis.
1043 3730 1154 3796 Utcun-
1205 3727 1260 3792 Eu
1281 3727 1332 3792 his
1356 3727 1431 3792 locis
1451 3731 1595 3809 apparet,
1617 3726 1694 3808 pios
1720 3725 1858 3791 homines
1884 3747 1950 3791 sese
1978 3727 2021 3792 ad
2042 3726 2183 3792 eccleuae

175 3835 236 3898 que
255 3815 337 3881 enim
357 3810 471 3879 iudicet
491 3834 578 3892 caro,
608 3814 690 3878 nihil
714 3814 817 3897 maqis
837 3814 1035 3879 aborniuatur
1055 3815 1153 3896 Deus,
1202 3813 1452 3898 phundionem
1469 3813 1638 3877 marauna
1659 3810 1828 3893 disciplina
1850 3812 1955 3877 solitas
1973 3812 2075 3895 fuisse
2088 3832 2196 3895 prae·

175 3922 271 3984 qieam
301 3901 402 3965 cultus
430 3901 562 3982 fictitios.
595 3900 775 3975 ‚Accedunt
799 3901 995 3982 perniciosae
1022 3902 1096 3967 illac
1125 3907 1154 3967 et
1199 3921 1334 3983 parare,
1357 3919 1417 3981 quo
1438 3899 1576 3980 aptiores
1595 3903 1623 3961 ct
1644 3898 1757 3961 melius
1776 3897 1904 3978 tmnmti
1925 3904 2045 3963 tantcuu
2066 3917 2182 3963 munus
2290 3972 2292 3977 ,

176 3988 342 4053 danmuae
362 3987 536 4068 opiniones:
558 3987 639 4066 quod
655 3986 836 4068 lippocmtae,
857 3985 912 4049 ubi
928 3986 1043 4051 talibus
1058 3989 1154 4070 nuqis
1204 3985 1349 4051 subirent.
1387 3984 1460 4049 Nou
1482 3984 1564 4064 quod
1584 4004 1688 4049 munes
1709 3984 1752 4048 ad
1770 3982 1850 4048 huuc
1867 3984 1960 4065 tinem
1975 3985 2180 4067 pervenirent,

174 4073 312 4156 defuncti
332 4078 417 4151 sunt,
445 4073 571 4137 credrm
597 4092 630 4136 sc
650 4093 712 4136 non
732 4072 890 4155 culparem
918 4073 1071 4137 iustitiani
1091 4073 1152 4138 sibi
1205 4077 1261 4137 aut
1281 4072 1374 4136 etiam
1394 4070 1559 4147 moderent,
1588 4089 1684 4150 quum
1704 4070 1819 4134 nmiori
1840 4092 1878 4134 eu
1900 4077 1993 4154 parte
2014 4076 2112 4136 essent
2130 4070 2181 4134 ho

174 4177 387 4241 comparasse;
415 4177 571 4222 summam
591 4157 723 4239 pietatis
748 4159 784 4221 in
810 4159 945 4223 artemis
971 4159 1152 4225 observatio-
1203 4159 1304 4223 mines
1325 4156 1473 4221 illiterati.
1519 4154 1581 4220 Sed
1602 4156 1657 4237 qui
1678 4153 1781 4221 idonei
1801 4161 1902 4235 mant,
1925 4156 2137 4240 sdiqebautur.

172 4244 267 4310 nibus
285 4250 452 4327 reponunt·
482 4243 563 4308 alios
584 4264 687 4308 omnes
707 4244 893 4326 despiciunt,
922 4246 978 4325 qui
1000 4251 1153 4327 apparent
1293 4247 1342 4307 10.
1388 4241 1520 4306 Duabus
1541 4247 1642 4306 tamen
1657 4243 1830 4324 praecipue
1850 4242 1925 4306 locis
1945 4243 2056 4307 ueteris
2076 4260 2180 4305 uuna

172 4351 284 4396 earum
304 4351 410 4395 rerum
429 4331 536 4394 minus
557 4330 681 4394 curiosi.
1203 4331 1294 4396 stices
1312 4329 1448 4410 somnam
1474 4326 1562 4392 nobis
1588 4327 1734 4410 depiuqit.
1786 4327 1883 4392 Libro
1908 4328 1946 4393 de
1971 4327 2109 4392 mammos
2136 4345 2181 4390 eo

260 4419 290 4481 8.
338 4415 489 4499 Sinqulas
505 4417 627 4497 formas
646 4435 827 4481 enumerare
845 4415 927 4480 nihil
944 4416 1058 4480 attinet.
1090 4415 1152 4482 sea
1204 4416 1314 4483 dcsiae
1335 4413 1512 4491 catholicae,
1539 4412 1595 4477 uhi
1615 4413 1766 4479 adousrcs
1788 4413 2045 4478 Manichaeorum
2065 4411 2180 4476 mma

134 4501 138 4513 '
175 4501 253 4585 quia
278 4507 348 4567 oda
379 4504 550 4567 monastica
576 4501 693 4566 maiori
719 4503 753 4565 in
781 4503 972 4567 omeruione
992 4501 1150 4582 hahentm,
1203 4504 1277 4568 nias
1296 4502 1366 4567 eius
1381 4499 1589 4584 protessimis
1609 4500 1846 4564 sanctimoniam
1867 4500 2007 4581 opponit;
2027 4503 2054 4562 et
2075 4497 2178 4577 altera

173 4589 257 4672 quad
277 4588 421 4654 oidentm
440 4587 565 4671 publico
591 4587 733 4652 milesiae
758 4587 875 4652 iudicio
901 4587 1086 4670 approbata,
1114 4590 1152 4654 de
1203 4590 1255 4654 cui
1275 4587 1400 4653 titulum
1425 4586 1499 4667 fecit
1528 4586 1565 4651 de
1585 4605 1675 4668 opere
1694 4585 1928 4663 manachorum
1953 4584 2008 4647 ubi
2027 4584 2063 4646 in
2096 4583 2180 4666 depe·

172 4674 219 4739 iis
246 4673 376 4739 breritm
403 4675 566 4739 dicerrdum
592 4678 645 4738 ast.
696 4671 874 4755 Principio,
902 4695 941 4738 ne
968 4675 1042 4755 quis
1069 4675 1151 4758 loriqi
1203 4695 1291 4740 neres
1311 4674 1462 4755 quosdam
1482 4671 1654 4749 umecta,
1676 4672 1732 4753 qui
1753 4672 1930 4736 institutum
1947 4669 2028 4733 ihud
2044 4689 2181 4735 urrurn·

173 4761 324 4843 temporis
338 4760 584 4842 praescriptione
604 4759 749 4841 defendat
767 4758 1020 4839 monachismum,
1048 4761 1152 4841 qualis
1198 4781 1274 4842 pere
1295 4762 1466 4841 amant,
1488 4756 1652 4823 inuehitur.
1697 4755 1766 4841 Epo
1787 4756 1836 4821 hic
1857 4777 1962 4820 eorum
1983 4775 2064 4836 quae
2084 4755 2182 4820 tradit

173 4845 264 4912 hodie
295 4851 352 4925 est,
375 4847 544 4911 notandum
574 4850 630 4925 est,
662 4844 763 4927 suine
790 4845 864 4910 olim
890 4845 926 4909 ia
953 4847 1152 4911 monastemis
1203 4865 1359 4910 summam
1385 4845 1432 4908 ita
1460 4843 1614 4927 colliqam,
1642 4848 1678 4907 ut
1698 4842 1800 4907 verbis
1825 4862 1942 4924 quaque
1968 4841 2051 4919 eius,
2078 4840 2182 4923 quoad

174 4931 260 5016 lonqe
285 4932 377 4997 aliud
405 4932 529 4997 oiuendi
555 4931 740 4996 institutum.
787 4931 849 5012 Qui
876 4951 910 4996 se
930 4931 974 4996 ad
994 4952 1150 4996 sumniam
1203 4930 1314 5009 licebit,
1336 4935 1417 4995 utar.
1432 4928 1461 5015 ὁ)
1502 4927 1697 5011 Canumplis,
1718 4928 1834 5010 inqm't,
1855 4927 1966 4992 mundi
1991 4926 2089 4991 haim
2116 4927 2181 4992 ille·

174 5017 1151 5100 umnamapacmutunvuetauaeraerueounu
1203 5072 1407 5080 ff„
2175 5028 2178 5033 “

173 5103 462 5255 mm
484 5103 566 5202 enim
586 5103 646 5202 suo
672 5103 809 5186 lpmrpt
829 5103 946 5187 ‘W
964 5104 1066 5202 fuisse
1087 5103 1151 5168 [θ’
1273 5154 1303 5223 1)
1320 5171 1413 5207 eorum
1432 5150 1501 5206 1545
1518 5158 1544 5206 a
1560 5166 1629 5221 seqq.
1647 5151 1740 5204 usia
1756 5155 1832 5231 reae.
1903 5150 1934 5218 α)
1952 5151 2039 5219 spici.
2057 5149 2091 5204 81
2109 5149 2178 5220 (rs).

335 5209 437 5254 mm
465 5189 666 5273 dwmplwmm
698 5194 844 5268 'mmm’
877 5194 949 5254 tum
980 5189 1055 5254 Μ’
1085 5195 1152 5255 Μ
1202 5221 1233 5290 3)
1251 5223 1359 5291 quando
1383 5220 1451 5275 1545
1473 5228 1499 5276 et
1516 5235 1585 5292 seqq.
1655 5218 1686 5288 4)
1710 5220 1797 5289 Epnt.
1817 5218 1849 5272 76
1867 5218 1935 5289 (60).
2010 5218 2041 5288 5)
2063 5221 2104 5274 De
2121 5238 2178 5274 mo·

175 5277 261 5359 apid
282 5275 459 5356 madum,
486 5295 524 5342 ac
543 5276 639 5342 multa
660 5274 753 5340 uiam
775 5275 917 5360 riqidm.
960 5274 1064 5341 Humi
1081 5277 1151 5342 dor-
1202 5293 1278 5346 ribus
1297 5293 1425 5345 ccclesiae
1443 5287 1641 5344 catharam.
