4770 6030
206 340 265 400 rer
525 396 530 411 ,
816 333 1086 402 panarium
1107 334 1172 399 nn
1194 331 1363 399 aucun
1385 334 1605 402 annana.
2149 343 2213 407 aar
2290 339 2294 351 ’

204 525 274 589 lina
295 526 440 619 vascula:
467 527 741 614 quemadmodum
757 525 797 591 de
819 525 1064 610 magnificentia
1086 525 1181 607 regni
1235 522 1291 587 ubi
1313 522 1468 590 Ohristus
1497 546 1517 588 a
1543 531 1637 608 patre
1665 524 1762 591 datirs
1781 523 1958 609 cogitatur,
1985 529 2107 612 inquo
2129 530 2215 598 talos

203 637 307 726 ipsius
324 638 548 703 vaticinantur
564 639 743 721 prophetae
765 638 866 723 (Dan.
890 642 918 702 2.
933 639 1003 710 ¹Ies
1021 643 1068 701 11.
1092 638 1179 703 Psal
1234 635 1381 700 thesauri
1408 642 1487 700 sunt
1514 636 1716 702 absconditi?
1762 638 1828 703 Hic
1855 640 1950 704 nobis
1972 660 2110 704 manum
2134 642 2213 708 inii-

115 805 117 807 ,
204 748 248 831 2).
294 748 489 835 Reclamant
517 750 650 832 quidem
677 749 873 828 adversarii,
902 750 983 815 falso
1005 771 1064 815 nos
1086 771 1181 833 prae·
1233 748 1334 825 ciunt,
1357 755 1391 811 et
1418 747 1509 812 illam
1535 747 1674 814 fiduciae
1702 749 1934 816 certitudinem
1963 754 2152 834 arrogantia
2178 759 2218 820 et'

204 860 340 925 tendere
357 861 496 926 verbum
513 864 591 938 Dei,
616 864 708 927 cuius
729 862 970 927 sceleratissimi
989 864 1091 927 simus
1109 884 1178 926 oor-
1232 861 1498 943 praesumptione
1520 881 1587 924 non
1610 882 1720 926 carere
1738 861 1889 927 clamant.
1924 864 1981 942 At,
2004 868 2043 927 ut
2064 863 2149 928 nihil
2171 865 2227 948 de,

102 1057 108 1066 .
203 979 362 1054 ruptores.
407 972 500 1039 Haeo
521 995 599 1038 vcro
621 995 719 1056 quam
747 975 878 1043 sitnon
901 973 995 1037 modo
1016 974 1179 1041 mahtiosa
1232 970 1341 1049 nobis,
1371 972 1556 1049 itaomnia
1583 971 1623 1036 de
1645 972 1717 1037 Deo
1745 975 1984 1056 praesumenda
2009 985 2096 1040 sunt.
2143 977 2212 1043 Neo

203 1084 383 1161 celmania,
418 1085 475 1149 scd
512 1086 652 1168 insignis
685 1107 811 1167 quoque
844 1085 1064 1167 impudentia,
1098 1087 1177 1168 ipse,
1232 1083 1296 1145 alia
1317 1084 1443 1147 ratione
1469 1105 1556 1148 vana
1584 1084 1687 1166 gloria
1709 1085 1902 1167 spoliamur,
1933 1087 1997 1150 nisi
2019 1095 2056 1150 ut
2085 1089 2121 1150 in
2143 1088 2213 1154 Do-

204 1196 437 1292 oonfessiopem
465 1204 610 1262 nostram
638 1197 791 1281 legendo,
824 1219 883 1281 pro
916 1207 974 1262 tua
1003 1197 1180 1280 prudentia
1232 1195 1323 1258 mino
1351 1195 1536 1278 gloriemur.
1556 1194 1581 1279 ¹)
1631 1194 1721 1276 Quid
1743 1196 1851 1260 ultra?
1896 1199 2073 1276 Percurre,
2101 1199 2212 1272 fortis-

203 1307 348 1371 iudicare
370 1309 500 1390 poteris.
545 1309 705 1373 Nonnihil
733 1318 844 1374 tamen
868 1309 923 1375 hio
947 1311 1048 1375 etiam
1070 1309 1179 1373 dicen·
1233 1306 1314 1371 sime
1336 1307 1426 1384 Rex,
1449 1328 1563 1373 omnes
1585 1324 1702 1373 caueae
1724 1317 1854 1372 nostrae
1883 1319 2007 1392 partes,
2035 1317 2069 1374 et
2096 1311 2213 1393 quovis

203 1418 283 1484 dum
304 1427 363 1497 est,
386 1420 472 1502 quod
494 1420 554 1485 tibi
577 1421 619 1485 ad
641 1422 812 1486 lectionem
834 1423 955 1504 ipsam,
978 1422 1025 1486 cel
1041 1421 1180 1485 ebalum
1232 1418 1464 1484 sceleratorum
1486 1419 1658 1483 hominum
1680 1440 1801 1503 genere
1820 1422 1992 1502 nequiores
2014 1442 2074 1487 noe
2096 1423 2211 1488 existi·

203 1531 452 1611 materque
473 1533 586 1611 mutet,
609 1533 656 1597 vel
672 1541 748 1597 certe
768 1534 857 1597 viam
875 1541 1010 1599 sternat.
1043 1533 1178 1614 Paulus,
1232 1550 1295 1606 ma,
1319 1531 1383 1595 nisi
1406 1530 1504 1614 plane
1526 1531 1721 1615 comperias,
1735 1512 1787 1595 ³in
1815 1532 1876 1598 hoc
1897 1553 1958 1596 nos
1985 1532 2149 1612 laborare,
2178 1540 2213 1600 et

203 1663 304 1724 quum
322 1642 364 1706 ad
384 1642 461 1706 fidei
483 1644 668 1728 analogiam
685 1666 816 1710 omnem
836 1645 1043 1728 prophetiam
1059 1648 1179 1711 forma
1232 1642 1360 1726 probris
1393 1643 1493 1721 affici,
1526 1645 1603 1725 quia
1631 1664 1723 1726 spem
1755 1644 1944 1726 reponimus
1970 1645 2007 1708 in
2034 1645 2106 1710 Deo
2134 1647 2213 1711 vivo

202 1760 272 1818 tam
294 1775 365 1818 esse
388 1755 492 1818 voluit
511 1754 620 1838 (Rom.
643 1760 691 1835 12,
711 1755 760 1840 6),
785 1758 1000 1822 certissimam
1022 1759 1180 1823 amussim
1234 1754 1265 1839 (l
1294 1755 1377 1818 Tim.
1402 1760 1431 1833 4,
1459 1753 1528 1837 10);
1567 1756 1644 1838 quia
1684 1755 1769 1820 hanc
1804 1755 1968 1821 credimus
2001 1778 2072 1821 esse
2108 1759 2212 1821 vitam

200 1845 328 1947 posuit,
356 1886 421 1948 qua
442 1868 573 1947 probari
599 1870 781 1950 scripturae
802 1869 1030 1951 interpretatio
1054 1870 1177 1935 debeat.
1233 1872 1415 1944 aeternam,
1443 1888 1538 1931 nosse
1561 1888 1666 1930 unum
1688 1889 1805 1932 vermn
1826 1868 1953 1945 Deum,
1981 1874 2014 1932 et
2036 1890 2133 1951 quem
2154 1868 2212 1935 ille

203 1976 258 2040 Ad
281 1977 366 2041 hanc
395 1979 505 2059 itaque
526 1979 603 2043 fidei
631 1974 780 2063 regulam
809 1983 835 2046 si
859 1987 972 2046 nostra
993 1983 1178 2064 erigantur,
1232 1978 1325 2042 misit
1345 1978 1457 2043 Iesum
1480 1977 1653 2060 Christum
1677 1975 1781 2062 (Iodn.
1812 1983 1860 2058 17,
1888 1979 1932 2063 3).
1966 1981 2108 2063 Propter
2125 1981 2212 2046 hanc

203 2088 240 2152 in
261 2088 413 2153 manibus
442 2099 492 2154 est
517 2092 661 2155 victoria.
713 2090 804 2172 Quid
824 2094 914 2157 enim
942 2094 1060 2159 melius
1082 2101 1180 2176 atque
1234 2111 1334 2173 spem,
1358 2090 1414 2154 alii
1436 2097 1587 2155 nostrum
1604 2091 1746 2156 vinculis
1764 2091 2047 2174 constringuntm,
2070 2093 2127 2156 alii
2146 2093 2213 2157 vir·

203 2200 311 2282 aptius
332 2201 409 2266 fidoi
432 2203 594 2282 convenit,
617 2224 715 2285 quam
733 2224 909 2287 agnoscere
927 2225 986 2269 nos
1004 2206 1093 2269 omni
1111 2207 1179 2270 vir-
1233 2203 1284 2286 gie
1312 2202 1508 2281 oaeduntm,
1538 2201 1594 2266 alii
1627 2202 1664 2264 in
1688 2200 1876 2267 ¹ludibrium
1910 2204 2212 2284 circumducuntur,

203 2317 276 2376 tute.
294 2313 414 2392 nudos,
443 2322 481 2377 ut
502 2336 522 2378 a
543 2314 615 2378 Deo
642 2315 843 2379 vestiamm‘l
886 2315 988 2380 Omni
1015 2318 1180 2383 bonava—
1233 2314 1290 2378 alii
1317 2315 1579 2398 proscribuntm,
1608 2313 1665 2377 alii
1694 2314 1882 2378 saevissime
1910 2323 2121 2397 torquentur,
2154 2315 2234 2381 alii*

203 2444 295 2501 auos,
328 2432 366 2487 ut
394 2426 434 2490 ab
467 2426 537 2507 ipso
559 2426 777 2508 impleamur?
810 2428 879 2492 Nos
905 2429 1030 2509 peccati
1059 2450 1179 2507 servos,
1233 2427 1312 2510 fuga
1339 2427 1529 2505 elabuntur;
1557 2445 1671 2489 omnes
1700 2446 1820 2488 rorum·
1835 2427 1990 2508 angustia
2018 2429 2210 2510 premimm‚

204 2542 243 2598 ut
264 2536 305 2601 ab
326 2538 398 2619 ipso
419 2537 617 2602 liberemm?
651 2539 720 2604 Nos
741 2560 867 2616 caecos,
890 2546 928 2604 ut
948 2540 989 2605 ab
1011 2540 1082 2623 ipso
1104 2541 1180 2605 illu·
1233 2539 1314 2604 diris
1336 2537 1613 2604 exsecrationibus
1642 2521 1854 2614 devoremur,
1884 2537 2068 2604 maledictis
2089 2540 2213 2605 lacera·

202 2647 388 2712 minamur?
419 2650 487 2713 Nos
506 2649 646 2728 claudos,
668 2656 706 2714 ut
724 2651 764 2715 ab
786 2652 857 2734 ipso
877 2651 1080 2735 dirigamur?
1112 2653 1180 2718 Nos
1232 2670 1317 2727 mur,
1340 2649 1581 2732 indignissimis
1602 2648 1708 2713 modis
1729 2654 1919 2712 tractamur.

202 2758 334 2839 debiles,
358 2769 396 2823 ut
417 2762 458 2826 ab
476 2763 547 2843 ipso
565 2761 808 2826 sustentemur?
843 2763 945 2828 Nobis
964 2784 1093 2827 omnem
1111 2765 1180 2848 glo-
1206 2765 1208 2839 l
1319 2762 1454 2826 Intuere
1481 2762 1559 2825 iam
1577 2761 1613 2825 in
1635 2747 1838 2824 adversarios
1861 2766 1990 2823 nostroe
2021 2760 2075 2844 (de
2098 2761 2213 2828 ordine
2286 2800 2291 2808 ·

203 2870 313 2947 riandi
336 2875 510 2938 materiam
530 2873 724 2965 detrahere,
753 2883 791 2938 ut
818 2874 905 2939 solus
927 2876 997 2958 ipse
1020 2875 1180 2958 glorifice·
1206 2850 1208 2858 ¹
1234 2875 1456 2939 sacrificorum
1482 2873 1611 2956 loquor,
1646 2893 1785 2954 quorum
1818 2881 1903 2935 nutu
1931 2881 1965 2935 et
1992 2873 2126 2936 arbitrio
2156 2873 2213 2938 alii

203 2989 273 3062 tur,
292 2982 316 3067 ¹)
342 2990 376 3048 et
403 3006 463 3050 nos
494 2987 629 3069 inipso
661 2984 860 3069 gloriemm?
904 2986 998 3052 Haeo
1026 2993 1123 3070 atque
1144 2987 1181 3053 id
1233 2986 1404 3052 nobiscum
1425 2977 1617 3050 inimicitias
1639 2982 1809 3066 exercent)
1839 2990 1873 3046 et
1893 3004 2023 3048 mecum
2045 2977 2213 3068 paulisper

202 3115 307 3178 genus
333 3096 460 3179 reliqua
487 3118 588 3179 quum
614 3097 749 3163 anobis
771 3096 940 3176 dicunhu,
969 3099 1181 3182 interpellant
1232 3107 1365 3182 reputa,
1399 3119 1463 3181 quo
1496 3096 1604 3161 studio
1638 3096 1795 3160 ferantm.
1852 3095 1976 3159 Veram
2008 3095 2211 3179 religionem,

201 3206 265 3284 illi,
288 3208 551 3291 quiritanturque
579 3210 641 3274 hoc
666 3207 762 3274 modo
791 3210 939 3275 subverti
968 3232 1101 3276 caecum
1122 3234 1180 3277 ne-
1232 3232 1316 3294 quae
1348 3209 1520 3294 scripturis
1553 3207 1676 3272 tradita
1702 3214 1767 3285 est,
1803 3227 1949 3289 quaeque
1980 3207 2068 3271 inter
2098 3229 2212 3274 omnes

201 3318 271 3383 scio
293 3318 379 3401 quod
401 3320 513 3385 lumen
536 3330 682 3398 natmae,
705 3322 799 3387 fictas
810 3324 1084 3404 praeparationes,
1099 3325 1179 3390 libe·
1233 3332 1383 3388 constare
1411 3321 1583 3399 debuerat,
1612 3318 1706 3385 facile
1733 3326 1767 3383 et
1794 3318 1857 3383 eibi
1885 3327 1918 3382 et
1936 3317 2018 3382 aliis
2047 3318 2210 3400 ignorare,

114 3431 115 3434 ’
175 3451 277 3494 ιιιιιι
299 3431 487 3512 arbitrium,
510 3440 544 3497 et
564 3434 733 3498 meritoria
757 3434 873 3499 salutis
896 3440 1048 3501 aeternae
1071 3459 1178 3519 opera,
1232 3435 1416 3519 negligere,
1446 3433 1612 3516 despicere
1639 3431 1853 3515 permittunt,
1881 3449 2062 3512 parumque
2089 3429 2211 3495 referre
2239 3425 2246 3438 ‘

200 3562 277 3606 oum
298 3543 367 3607 suis
396 3544 496 3608 etiam
517 3545 873 3628 supererogationibus3
900 3548 978 3628 quia
1004 3549 1090 3613 ferre
1111 3570 1178 3614 non
1231 3553 1360 3631 putant,
1381 3546 1460 3628 quid
1481 3545 1619 3628 quisque
1642 3543 1683 3608 de
1701 3543 1774 3608 Deo
1796 3549 1830 3607 et
1851 3541 1985 3606 Christo
2006 3546 2132 3619 teneat,
2155 3541 2210 3607 vel
2301 3623 2306 3627 Ι

200 3662 341 3735 possunt
361 3655 527 3738 integram
544 3659 649 3722 omnis
671 3659 756 3734 boni,
778 3659 922 3737 virtutis,
945 3660 1101 3739 iustitiae,
1125 3683 1177 3727 sa-
1231 3680 1298 3723 non
1326 3665 1451 3735 teneat,
1481 3655 1577 3721 modo
1603 3655 1779 3739 implicita,
1813 3659 1852 3723 ut
1878 3651 2092 3731 aiuntsfide,
2115 3636 2210 3717 suain

200 3765 342 3847 pientiae
375 3766 506 3831 laudem
538 3790 575 3833 ac
606 3770 744 3853 gloriam
768 3771 869 3853 apud*
883 3771 992 3836 Deum
1026 3773 1176 3838 residere.
1203 3819 1205 3855 ι
1230 3779 1376 3836 mentem
1397 3768 1552 3835 ecclesiae
1568 3767 1694 3833 iudicio
1722 3766 1910 3842 submittat;
1937 3785 1998 3829 nec
2020 3763 2116 3828 valde
2138 3765 2210 3830 affi-

200 3877 248 3941 At
275 3899 342 3941 non
368 3877 509 3961 legimus
532 3882 760 3963 reprehensos,
785 3884 842 3966 qui
868 3884 1009 3948 nimium
1038 3905 1056 3948 e
1089 3886 1179 3965 fonte
1230 3883 1377 3961 ciuntur,
1401 3882 1429 3945 si
1450 3881 1515 3945 Dei
1537 3879 1675 3963 gloriam
1696 3877 1880 3942 manifestis
1902 3875 2117 3958 blasphemiis
2138 3876 2209 3960 pol-

157 4069 159 4072 ,
200 4009 303 4071 aquae
325 3989 420 4054 vivae
442 3991 626 4073 hauserint3
649 4002 763 4060 contra
784 3997 930 4079 graviter
951 3997 1176 4080 obimgantm,
1230 3995 1278 4059 lui
1300 3995 1486 4077 contingat,
1512 3991 1608 4057 modo
1630 4012 1673 4055 ne
1695 3989 1769 4072 quis
1791 3988 1948 4053 adversus
1970 3987 2057 4052 sedis
2079 3995 2209 4070 aposto-

200 4100 257 4182 qui
290 4100 443 4166 foderunt
471 4103 532 4167 sibi
560 4113 688 4186 puteos,
717 4114 832 4189 puteos
860 4109 1037 4188 contritos,
1060 4114 1094 4173 et
1120 4110 1177 4192 qui
1228 4107 1311 4172 licae
1338 4106 1517 4190 primatum
1546 4113 1579 4168 et
1606 4109 1738 4168 sanctae
1766 4101 1883 4165 matris
1910 4098 2063 4166 ecclesiae
2077 4099 2208 4180 autori-

200 4212 366 4277 oontinere
392 4235 511 4295 aquam
533 4195 605 4280 hon
632 4217 743 4283 valent
764 4217 891 4299 (larsa,
914 4217 977 4304 13).
1029 4220 1177 4286 Rursum
1229 4226 1332 4284 tatem
1360 4216 1501 4301 digitum
1528 4216 1630 4280 tollat.
1680 4213 1751 4280 (lm
1779 4233 1857 4296 ergo
1883 4219 1979 4277 tanta
2010 4211 2146 4277 saevitia
2173 4215 2208 4274 et

199 4323 279 4404 quid
299 4324 376 4389 fidei
398 4327 660 4408 convenientius,
689 4351 789 4412 quam
809 4333 919 4397 Deum
946 4333 1009 4398 sibi
1030 4333 1176 4415 polliceri
1229 4312 1405 4397 acerbitate
1426 4350 1486 4412 pro
1508 4328 1623 4406 missa,
1647 4313 1852 4410 pmgatorio,
1874 4320 2205 4407 peregrinationibus,

199 4436 378 4516 propitium
398 4445 534 4519 patrem,
555 4440 610 4504 ubi
633 4439 788 4508 Christus
809 4445 912 4509 frater
928 4466 966 4510 ac
983 4445 1177 4527 propitiator
1228 4453 1262 4508 et
1282 4441 1318 4507 id
1339 4462 1443 4526 genus
1463 4441 1561 4523 nugis
1580 4438 1832 4523 belligerantur,
1861 4443 1900 4499 ut
1921 4436 1992 4500 sine
2015 4453 2128 4497 eorum
2148 4452 2207 4497 ex·

200 4548 408 4629 agnoscitm?
443 4570 541 4631 quam
567 4555 678 4617 omnia
705 4554 792 4620 laeta
818 4577 856 4622 ac
881 4578 1036 4640 prospera
1063 4540 1189 4622 secure
1227 4555 1457 4640 plicatissima,
1486 4559 1523 4616 ut
1544 4552 1592 4615 ita
1613 4551 1733 4629 dicam,
1756 4549 1838 4628 fide,
1866 4546 1992 4612 salvam
2012 4544 2082 4608 fore
2102 4543 2208 4626 pieta·

200 4657 298 4722 abeo
326 4669 533 4743 exspectare,
562 4665 655 4730 cuius
682 4667 910 4732 inenarrabilis
939 4688 1017 4751 erga
1045 4690 1104 4733 nos
1126 4667 1175 4732 di·
1227 4676 1296 4732 tem
1317 4673 1449 4750 negent,
1470 4685 1571 4747 quum
1594 4670 1706 4727 tamen
1731 4660 1817 4725 nihil
1844 4677 1999 4723 eorum-a
2020 4654 2119 4720 verbo
2142 4655 2208 4721 Dei

199 4767 296 4834 lectio
318 4792 356 4835 eo
376 4777 550 4856 progressa
571 4784 635 4855 est,
664 4785 702 4841 ut
729 4780 860 4861 proprio
886 4779 954 4844 filio
975 4800 1042 4845 non
1061 4800 1176 4861 peper-
1228 4800 1299 4844 esse
1330 4777 1490 4861 probent?
1546 4773 1635 4840 Our?
1670 4774 1736 4837 nisi
1769 4772 1845 4855 qnia
1872 4768 1939 4833 illis
1964 4767 2057 4831 Deus
2088 4773 2208 4831 venter

200 4881 290 4960 ecrit,
313 4883 394 4964 quin
414 4906 475 4967 pro
490 4886 584 4952 nobis
601 4889 711 4971 ipsum
729 4890 895 4957 traderet?
918 4912 1017 4974 quam
1034 4892 1070 4955 in
1088 4899 1176 4955 certa
1228 4898 1294 4968 est,
1318 4890 1428 4955 culina
1449 4889 1566 4970 religio
1572 4910 1580 4967 ;
1610 4886 1728 4968 quibus
1750 4881 1902 4958 sublatis,
1931 4900 2000 4942 non
2020 4876 2116 4941 modo
2139 4897 2207 4941 non

123 5085 129 5094 .
199 4995 439 5074 exspectatione
468 4997 584 5064 salutis
611 5007 644 5063 et
670 5002 758 5067 vitae
780 5011 932 5068 aeternae
961 5004 1174 5087 acquiescere,
1228 5000 1444 5078 Christianos,
1466 4998 1523 5065 sed
1546 5020 1586 5062 ne
1607 4997 1756 5060 homines
1778 4989 1910 5075 quidem
1931 4991 2060 5054 latinos
2081 5010 2117 5054 ee
2135 5010 2206 5054 cre-

200 5149 403 5161 ———-.—--—..
1200 5084 1203 5167 l
1230 5158 1345 5165 -v-m--n
1366 5157 1409 5165 ..ο

269 5232 298 5302 1)
315 5236 448 5303 gloriosus
467 5240 583 5291 emineat
603 5237 670 5293 1543
682 5256 751 5325 segg.
1200 5172 1203 5309 l
1298 5239 1328 5309 1)
1345 5240 1478 5292 dmm
1497 5237 1609 5308 3¹⁰¹'im'i
1627 5232 1695 5289 ¹55⁰
1712 5248 1782 5304 ⁸⁶4?-
1946 5316 2000 5371 17*
