4770 6030
191 363 253 426 329
465 444 468 451 Ι
786 356 886 425 OAP.
909 357 955 423 11
999 358 1063 424 DE
1086 355 1374 423 COGNI'PIONE
1397 356 1608 426 HOMINIS.
2137 366 2197 428 330

188 474 391 543 13233303
410 473 495 527 030.

86 580 92 596 =
190 551 232 615 ad
252 460 511 633 intelligendum}
534 569 594 613 neo
615 569 711 613 aures
729 548 771 612 ad
789 546 995 624 audiendum,
1013 568 1073 611 neo
1091 567 1167 611 oeu-
1308 550 1358 610 40.
1404 545 1514 626 Itaque
1536 547 1617 626 qnod
1634 545 1684 612 6666
1701 547 1840 612 clarabit
1855 548 2030 613 luminibus
2048 550 2125 615 alibi
2141 553 2200 616 soli

188 637 237 701 los
259 636 302 701 ad
324 634 510 699 videndum.
545 632 635 714 Quid
656 635 731 717 plus
754 635 960 716 exprimeret,
983 634 1011 698 si
1032 654 1092 697 nos
1109 654 1167 697 vo-
1222 631 1289 696 Deo
1311 632 1419 695 tribnit
1440 633 1475 695 66
1490 633 1673 713 precatione.
1718 633 2198 720 Dens,inqnit(Eph.1,17),

188 730 278 789 earet
298 722 424 804 stipites
446 721 481 783 in
503 720 654 802 operibus
675 721 741 786 Dei
761 718 1025 785 considerandis?
1070 716 1167 783 Unde
1222 723 1249 781 et
1270 722 1362 798 poter
1379 718 1496 800 6166666
1523 718 1572 782 aa
1592 719 1676 782 661663
1702 720 1849 800 36666666
1870 722 2042 802 sapientiae
2071 727 2199 788 666666

187 809 352 874 Dominus
376 827 436 889 per
462 806 655 888 prophetam
677 805 755 891 (Ier.
776 809 826 883 24,
846 806 880 889 7)
910 806 972 871 hoe
992 803 1181 887 singularis·
1222 804 1354 868 lationis.
1384 803 1458 868 1666
1479 805 1573 868 anelis
1594 799 1712 868 mnnem
1733 807 1921 886 sapientiam
1941 812 1969 870 36
1986 807 2199 873 revelationem

189 895 315 978 gratiae
337 893 406 958 loeo
418 892 588 975 pollicetur
604 892 803 957 sedatorum
815 891 974 955 Israelitis
990 912 1054 966 eor,
1077 899 1115 952 ut
1127 890 1167 954 ab
1222 909 1286 953 6336
1307 889 1370 953 Dei
1396 890 1518 953 666666.
1572 890 1656 970 Quid
1684 896 1749 954 tom
1770 893 1956 972 praetereo?
1999 892 2200 959 Illnminatas

189 981 255 1045 illis
276 989 504 1063 cognominum
526 978 683 1042 nimirum
704 979 853 1051 innuem,
876 985 1007 1042 tantum
1027 976 1169 1039 hominis
1221 976 1321 1039 666163
1347 976 1458 1039 ararim
1485 980 1609 1039 vestrae.
1657 975 1741 1040 Certe
1767 978 1797 1040 si
1817 998 1896 1041 6666
1918 979 2097 1043 revelatione
2118 982 2200 1045 66666

188 1073 334 1131 mentem
361 1063 573 1146 spiritualiter
602 1085 731 1145 sapere,
759 1071 917 1144 quantum
946 1063 1003 1126 abs
1029 1083 1064 1125 se
1093 1061 1169 1124 illu·
1218 1067 1296 1144 6666,
1319 1062 1496 1141 63666363
1518 1063 1694 1127 6666666666.
1737 1060 1883 1143 86666666·
1911 1065 2037 1129 66666666.Ι
2063 1071 2096 1130 nt
2116 1068 2196 1130 3666-

190 1160 294 1217 stmta
322 1151 427 1215 merit
479 1149 547 1212 Hoe
575 1169 691 1229 6666666
718 1168 778 1212 sna
806 1168 874 1212 6666
902 1148 1036 1212 dilucide
1064 1147 1170 1227 66666-
1220 1149 1261 1211 663
1287 1169 1366 1228 qaae
1392 1148 1434 1210 sit
1459 1167 1529 1228 spes
1549 1149 1716 1212 6666666663
1736 1154 1867 1228 restrae,
1889 1154 1939 1214 ete.
1989 1150 2075 1233 Erqo
2096 1157 2198 1216 63636

189 1239 285 1302 666666
314 1235 459 1301 01663663
482 1233 585 1318 (Ioan.
607 1239 635 1313 6,
655 1234 727 1315 44),
757 1254 854 1313 qnam
882 1235 992 1298 66666666
1017 1234 1169 1296 neminem
1220 1234 1436 1316 intelliqentioe
1454 1253 1514 1297 non
1535 1234 1928 1314 633666666316666666666
1950 1243 2071 1315 ruentes,
2099 1260 2131 1306 ut
2152 1270 2199 1306 vo-

190 1325 293 1389 nenire
314 1322 356 1386 ad
376 1341 409 1385 36
430 1340 538 1402 66336,
566 1321 631 1384 6636
653 1322 705 1383 eni
726 1321 833 1384 6666666
855 1341 876 1383 6
892 1325 984 1400 patre
1005 1338 1062 1382 366
1082 1318 1168 1400 [met.
1222 1337 1355 1389 nationem
1378 1353 1453 1387 sunm
1471 1336 1610 1400 noverint,
1635 1336 1745 1389 tamar.
1795 1320 1903 1401 Neqne
1929 1320 1979 1385 6666
1996 1324 2119 1404 666666
2143 1323 2201 1387 Pe

193 1408 301 1491 Quid?
322 1428 424 1472 annon
444 1408 511 1487 6636
533 1411 576 1470 636
594 1408 666 1469 aion
680 1407 786 1486 666663
808 1407 925 1488 666666,
948 1407 983 1469 66
1005 1425 1068 1486 qna
1088 1408 1169 1468 totns
1221 1405 1368 1488 lupianus
1395 1405 1567 1486 6666366666,
1600 1404 1673 1468 baie
1701 1405 1748 1470 666
1780 1407 1955 1488 3666666666
1986 1408 2030 1472 nel
2066 1409 2199 1472 anditati

188 1495 307 1580 pieriae
326 1495 395 1557 eins
415 1491 558 1573 splendor
578 1491 665 1555 666663
685 1492 894 1572 6666666662
932 1490 1018 1573 Erpa
1039 1510 1099 1553 non
1112 1509 1168 1571 po-
1222 1490 1327 1554 Denm
1344 1510 1529 1568 3666666666,
1551 1490 1627 1554 diem
1648 1490 1730 1554 66666
1752 1493 1805 1555 sni
1825 1492 1964 1557 66666666
1985 1514 2018 1557 eo
2030 1493 2201 1577 6166666666-

190 1582 249 1645 tait
276 1580 388 1643 melias
417 1578 570 1642 ostendere
597 1577 702 1658 666663
729 1578 772 1641 sit
797 1582 904 1641 nostra
926 1578 968 1641 666
995 1595 1169 1659 666663666-
1220 1578 1317 1640 minis
1339 1576 1528 1652 6661666666,
1552 1597 1610 1656 qne
1632 1578 1700 1640 sine
1721 1576 1796 1641 6636
1811 1580 1974 1660 pervenire
1994 1601 2054 1643 non
2071 1584 2198 1661 poterat.

190 1668 266 1731 dnm
286 1665 392 1730 Deum
414 1664 564 1746 66666663,
592 1664 668 1726 dnm
697 1663 739 1727 66
768 1664 949 1728 6666666666
970 1664 1038 1726 eins
1057 1662 1168 1743 666666
1221 1662 1361 1726 Habebat
1388 1663 1470 1726 enim
1492 1661 1601 1725 David
1627 1662 1734 1745 lepern,
1764 1665 1798 1726 66
1818 1684 1881 1744 qna
1902 1666 2055 1746 6666166666
2077 1668 2200 1747 sapion-

190 1773 267 1830 nern,
289 1751 344 1815 nbi
365 1753 411 1815 ita
426 1749 539 1831 palam
560 1749 733 1826 6666666666,
755 1749 856 1813 666163
877 1749 964 1813 66663
985 1767 1050 1812 6336
1070 1751 1168 1830 nepot.
1221 1750 1282 1814 tiae
1303 1748 1475 1812 desiderari
1492 1751 1591 1828 potest
1612 1748 1858 1829 conprehensam
1879 1755 1961 1830 erat;
1982 1772 2077 1832 nepae
2097 1757 2201 1815 tamen
2210 1806 2226 1845 4

194 1838 302 1921 Quint?
333 1837 450 1902 Annon
475 1836 543 1899 6666
562 1836 597 1898 66
627 1840 727 1898 terras
749 1834 915 1912 6163666666,
943 1839 977 1898 nt
992 1835 1099 1916 patris
1120 1852 1168 1896 oo
1221 1855 1254 1898 66
1281 1838 1435 1898 6666663
1463 1833 1564 1897 oeulos
1590 1834 1651 1897 3666
1678 1837 1771 1918 666666
1799 1835 1976 1916 6636666666
2004 1837 2105 1920 (Ρ331.
2128 1842 2198 1916 119,

190 1925 338 1989 tnntotem
366 1921 542 1986 bomirribns
569 1919 779 2002 6666666666
821 1920 936 1985 Annon
963 1940 1025 1983 sna
1052 1938 1169 2000 qnoque
1225 1919 1293 2005 18),
1323 1925 1357 1982 6
1378 1920 1454 2002 lepis
1481 1920 1585 2000 663663
1605 1922 1753 2002 6663666666
1775 1921 1986 1986 consideraret.
2034 1924 2104 2004 Qna
2125 1927 2201 1986 certe

190 2010 336 2094 16666666
354 2008 485 2090 66666666
505 2007 665 2088 66666663
687 2007 753 2070 est?
795 2006 848 2070 166
870 2011 914 2070 est
935 2026 1029 2083 sane·
1051 2005 1169 2069 sedni
1221 2006 1367 2070 6666666666
1384 2006 1498 2082 666666,
1516 2005 1609 2068 sotem
1627 2008 1742 2070 6666666
1759 2007 1932 2085 ternanti
1950 2008 2125 2073 bominibus
2138 2007 2202 2072 Dei
2228 2029 2229 2032 ¹

190 2097 237 2161 nn
257 2096 389 2177 66666666
416 2095 483 2157 eins
503 2093 751 2174 praetentione,
781 2093 846 2156 nisi
873 2093 1001 2156 interior
1021 2092 1169 2175 6666663666
1220 2091 1345 2156 nobam
1365 2091 1484 2169 illusa,
1511 2111 1618 2154 666666
1640 2112 1689 2155 eos
1717 2113 1778 2156 666
1804 2093 1935 2157 66666666
1956 2096 2028 2159 inde
2050 2095 2200 2175 mnseqm,

191 2184 324 2265 spriritus
345 2182 431 2244 aiam
452 2179 495 2243 ort
516 2180 638 2241 animos
651 2178 831 2258 potefaoint.
860 2177 947 2260 Erpa
963 2179 1024 2241 666
1044 2178 1169 2240 66666666
1221 2179 1312 2241 eloneo
1333 2176 1434 2241 666663
1455 2175 1501 2239 666
1522 2176 1639 2240 66666666
1660 2177 1706 2240 666
1723 2180 1878 2258 6666666666
1895 2179 1947 2244 6166
1964 2176 2039 2261 6636,
2062 2182 2116 2261 qni
2133 2180 2202 2243 6666

192 2270 235 2334 ad
261 2288 344 2345 enm,
378 2267 443 2329 6636
469 2266 525 2345 qni
552 2286 573 2327 a
596 2270 688 2345 patre
714 2264 881 2327 6666666666
907 2269 934 2327 et
962 2264 1055 2329 edocti
1088 2268 1168 2326 366.
1218 2269 1308 2345 pater
1334 2264 1488 2326 lnminnnn
1518 2268 1642 2326 6666666
1667 2263 1893 2348 (166.1,17),
1927 2268 2004 2346 qnia
2031 2266 2201 2345 6666666666

195 2356 281 2436 (6666
302 2355 365 2417 ista
385 2351 523 2415 discendi
544 2355 571 2413 ot
590 2349 739 2414 66666666
756 2350 863 2414 ratio?
875 2410 877 2413 .
906 2349 1025 2431 Nempe
1041 2348 1096 2413 nbi
1112 2368 1169 2412 666
1219 2351 1336 2430 spiritu
1363 2369 1419 2413 sno
1446 2368 1507 2412 666
1534 2348 1703 2429 resplendet
1722 2352 1827 2414 666666
1855 2351 1985 2415 teman
2006 2357 2200 2433 6666666666.

190 2462 241 2514 663
262 2440 304 2504 ad
323 2438 527 2513 6666661666,
556 2441 583 2499 et
604 2440 716 2499 666663
738 2435 780 2499 ad
800 2434 1044 2518 intellipernlnm,
1074 2435 1169 2514 spiri·
1221 2436 1276 2500 Sin
1297 2440 1324 2500 66
1346 2434 1474 2516 apostoli
1491 2433 1530 2498 ab
1550 2436 1661 2515 optimo
1672 2435 1795 2515 quidem
1815 2437 1963 2518 mapistro
1977 2440 2036 2500 rite
2057 2443 2085 2502 et
2106 2436 2201 2501 6666-

191 2532 242 2590 tas
263 2525 346 2588 miro
368 2527 395 2587 a
415 2522 573 2606 36666666
593 2522 704 2585 66666
723 2521 844 2602 format.
878 2521 936 2600 Aa,
958 2542 997 2585 66
1018 2520 1169 2584 illustria
1220 2523 1257 2585 de
1283 2522 1377 2604 666666
1402 2520 1535 2601 fuerant.
1570 2519 1648 2584 Nisi
1684 2525 1785 2585 tamen
1811 2522 1983 2604 6666666666
2009 2525 2124 2603 spirita
2153 2544 2201 2588 66

190 2633 264 2678 nam
279 2612 430 2687 66666666,
450 2608 574 2673 1636666
590 2608 772 2671 ratiarnam
786 2605 926 2690 (lesbi,
943 2607 997 2690 13)
1016 2608 1097 2682 uitat,
1115 2605 1169 2669 nbi
1218 2609 1335 2686 nitatis,
1357 2608 1411 2688 qni
1433 2626 1537 2671 666666
1558 2611 1670 2670 666663
1691 2606 1749 2670 bae
1770 2609 1843 2690 ipsa
1860 2607 1999 2670 doctrina
2020 2629 2114 2688 qnam
2131 2615 2201 2673 ante
2283 2625 2285 2629 ’

191 2699 265 2763 dnm
288 2696 429 2761 ecelesiae
450 2695 706 2758 instaurationem
726 2694 895 2774 prmnittit,
923 2712 973 2757 663
994 2692 1058 2756 Dei
1076 2692 1169 2756 66366
1221 2695 1386 2760 audierant
1424 2692 1574 2771 66666666,
1604 2711 1665 2756 non
1698 2693 1789 2756 6666666
1823 2697 1994 2774 6636666666
2025 2693 2201 2757 iuberentur

186 2785 280 2867 66663
310 2784 376 2864 tore
405 2782 500 2858 616666,
531 2780 585 2859 qni
611 2779 647 2842 in
667 2779 798 2845 salntem
818 2779 1003 2864 6616666666.
1053 2779 1091 2840 b'i
1111 2777 1169 2841 666
1218 2778 1486 2863 (16361626).
1534 2777 1571 2843 Si
1598 2780 1678 2859 qnod
1699 2780 1836 2860 66666663
1858 2800 1879 2842 a
1900 2778 2224 2843 11666663366616636

191 2870 268 2952 qnid
285 2869 442 2950 6666666666
463 2866 500 2930 ile
521 2865 620 2929 6666663
640 2865 710 2928 sals
731 2864 797 2928 66666
810 2865 967 2945 praedicit
984 2865 1082 2941 Dens,
1103 2883 1170 2927 oon·
1221 2866 1405 2946 66666666,
1428 2866 1543 2944 etipse
1563 2865 1598 2928 in
1620 2885 1652 2928 eo
1674 2865 1754 2945 qnod
1769 2866 1924 2945 promittit
1940 2870 2076 2928 nostram
2095 2867 2199 2946 666666

192 2961 254 3020 stat
274 2950 990 3032 6666666(6666666666666666366616666,
1012 2950 1093 3031 qaod
1112 2950 1170 3013 im-
1221 2953 1375 3033 inopiam:
1397 2971 1483 3014 nenio
1504 2953 1570 3015 iam
1589 2951 1684 3032 fateri
1705 2951 1832 3029 66666666,
1855 2973 1888 3015 36
1908 2957 2028 3015 6666666
2050 2951 2093 3013 ad
2113 2951 2200 3014 66666

186 3043 257 3124 6663
278 3042 370 3105 etiam
392 3045 419 3103 et
438 3038 586 3120 profanis
608 3056 763 3100 commune
791 3040 842 3098 631.
888 3036 997 3100 Restat
1017 3037 1115 3119 666666
1135 3039 1169 3098 6
1221 3037 1344 3122 6666666
1366 3035 1429 3101 Dei
1451 3037 1598 3119 mysteria
1618 3037 1727 3115 volere,
1751 3043 1899 3117 66666666
1921 3039 1989 3101 6663
2008 3038 2114 3120 qratia
2133 3038 2200 3119 666-

191 3128 414 3210 emanante,
437 3124 554 3188 nemini
570 3127 678 3203 potere
698 3123 734 3185 in
754 3142 883 3203 66666666
900 3121 964 3186 Dei
985 3123 1167 3205 6666633666,
1220 3124 1488 3199 66666666666663.
1536 3122 1598 3202 Qui
1619 3122 1679 3186 3666
1695 3123 1772 3203 6163
1794 3124 2009 3207 intellipentiae
2030 3122 2147 3203 tribuit,
2166 3144 2199 3187 6ο
2360 3190 2363 3196 ,

191 3216 257 3279 6636
279 3215 330 3277 eni
351 3232 460 3275 666666
479 3213 607 3273 mentem
627 3209 759 3288 36666663
783 3213 908 3271 sanans
929 3229 990 3272 ma
1011 3208 1169 3271 illumina
1220 3211 1337 3275 6666666
1357 3214 1409 3286 636,
1432 3208 1513 3288 qnod
1533 3209 1705 3273 6666666666
1726 3229 1818 3272 snam
1839 3231 1901 3273 non
1923 3211 2067 3293 opnoseit.
2299 3192 2314 3222 ⁹

192 3303 271 3365 tione
296 3299 408 3381 feeerit.
460 3295 619 3360 Omnium
640 3315 717 3358 vero
745 3293 923 3359 clarissime
945 3294 1084 3371 Paulus,
1113 3295 1169 3375 qui
1307 3300 1357 3359 41.
1403 3295 1521 3361 Restat
1538 3296 1671 3359 tertium
1689 3294 1770 3360 illud
1787 3296 1980 3374 membrum,
2004 3294 2044 3360 de
2062 3317 2198 3379 eognos-

192 3386 444 3469 disputationem
466 3382 551 3446 hano
578 3401 621 3444 ox
644 3379 787 3461 professo
809 3381 985 3463 ingressus,
1003 3386 1169 3460 postquam
1221 3381 1324 3448 aenda
1346 3382 1432 3445 vitae
1454 3381 1553 3464 probe
1576 3380 1817 3462 componendae
1839 3382 1961 3464 regula,
1984 3402 2083 3463 quam
2100 3402 2198 3445 verae

192 3473 340 3536 3666666666
372 3489 409 3534 aa
440 3467 589 3532 66666663
620 3466 779 3529 damnarit
805 3467 984 3529 6666663666
1010 3465 1169 3529 hominnm
1221 3489 1356 3551 operum
1384 3468 1526 3532 iustitiae
1553 3467 1703 3531 notitiam
1723 3489 1963 3550 nuncupamus:
1991 3467 2047 3531 ubi
2069 3466 2199 3530 videtur

192 3558 379 3640 sapientiam
406 3555 539 3634 adeoque
560 3572 695 3632 prorsus
723 3551 908 3628 6666666666,
937 3552 983 3615 ita
1005 3551 1169 3617 ooneludit
1220 3577 1313 3618 mens
1336 3553 1482 3617 humana
1503 3574 1574 3618 esse
1597 3553 1771 3635 aliquanto,
1794 3574 1893 3636 quam
1915 3554 1950 3617 in
1968 3552 2197 3634 superioribus,

193 3646 325 3709 demum
343 3641 375 3726 (1
390 3640 464 3705 Cor.
478 3643 506 3717 2,
523 3638 591 3721 14);
615 3637 790 3702 animalem
807 3637 974 3701 hominem
991 3658 1057 3700 non
1075 3658 1169 3720 posse
1221 3641 1353 3718 acutior.
1399 3637 1568 3722 Siquidem
1596 3645 1736 3703 testatur
1764 3639 1928 3721 apostolus
1950 3637 2060 3721 (Rom.
2081 3640 2109 3715 2,
2134 3637 2197 3723 14),

192 3732 357 3814 percipere
379 3748 463 3809 quae
485 3732 563 3789 sunt
580 3725 713 3805 spiritus
729 3723 809 3799 Dei;
832 3722 1004 3786 stultitiam
1022 3744 1092 3788 esse
1110 3723 1167 3801 illi,
1222 3733 1336 3810 gentes
1358 3746 1441 3806 quae
1462 3725 1570 3808 legem
1591 3746 1657 3788 non
1676 3725 1806 3802 habent,
1830 3724 1909 3789 dum
1927 3724 2008 3807 legis
2031 3745 2129 3806 opera
2150 3725 2199 3788 fa-

191 3838 252 3882 neo
273 3836 367 3898 posse
388 3811 586 3894 intelligere,
609 3810 686 3890 quia
706 3809 919 3890 spiritualiter
940 3808 1167 3874 diiudieantu.
1217 3813 1325 3889 siunt,
1360 3811 1421 3876 sibi
1447 3832 1506 3893 pro
1535 3811 1606 3894 lege
1634 3831 1713 3887 osse,
1744 3832 1781 3875 36
1809 3809 1979 3875 ostendere
2008 3831 2088 3892 opus
2117 3809 2199 3892 logis

192 3901 301 3983 Quem
322 3906 417 3964 vooat
438 3893 638 3962 ammmom‘l
671 3895 798 3977 Nempe
819 3895 874 3976 qui
891 3901 1028 3959 naturae
1047 3895 1168 3960 lumine
1221 3899 1378 3983 seriptum
1410 3897 1446 3959 in
1481 3896 1631 3962 eordibus
1662 3897 1744 3973 suis,
1778 3897 2002 3960 testimonium
2031 3895 2097 3959 illis
2125 3897 2198 3960 red·

192 3989 317 4052 nititur.
351 3985 422 4062 Ille,
445 3984 587 4064 inquam,
606 3979 689 4044 nihil
708 3982 743 4043 in
764 3981 986 4062 spiritualibus
1005 3983 1169 4066 mysteriis
1221 3983 1319 4048 dente
1341 3983 1546 4059 oonsoientia,
1570 3990 1604 4047 et
1620 3982 1868 4066 eogitationibus
1886 3982 1973 4047 inter
1990 4004 2026 4046 se
2044 4002 2199 4047 3666333-
2267 4050 2277 4067 ..

92 4146 96 4153 ,
191 4074 256 4138 Dei
278 4068 532 4154 comprehendit
567 4065 656 4147 Quid
677 4066 744 4129 ita?
768 4087 811 4130 an
833 4067 909 4148 quia
927 4087 986 4148 per
1002 4068 1168 4150 ignaviam
1221 4070 1308 4134 tibus
1331 4077 1388 4134 aut
1409 4068 1640 4134 excusantibus
1661 4086 1776 4134 eoram
1800 4067 1918 4133 iudioio
1939 4068 2013 4132 Dei.
2059 4065 2097 4132 Si
2119 4089 2198 4151 gen·

182 4165 234 4224 'ne
258 4157 352 4243 ligit‘l
396 4157 468 4220 Imo
490 4156 589 4219 etiam
611 4154 638 4217 si
660 4153 817 4229 enitatur,
840 4152 924 4216 nihil
945 4160 1065 4234 potest;
1094 4155 1170 4235 quia
1222 4164 1271 4220 tes
1293 4155 1488 4219 naturaliter
1517 4156 1599 4238 legis
1620 4155 1779 4219 iustitiam
1801 4155 1925 4219 habent
1944 4154 2108 4218 mentibus
2130 4154 2198 4217 suis

191 4182 315 4312 36111666
340 4241 552 4326 spiritualiter
574 4236 801 4303 diiudioantur.
847 4236 936 4318 Quid
957 4238 1046 4303 istud
1068 4240 1169 4322 signi-
1221 4242 1433 4323 insculptam,
1463 4248 1550 4306 serto
1571 4261 1638 4305 non
1661 4239 1805 4305 dieamus
1828 4261 1883 4305 eas
1908 4241 1943 4305 in
1965 4241 2052 4304 vitae
2074 4239 2198 4303 ratione

191 4331 290 4397 fioat‘l
314 4331 390 4412 quia
411 4328 575 4391 humanae
595 4324 812 4406 perspioaeiae
834 4325 963 4405 penitus
982 4325 1171 4390 abscondita
1221 4349 1355 4410 prorsus
1377 4329 1545 4392 oaeoutiro.
1581 4327 1627 4390 Et
1643 4327 1731 4390 'nihil
1750 4333 1800 4391 est
1810 4325 1986 4409 vulgatius,
2009 4346 2106 4407 quam
2125 4323 2198 4406 lege

190 4440 250 4501 per
278 4417 381 4481 solam
408 4413 542 4496 spiritus
564 4410 797 4475 revelationem
827 4411 988 4492 patefiunt
995 4433 1003 4490 ;
1031 4410 1111 4475 adeo
1133 4420 1170 4475 ut
1221 4413 1364 4478 naturali
1389 4412 1445 4498 (de
1467 4435 1532 4496 qua
1559 4414 1631 4478 istie
1655 4411 1818 4495 apostolus
1846 4402 2003 4495 lbquitur)
2032 4410 2199 4473 hominem

190 4524 252 4587 pro
274 4502 411 4567 stultitia
432 4498 604 4574 duoantur,
624 4496 681 4561 ubi
703 4495 836 4577 spiritus
853 4497 988 4560 Domini
1009 4517 1074 4561 non
1094 4497 1169 4561 illu·
1223 4500 1421 4565 sufficienter
1451 4499 1491 4564 ad
1518 4507 1641 4564 rectam
1663 4499 1750 4564 vitae
1773 4519 1922 4563 normam
1949 4496 2084 4560 institui.
2129 4494 2198 4558 Nos

191 4596 252 4656 oet.
290 4588 378 4652 Ante
400 4593 510 4651 autem
532 4603 631 4665 supra
649 4581 826 4658 oculorum,
850 4583 987 4658 aurium,
1010 4584 1170 4647 mentium
1221 4607 1300 4650 vero
1327 4584 1563 4668 expendamus,
1592 4605 1748 4667 quorsum
1775 4584 1879 4648 indita
1906 4580 2089 4646 hominibus
2118 4579 2199 4645 haee

190 4676 404 4758 eapaoitatem
433 4668 610 4746 extulerat,
637 4688 720 4749 quae
748 4668 956 4749 praeparavit
977 4669 1069 4733 Deus
1096 4668 1169 4733 dili·
1221 4671 1304 4755 legis
1331 4672 1447 4737 notitia
1473 4671 1584 4750 tuerit;
1613 4679 1684 4734 tum
1711 4671 1860 4753 protinus
1882 4667 2050 4750 apparebit
2079 4687 2198 4748 quous-

191 4761 343 4846 gentibus
365 4780 415 4838 36;
437 4756 517 4840 quin
539 4754 733 4837 sapientiam
751 4752 931 4817 humanam
948 4755 1040 4835 quasi
1058 4755 1170 4819 velum
1222 4778 1285 4839 que
1312 4758 1384 4822 illos
1414 4757 1455 4822 ad
1484 4757 1620 4821 rationis
1647 4757 1858 4837 veritatisque
1886 4773 2019 4835 scopum
2049 4750 2196 4816 deduoat.

191 4847 355 4930 quoddam
376 4865 448 4909 esse
469 4846 607 4906 testatus
628 4840 744 4916 firerat,
768 4859 830 4921 quo
851 4860 945 4904 mens
967 4861 987 4903 a
1007 4840 1169 4905 oornendo
1221 4842 1262 4906 161
1284 4864 1410 4925 quoque
1432 4864 1472 4907 ex
1494 4842 1591 4907 Pauli
1611 4843 1720 4907 verbis
1741 4842 1851 4923 liquet,
1876 4840 1903 4902 si
1926 4839 1997 4919 quis
2016 4836 2197 4920 dispositio·

190 4934 263 4998 Deo
290 4929 496 5014 impediatur.
541 4924 630 5007 Quid
657 4923 830 4990 volumus?
866 4914 1065 4990 Proriuntiat
1092 4927 1169 5008 apo-
1223 4950 1299 4992 nem
1320 4929 1479 4993 observet.
1522 4929 1664 4993 Dixerat
1683 4926 1781 5009 paulo
1802 4931 1893 5002 ante,
1917 4946 1971 4988 eos
1992 4924 2048 5005 qui
2069 4924 2104 4987 in
2125 4923 2198 5006 lege

190 5019 294 5084 stolus
323 5022 356 5102 (1
378 5016 451 5081 Cor.
474 5021 501 5093 1,
522 5011 579 5094 20)
606 5011 801 5076 infatuatam
828 5031 849 5074 a
874 5011 948 5075 Deo
975 5011 1169 5092 sapientiam
1221 5021 1442 5097 peecaverunt
1467 5013 1653 5097 perlegam
1674 5011 1828 5089 iudieari3
1857 5011 1913 5092 qui
1935 5011 2005 5073 sine
2026 5008 2099 5093 lege
2123 5029 2197 5091 pee-

192 5105 290 5170 huius
312 5101 440 5168 mundi:
469 5109 503 5166 et
523 5119 582 5163 nos
604 5097 727 5162 soilioot
749 5117 886 5161 aoumen
907 5097 956 5160 illi
976 5088 1167 5175 tribuemus,
1222 5107 1387 5178 eaueumt,
1411 5100 1482 5165 sine
1503 5101 1575 5183 lege
1595 5099 1710 5181 perire.
1745 5097 1818 5162 Hoo
1840 5096 1916 5179 qrria
1937 5101 2064 5177 poterat
2083 5095 2197 5159 absur-

192 5213 255 5273 quo
288 5190 330 5255 ad
357 5189 468 5253 Deum
498 5194 531 5251 et
563 5183 710 5248 coelestis
739 5183 833 5265 regni
868 5181 967 5267 adyta
998 5189 1170 5265 penetrare
1222 5185 1301 5251 dum
1323 5184 1443 5264 videri,
1467 5197 1504 5250 ut
1525 5187 1595 5251 sine
1616 5184 1683 5256 ullo
1704 5182 1822 5248 iudieio
1848 5180 2062 5264 praecedente
2085 5187 2198 5265 gentes

190 5275 315 5359 possit?
347 5276 505 5339 Facessat
524 5294 545 5337 a
566 5269 660 5335 nobis
681 5275 774 5333 tanta
795 5267 955 5333 vecordia
1221 5277 1372 5353 pereant,
1400 5272 1554 5336 continuo
1582 5271 1725 5350 subiioit,
1753 5289 1845 5334 suam
1873 5267 1939 5332 illis
1966 5266 2199 5333 conscientiam
