4770 6030
173 320 255 425 1105'
591 353 691 420 aar.
713 355 792 421 xx.
816 354 925 440 (xv)
968 355 1031 420 nn
1053 352 1276 422 sommas
1296 351 1745 423 summasunmna.
2089 361 2169 421 nos

170 469 532 540 transmeatis.

171 550 318 632 gentium
345 512 506 610 dominari
532 455 615 621 illis,
648 544 735 608 inter
765 544 853 626 ipsos
885 564 964 608 vero
996 566 1063 608 non
1096 545 1146 608 ita
1196 541 1289 604 dmm
1315 539 1376 604 tue
1401 558 1526 606 ammo
1550 543 1712 626 ddipentiu
1740 545 1849 610 intenti
1874 547 2079 630 magistratus
2104 564 2172 611 esee

171 654 255 710 esse,
287 633 343 698 ubi
371 633 427 714 qui
454 631 580 714 primus
608 630 652 692 sit
680 630 751 693 fieri
777 630 950 693 minimum
986 637 1143 712 oporteat,
1196 626 1308 704 ddunt,
1329 646 1369 690 ne
1384 645 1449 706 quc
1465 629 1604 708 inparti
1621 630 1796 709 libntotern
1814 633 1904 696 usius
1917 632 2081 713 praesides
2097 636 2172 697 aurit

171 718 233 782 hac
263 739 341 783 voce
372 716 586 781 interdictum
606 725 656 779 est
683 713 880 779 Christianis
908 716 1072 793 omnibus,
1102 737 1145 780 ne
1197 712 1366 789 wattun,
1394 711 1513 792 minui,
1540 715 1654 778 nedum
1680 718 1793 781 autori
1814 719 2009 799 patiuntur:
2029 719 2059 780 si
2080 718 2116 780 in
2136 737 2172 782 oo

170 824 272 886 regna
294 811 353 867 aut
373 804 594 885 praefecturas
615 808 792 883 capessant.
838 798 1024 865 Odextros
1044 801 1144 864 inter·
1196 802 1269 860 aunt
1290 797 1443 879 seqnnres
1464 802 1492 860 et
1505 819 1626 879 porum
1644 801 1776 881 80111οὴ11,
1789 803 1908 883 perfidi
1924 808 1997 866 nint
2012 803 2047 865 in
2069 801 2172 884 officio

170 890 294 972 protes!
329 889 423 953 Inter
458 887 633 969 discipulos
665 892 737 949 orta
764 895 834 949 erat
857 887 1036 959 contentio,
1070 887 1144 968 quis
1197 883 1366 961 etpotriue
1392 902 1469 945 suae
1489 885 1673 963 proditores.
1726 888 1839 952 Verum
1865 891 1895 952 si
1921 889 1975 953 ior
2001 888 2106 968 ipsum
2127 887 2172 952 ud

149 975 273 1039 ,alium
293 974 519 1056 praecelleret;
540 971 625 1036 hanc
643 992 763 1035 vanam
780 970 990 1035 ambitionem
1007 980 1144 1036 utcom·
1196 988 1229 1031 se
1253 969 1457 1048 nunquan,
1491 970 1604 1049 quibus
1631 971 1788 1037 Dominus
1815 975 1915 1038 atium
1942 973 2175 1057 nomionis

170 1069 318 1143 posceret
329 1059 504 1135 Dominus,
527 1077 641 1121 eorum
661 1056 884 1119 ministerium
901 1075 969 1119 non
987 1076 1144 1138 essereg-
1197 1053 1327 1133 moiun
1349 1052 1501 1131 matut,
1531 1060 1566 1118 ut
1587 1058 1722 1122 indeed
1748 1060 2010 1123 cmmutotmnem
2039 1063 2174 1139 capoten-

171 1147 223 1210 nis
251 1146 357 1208 simile
383 1142 509 1216 docuit,
544 1143 579 1206 in
611 1140 731 1224 quibus
759 1142 847 1205 inter
877 1150 1024 1205 caemros
1057 1162 1145 1206 unus
1196 1140 1271 1203 dnm
1291 1139 1507 1216 asamar,
1526 1160 1587 1205 non
1607 1145 1694 1208 modo
1720 1144 1813 1209 nuto
1835 1146 1893 1208 erit
1912 1151 1940 1209 et
1965 1164 2168 1226 moeremus,

171 1232 302 1296 eminet.
347 1228 441 1309 Quae
463 1227 603 1304 collatio,
627 1225 706 1310 quid
728 1247 848 1309 quaeso
870 1223 912 1288 ad
929 1228 1145 1309 ignominiam
1197 1224 1251 1288 sed
1271 1243 1406 1304 nasus
1432 1226 1528 1289 maio
1553 1228 1647 1291 dmm
1673 1231 1823 1313 coponio.
1867 1229 1963 1311 Quod
1992 1231 2017 1294 si
2047 1251 2113 1294 non
2135 1230 2172 1293 in

171 1317 281 1400 regiae
311 1314 483 1398 dignitatis
510 1311 610 1376 facit?
644 1313 710 1376 imo
738 1310 817 1394 quid
849 1312 984 1375 omnino
1013 1313 1143 1391 evincit,
1196 1330 1298 1373 unam
1315 1307 1478 1373 duntaxat
1495 1310 1661 1378 civitatem
1679 1315 1788 1381 oculos
1805 1315 1937 1400 defigas,
1961 1315 2018 1380 sed
2042 1317 2175 1380 univer·

172 1402 236 1466 nisi
256 1400 386 1483 regium
411 1420 535 1463 munus
563 1398 776 1481 apostolieum
805 1417 873 1460 nen
902 1409 973 1461 esse
994 1398 1144 1461 ministe-
1197 1414 1271 1457 sum
1293 1394 1390 1458 simul
1412 1395 1524 1459 orbem
1546 1397 1788 1484 obcumspicias
1805 1423 1843 1467 ao
1861 1401 2097 1483 contempleris,
2120 1401 2175 1465 vel

171 1487 280 1551 rium?
314 1487 504 1562 Praeterea,
536 1484 625 1547 inter
651 1483 739 1564 ipsos
771 1483 986 1565 magistratus
1012 1483 1145 1548 tametsi
1198 1488 1365 1562 aspectum
1382 1480 1418 1544 in
1436 1480 1584 1563 longiora
1606 1484 1722 1550 saltem
1739 1488 1911 1570 regionum
1929 1488 2034 1569 spatia
2053 1486 2174 1550 diffun-

172 1572 282 1637 variae
310 1580 390 1635 sunt
416 1569 555 1646 ianuae,
591 1569 721 1632 nullum
750 1576 861 1631 tamen
886 1566 1062 1632 discrimen
1083 1569 1145 1632 hae
1199 1564 1266 1642 das,
1289 1566 1467 1648 comperies
1489 1568 1632 1647 profecte
1655 1570 1767 1636 divina
1787 1571 1993 1654 providentia
2010 1570 2091 1635 illud
2109 1593 2175 1636 non

171 1659 209 1722 in
229 1664 323 1740 parte
345 1665 404 1734 est,
428 1655 509 1739 quin
526 1675 586 1736 pro
604 1654 669 1718 Dei
691 1652 860 1717 ordinibus
874 1654 897 1737 ¹)
919 1653 1146 1736 suspiciendae
1198 1651 1256 1715 abs
1277 1673 1313 1715 re
1336 1659 1567 1734 comparatum,
1591 1661 1628 1718 ut
1649 1656 1786 1722 diversis
1807 1657 1928 1740 palitiis
1950 1659 2099 1740 regiones
2117 1679 2175 1722 va·

174 1764 194 1806 a
222 1742 316 1807 nobis
342 1762 456 1805 omnes
484 1741 560 1804 sint.
605 1740 692 1804 Nam
724 1748 757 1802 et
785 1759 899 1803 omnes
931 1740 1029 1804 simul
1057 1760 1145 1804 eom-
1198 1737 1267 1800 riae
1296 1734 1574 1802 administrantia.
1624 1741 1711 1806 Nam
1737 1742 2008 1826 quemadmodum
2043 1743 2175 1807 nonnisi

172 1829 330 1912 plectitur
348 1826 488 1906 Paulus,
517 1847 621 1909 quum
642 1825 689 1888 ait
712 1826 821 1909 (Rom.
845 1829 892 1900 13,
915 1824 962 1908 1),
985 1845 1053 1889 non
1075 1845 1147 1890 esse
1198 1822 1360 1903 inaequali
1389 1830 1611 1903 temperatura
1638 1827 1800 1893 elementa
1823 1831 1910 1893 inter
1931 1850 1966 1893 se
1989 1828 2174 1906 cohaerent,

172 1921 370 1997 potestatem
398 1912 463 1975 nisi
490 1932 510 1974 a
539 1911 627 1990 Deo;
662 1920 696 1973 et
723 1927 807 1993 quae
834 1911 983 1974 omnium
1009 1911 1147 1975 minime
1198 1907 1245 1970 ita
1267 1907 1329 1971 hae
1350 1927 1410 1972 sua
1436 1906 1576 1991 quadam
1603 1911 1834 1996 inaequalitate
1864 1916 1984 1996 optime
2005 1915 2176 1979 continen-

172 1998 346 2075 arridebat,
369 1998 489 2061 eximio
512 2016 590 2079 prae
616 1996 690 2060 aliis
710 1996 899 2060 testimonio
921 1995 1149 2060 commendata
1199 2000 1262 2056 tur.
1308 1991 1504 2075 Quanquam
1532 1993 1613 2061 haec
1643 2000 1742 2064 etiam
1768 2001 1880 2064 omnia
1908 2000 2031 2063 frustra
2050 1999 2103 2062 his
2126 1999 2176 2063 di·

173 2092 236 2149 est:
272 2104 405 2165 nempe,
441 2083 540 2146 unius
568 2091 729 2165 potestas3
764 2101 848 2163 quae
876 2082 954 2164 quia
980 2081 1147 2164 publicam
1199 2085 1331 2155 cuntur,
1365 2078 1482 2159 quibus
1509 2079 1646 2147 Domini
1674 2085 1825 2150 voluntas
1856 2085 2042 2149 saddmiet.
2088 2085 2176 2149 Nam

173 2170 323 2235 omnium
350 2169 547 2232 servitutem
574 2188 686 2231 secum
712 2167 791 2244 fert,
826 2176 963 2249 excepto
991 2188 1059 2231 uno
1087 2167 1146 2231 isso
1200 2163 1228 2227 si
1249 2162 1297 2226 illi
1318 2164 1426 2228 visum
1450 2171 1501 2229 est
1523 2186 1617 2249 reges
1634 2172 1745 2252 regnis
1762 2171 1947 2254 praeficere,
1966 2170 2076 2234 liberis
2095 2169 2175 2234 civi-
2205 2213 2212 2226 ·

72 2282 80 2297 ·
172 2256 267 2320 ouius
288 2253 417 2319 libidini
439 2254 550 2316 omnia
567 2252 707 2330 subiicit,
729 2252 920 2329 horoloiset
938 2253 1147 2317 excellentio-
1199 2248 1322 2313 tatibus
1353 2256 1486 2315 senatus
1522 2258 1581 2314 aut
1612 2252 1817 2334 decuriones,
1858 2276 2064 2338 quoscunque
2096 2255 2176 2321 locis

174 2341 265 2405 ribus
297 2340 440 2422 ingeniis
477 2339 588 2403 urinas
622 2338 704 2402 olim
735 2338 907 2420 approbari
937 2339 1055 2420 potuit.
1101 2339 1148 2403 At
1199 2334 1393 2416 praefecerit
1412 2335 1448 2400 in
1470 2335 1586 2419 quibus
1609 2337 1767 2423 degimus,
1790 2350 1940 2405 nostrum
1962 2349 2021 2419 est,
2049 2342 2092 2405 iis
2114 2361 2174 2406 nos

174 2427 347 2508 scriptura,
367 2446 430 2508 quo
449 2425 571 2507 iniquis
589 2424 662 2487 istis
679 2423 808 2487 iudiciis
834 2432 992 2502 occurrat,
1016 2424 1148 2489 divinae
1199 2420 1378 2503 morigeros
1399 2442 1438 2486 ac
1458 2419 1646 2489 obedientes
1667 2435 1843 2507 praestare.

174 2511 354 2594 sapientiae
387 2509 628 2593 providentiam
661 2529 731 2572 osse
769 2509 965 2572 nominatim
995 2511 1146 2588 affirmat,
1285 2512 1318 2594 8,
1357 2507 1431 2571 Iam
1448 2506 1592 2573 citimum
1609 2512 1861 2594 magistratuum
1877 2512 1973 2594 quale
1990 2513 2090 2578 verbo
2112 2512 2176 2576 Dei

175 2595 262 2681 quod
284 2616 378 2678 reges
399 2604 550 2678 regnant,
573 2602 608 2658 et
629 2594 839 2678 peculiariter
860 2615 974 2679 regem
991 2595 1148 2659 honorari
1200 2589 1403 2670 describitur,
1427 2613 1465 2657 ac
1484 2593 1602 2677 quibus
1624 2596 1658 2660 in
1680 2598 1778 2662 rebus
1796 2599 1896 2661 situm
1914 2599 1964 2675 sit,
1988 2597 2092 2661 obiter
2113 2597 2176 2661 hoc

174 2682 334 2766 praecipit
356 2683 518 2764 (Prov.8,
542 2687 588 2744 15.
616 2681 790 2757 lPetr.2,
812 2680 875 2762 17).
1199 2675 1269 2740 loco
1296 2676 1508 2744 indicandum
1535 2687 1593 2743 est.
1638 2682 1785 2767 Regibus
1817 2681 1991 2747 denuntiat
2018 2681 2176 2746 Ieremias

259 2773 287 2831 t.
332 2769 379 2831 Et
400 2773 479 2831 sane
507 2765 601 2831 valde
637 2766 779 2830 otiosum
806 2766 892 2848 est'2)
920 2765 994 2848 quis
1019 2765 1149 2848 potissi-
1200 2761 1267 2846 (22,
1287 2760 1331 2846 3),
1354 2774 1393 2828 ut
1412 2764 1536 2830 faciam
1557 2765 1714 2833 iudicium
1735 2776 1769 2832 et
1789 2769 1957 2846 iustitiam,
1980 2768 2121 2832 liberent
2141 2768 2177 2832 vi

173 2875 249 2917 mus
270 2853 315 2916 sit
335 2853 483 2935 politiae,
512 2853 547 2916 in
567 2872 683 2932 mque
704 2853 813 2915 neunt
831 2852 901 2930 ioco,
927 2851 1058 2932 futurus
1079 2859 1147 2916 sta·
1199 2867 1391 2929 oppressum
1418 2847 1458 2914 de
1484 2871 1587 2915 manu
1615 2853 1875 2931 calumniatoris,
1910 2853 2121 2936 peregrinum
2143 2860 2178 2916 et

173 2949 238 3016 tus,
261 2959 281 3002 a
301 2939 439 3021 privatis
462 2936 652 3002 hominibus
673 2936 848 3018 disputari:
871 2935 991 3018 quibus
1012 2935 1052 3000 ‹le
1069 2958 1147 3002 eon·
1199 2932 1334 2998 viduam
1356 2943 1391 2999 et
1410 2936 1574 3016 pupillum
1597 2959 1638 3002 ne
1658 2941 1861 3019 contristent,
1890 2961 1931 3003 ne
1952 2939 2105 3002 iniuriam
2128 2937 2176 3002 fa-

175 3022 342 3088 stituenda
374 3045 410 3086 re
443 3024 553 3106 aliqua
587 3021 718 3105 publica
749 3020 928 3086 deliberare
961 3044 1029 3086 non
1061 3023 1145 3088 licet
1200 3019 1296 3098 ciant,
1319 3027 1354 3084 et
1375 3022 1570 3104 sanguinem
1592 3023 1799 3090 innocentem
1820 3047 1862 3090 ne
1879 3023 2058 3089 effundant
2104 3023 2177 3087 Mo-

175 3111 261 3173 'l'um
282 3110 382 3174 etiam
405 3109 597 3191 simpliciter
628 3106 665 3171 id
685 3106 815 3172 deliniri
842 3108 907 3171 nisi
933 3115 1057 3172 temere
1078 3129 1148 3172 nen
1200 3125 1257 3188 ses
1285 3126 1364 3170 vere
1400 3106 1512 3192 (Dent
1537 3110 1563 3185 l,
1586 3111 1640 3193 16)
1666 3111 1882 3194 principibus,
1916 3129 1998 3193 quos
2025 3110 2061 3173 in
2088 3110 2178 3174 viem

174 3195 329 3278 potest,⁸)
352 3216 456 3278 quum
471 3215 593 3277 magna
601 3195 630 3277 ⁴)
643 3193 743 3257 huius
754 3193 987 3276 disputationis
1009 3194 1094 3258 ratio
1111 3194 1147 3258 in
1200 3210 1276 3254 suas
1298 3191 1479 3270 suffecerat,
1502 3193 1607 3281 edicit,
1631 3195 1769 3261 audiant
1789 3217 1921 3262 causam
1940 3196 2080 3259 fratrum
2102 3215 2177 3259 suo·

175 3281 426 3346 circumstantiis
451 3281 556 3362 posita
578 3281 630 3345 sit
680 3279 775 3342 Etsi
798 3280 1004 3361 ipsosetiam
1031 3287 1145 3358 status,
1199 3296 1288 3354 rum,
1322 3286 1356 3340 et
1380 3276 1526 3343 iudicent
1551 3280 1638 3345 inter
1664 3283 1774 3347 virum
1800 3288 1834 3347 et
1860 3283 1996 3346 statrem
2025 3281 2110 3358 eius,
2144 3287 2178 3344 et

175 3368 257 3432 eitra
282 3367 556 3442 circumstantias,
579 3366 665 3428 inter
686 3387 721 3429 se
748 3385 931 3446 compares,
961 3387 1027 3429 non
1052 3365 1147 3431 facile
1197 3363 1417 3446 peregrinum,
1440 3385 1545 3447 noque
1564 3365 1711 3432 faciesa
1757 3375 1870 3433 oseam
1888 3368 1924 3430 in
1944 3365 2078 3445 iudiei0;
2107 3373 2177 3429 tam

175 3453 218 3517 sit
233 3452 416 3518 discernere
432 3451 504 3533 quis
519 3451 659 3516 utilitate
677 3449 922 3533 praeponderet,
945 3451 1025 3515 adeo
1036 3453 1147 3534 aequis
1198 3469 1337 3531 parvum
1359 3469 1458 3531 quam
1486 3471 1644 3535 magnum
1666 3474 1707 3517 au
1733 3454 1817 3532 'ant,
1848 3473 1953 3534 neque
1975 3452 2114 3514 timeant
2135 3448 2177 3514 ab

174 3538 411 3603 conditionibus
432 3536 641 3602 mutendunt.
686 3535 846 3600 Proclivis
873 3545 923 3599 est
944 3557 964 3600 a
984 3558 1085 3621 regno
1110 3539 1147 3601 in
1198 3533 1266 3598 ullo
1288 3535 1374 3598 viro:
1397 3536 1473 3617 quia
1489 3537 1646 3602 iudicium
1664 3537 1729 3602 Dei
1745 3547 1804 3602 est
1838 3537 1903 3602 Illa
1919 3547 2029 3601 autem
2051 3537 2175 3612 omitte,

174 3622 382 3723 tyrannidem
404 3623 528 3704 lapsus;
551 3621 608 3687 sed
630 3642 695 3684 non
717 3620 819 3685 multe
837 3621 1007 3701 difficilior,
1030 3624 1070 3688 ab
1088 3644 1145 3705 op·
1199 3640 1240 3683 ne
1266 3619 1486 3703 multiplicent
1512 3623 1574 3688 sibi
1600 3644 1700 3706 equos
1727 3645 1821 3707 reges
1848 3622 1938 3708 (ibid.
1963 3619 2102 3705 17,1s),
2133 3642 2177 3686 ne

173 3717 325 3773 umatum
357 3714 514 3790 potestate
537 3709 571 3771 in
604 3727 781 3788 paucorum
813 3707 994 3772 factionem.
1039 3708 1146 3773 Multo
1198 3702 1240 3767 ad
1257 3706 1427 3770 avaritiam
1455 3706 1610 3773 adiiciant
1631 3710 1792 3788 ammam,
1820 3731 1862 3773 ne
1883 3708 2054 3772 eleventur
2075 3727 2175 3789 super

172 3815 251 3859 vero
267 3794 441 3860 facillimus
458 3815 478 3856 a
495 3793 644 3876 populari
662 3791 881 3857 dominatione
898 3793 1143 3858 inseditionem.
1197 3790 1317 3854 fratres
1338 3812 1428 3869 suos3
1452 3793 1546 3856 utin
1567 3794 1756 3859 meditanda
1780 3794 1853 3878 lege
1875 3793 2010 3858 Domini
2032 3793 2099 3856 sint
2120 3812 2173 3856 as·
2247 3819 2249 3825 ·

174 3879 330 3961 Equidem
357 3881 386 3944 si
414 3880 449 3942 in
476 3899 508 3944 se
535 3878 764 3942 cominente
792 3883 854 3942 tres
874 3878 962 3956 iliae,
994 3898 1073 3959 quus
1089 3899 1147 3961 po·
1198 3875 1283 3940 sidui
1309 3878 1435 3942 cunctis
1461 3878 1573 3945 diebus
1601 3881 1690 3945 vitae
1713 3899 1799 3944 suae.
1844 3879 1895 3943 Ne
1922 3877 2044 3942 iudices
2065 3878 2172 3960 quivis

173 3972 251 4030 nunt
265 3964 458 4047 philosophi,
485 3965 647 4046 regiminis
667 3964 799 4045 formae,
827 3965 956 4027 minime
971 3967 1146 4047 monuerim
1197 3961 1363 4026 declinent
1385 3962 1427 4027 ad
1448 3964 1586 4030 alteram
1607 3975 1735 4048 partem
1763 3964 1854 4051 (ibid.
1879 3968 1926 4042 16,
1948 3963 2011 4047 19),
2034 3984 2077 4028 ne
2099 3983 2172 4026 mu·

173 4051 219 4115 vet
247 4051 489 4128 minutatum,
521 4051 567 4113 uel
594 4054 793 4130 nmpnutum
818 4070 856 4113 en
881 4050 954 4129 ipso
980 4056 1009 4114 et
1030 4051 1146 4131 politia
1197 4068 1278 4112 nera
1299 4048 1471 4131 accipiant,
1494 4058 1527 4114 et
1548 4072 1631 4133 quae
1657 4052 1780 4134 passim
1801 4052 1838 4114 in
1859 4050 2030 4132 scripturis
2052 4048 2173 4112 similia

173 4141 289 4200 auum
310 4136 386 4200 otiis
405 4136 546 4200 mnibus
567 4136 653 4218 louge
679 4135 829 4198 camiac.
875 4135 1007 4199 Iduum
1027 4137 1146 4216 esperi-
1196 4133 1360 4216 leguntur.
1406 4132 1585 4214 Quoniam,
1618 4137 1654 4200 in
1686 4136 1877 4218 exponendo
1910 4135 1964 4201 hic
1997 4135 2171 4217 magistra-

174 4227 272 4286 mento
293 4223 362 4301 ipso
383 4241 502 4302 suuper
520 4221 841 4303 fuit-comprobatum,
863 4226 927 4283 turn
949 4242 1010 4285 satu
1029 4242 1147 4303 quoque
1197 4230 1292 4283 tuum
1313 4220 1434 4297 officio,
1462 4241 1529 4285 non
1554 4229 1624 4286 tam
1651 4223 1864 4306 magistratus
1889 4223 1979 4305 ipsos
1999 4219 2172 4284 instituere

174 4308 339 4372 autoritne
373 4306 529 4371 Dominus
555 4306 761 4386 eminuerit,
794 4326 890 4386 quum
917 4308 1147 4372 numantiam
1197 4305 1369 4370 consilium
1386 4313 1446 4384 est,
1469 4327 1567 4389 quam
1584 4307 1665 4372 alios
1684 4307 1799 4374 docere
1821 4307 1899 4391 quid
1916 4308 1984 4372 sint
1999 4305 2171 4387 magistra-

167 4393 300 4473 politiue
325 4393 461 4457 urimur
488 4392 573 4473 opud
602 4391 767 4456 Israeliten
793 4393 942 4471 instituit,
971 4413 1067 4473 quum
1095 4413 1147 4476 op-
1198 4398 1260 4468 tus,
1283 4398 1317 4455 ct
1339 4412 1437 4474 quem
1457 4393 1495 4456 in
1515 4394 1615 4456 finem
1638 4395 1749 4459 aDeo
1770 4395 1877 4477 positi.
1911 4389 2071 4455 Videmus
2093 4409 2172 4472 ergo

174 4480 252 4542 turm
278 4480 445 4544 wrtditiorie
471 4497 522 4542 eos
550 4477 658 4542 tubere
679 4478 772 4543 enin.
815 4477 931 4558 Atque,
959 4483 995 4542 ut
1020 4479 1147 4543 libenter
1198 4475 1347 4559 publicae
1362 4477 1579 4557 innocentiae,
1601 4478 1790 4558 modestiae,
1819 4476 1999 4543 honestatis
2021 4496 2058 4540 ac
2080 4483 2172 4537 tran·

172 4564 274 4645 futen
299 4564 421 4628 nultum
448 4584 513 4628 esse
537 4563 769 4646 mundioris
794 4583 892 4644 putus
923 4565 982 4628 isto
1017 4563 1145 4643 beotius
1198 4563 1370 4646 quillitatis
1391 4570 1591 4646 protectores
1613 4566 1712 4630 statui
1731 4585 1768 4629 ac
1786 4563 1940 4639 vindices,
1963 4559 2082 4644 quibus
2101 4567 2171 4623 stu·

173 4651 227 4713 ubi
247 4649 375 4714 libertem
396 4651 438 4714 ud
459 4669 527 4714 earu
544 4670 638 4729 quarn
655 4650 735 4713 deod
750 4649 987 4714 moduaimiem
1003 4655 1047 4714 est
1063 4670 1147 4726 ,coru-
1198 4647 1291 4714 dium
1317 4670 1421 4713 unum
1447 4650 1505 4729 sit,
1535 4651 1700 4715 communi
1733 4651 1881 4715 omnium
1908 4647 2007 4711 saluti
2034 4667 2072 4711 ac
2098 4644 2172 4727 paei

168 4736 283 4817 posita
306 4736 392 4799 etad
408 4737 642 4800 diuturnitatem
663 4737 721 4799 rite
737 4735 910 4812 meua,
928 4735 973 4799 aio
994 4740 1023 4800 et
1038 4736 1147 4801 beatis
1197 4737 1390 4819 prespicors.
1434 4734 1476 4799 Id
1500 4757 1579 4800 vero
1607 4758 1709 4819 quum
1739 4743 1906 4818 praestare
1938 4752 2006 4796 non
2033 4732 2169 4813 possint,

173 4822 270 4884 siuns
291 4841 402 4900 musea
424 4821 537 4903 quibus
557 4821 614 4884 hoe
635 4820 803 4885 anditione
823 4820 893 4900 frui
913 4821 996 4901 ticet;
1016 4827 1044 4886 et
1064 4822 1095 4886 si
1111 4823 1146 4885 in
1197 4821 1262 4885 nisi
1282 4823 1370 4886 viros
1388 4821 1491 4886 bonos
1513 4822 1553 4886 ab
1576 4820 1797 4904 improborum
1815 4818 1943 4883 iniuriis
1962 4816 2167 4899 prohibeant,

173 4927 211 4970 eu
227 4907 435 4972 mnsuuundu
452 4906 669 4988 retinendoque
685 4911 807 4970 snenue
825 4926 862 4969 ao
878 4911 1049 4971 munaum
1064 4907 1146 4973 lobo-
1198 4907 1362 4990 oppressis
1381 4905 1494 4971 adsint
1516 4927 1576 4990 epe
1598 4928 1636 4973 ae
1656 4905 1834 4989 praesidio:
1863 4910 2023 4987 potestate
2049 4920 2168 4983 quoque

173 4997 254 5069 rant,
272 5012 322 5057 eos
337 4992 421 5057 uitii
438 4992 476 5056 ab
493 4991 595 5073 offitio
612 4992 750 5056 alienum
771 4990 873 5071 fasne
894 4993 1026 5058 mundo.
1063 4992 1147 5074 Quin
1197 4992 1315 5056 armati
1336 5000 1422 5071 sunt,
1436 4992 1461 5076 ¹)
1489 5014 1555 5076 qua
1581 4991 1691 5076 palam
1712 4990 1877 5100 maleficos
1903 5010 1940 5054 ac
1968 4988 2173 5054 facinorosos

244 5197 597 5251 lordinationibus1539.
666 5197 697 5263 2)
715 5205 786 5250 essct.
810 5196 879 5250 1543
896 5213 965 5267 seqq.
1035 5197 1065 5264 3)
1083 5216 1144 5268 pos-

173 5264 248 5317 setl
320 5280 389 5335 seqq.
462 5265 493 5332 4)
512 5265 751 5335 praeeipua1539.
1266 5267 1296 5333 1)
1313 5264 1382 5320 1543
1398 5281 1469 5335 seqq.
1488 5265 1572 5319 mule.-
1588 5265 1649 5318 sint.

246 5349 356 5404 Gelani
371 5366 463 5419 opna.
504 5351 561 5407 Vot.
579 5351 604 5404 1.
1930 5347 1965 5402 to
