4770 6030
201 353 279 412 1141
619 347 717 412 ΟΑΡ.
740 347 836 412 XXI.
856 347 1002 431 (XVH.)
1045 349 1108 412 DE
1130 347 1242 411 virs
1264 345 1465 415 HOMINIS
1490 347 1771 416 CHRISTIANI.
2121 356 2201 416 1142
2224 418 2235 430 ‚

197 458 560 529 1166116461.

197 548 340 613 ceretur;
362 536 428 599 imo
451 536 506 618 qui
529 447 772 618 1116116111
800 535 893 599 nulla
915 556 950 598 16
973 535 1167 600 afficeretur.
1221 535 1402 617 perculsus,
1436 537 1576 602 libenter
1601 538 1776 620 effugisset.
1821 537 1981 616 Rursum,
2016 538 2095 603 dum
2124 563 2198 608 suc·

196 625 242 688 Et
263 620 341 703 quid
361 621 426 685 ista
447 621 576 685 sublimi
604 623 764 704 sapientia
791 620 1019 703 profecerunt?
1052 642 1170 703 nempe
1222 620 1388 698 currebat,
1418 624 1481 687 Dei
1502 624 1644 704 imperio,
1661 645 1696 686 se
1719 623 1760 687 ad
1782 644 1855 687 eam
1877 625 2001 701 vocari,
2031 628 2136 692 evicto
2159 650 2197 695 66

196 708 407 772 simulacrum
426 706 603 788 sapientiae
626 708 853 790 depinxerunt,
883 706 969 788 quod
991 728 1096 788 neque
1118 728 1169 770 re·
1220 707 1404 789 proculcato
1426 709 1542 772 timore
1570 708 1708 773 libenter
1735 716 1832 790 atque
1853 709 1933 772 adeo
1956 710 2105 775 hilariter
2123 734 2196 778 661

194 803 324 876 partum
354 803 403 857 est
430 814 575 874 unquam
598 795 684 858 inter
706 793 869 870 homines,
902 813 1007 873 neque
1040 800 1169 856 exstare
1221 793 1358 857 subibat.
1403 795 1477 859 Hoc
1500 815 1578 877 ergo
1601 793 1800 859 studendum
1822 802 1880 870 est,
1904 796 1931 859 si
1950 794 2076 860 Christi
2099 797 2197 865 disci-

194 887 309 963 potest.
356 877 447 957 Quin
468 879 591 959 potius,
622 879 698 942 dum
722 879 821 943 nimis
844 884 993 942 exactam
1016 898 1052 941 ac
1074 899 1168 959 prae-
1220 879 1288 960 puli
1311 881 1570 958 essevolumus,
1606 889 1642 943 ut
1663 889 1755 944 tant-a
1782 880 1845 944 Dei
1872 881 2078 946 observantia
2100 893 2196 966 atque

194 967 295 1030 61161
321 963 512 1046 patientiam
539 963 659 1028 habere
688 964 816 1039 volunt,
847 964 916 1027 eius
938 964 1005 1026 vim
1028 963 1167 1027 sustule-
1220 963 1404 1028 obedientia
1425 965 1614 1029 imbuantur
1642 967 1742 1028 animi
1765 967 1882 1042 nostri,
1912 988 1993 1048 quae
2016 971 2197 1036 contrarias

194 1060 308 1115 runte
330 1051 398 1114 vita
421 1049 575 1113 hnmana.
619 1051 715 1115 Nunc
733 1070 861 1131 quoque
879 1056 956 1114 1611
973 1048 1166 1113 1116101111-
1220 1070 1332 1114 omnes
1355 1051 1540 1115 affectiones
1564 1051 1696 1115 domare
1719 1073 1756 1115 66
1778 1052 1952 1134 subiugare
1974 1053 2043 1116 eius
2065 1054 2198 1120 ordina-

194 1138 316 1201 stianos
343 1136 421 1198 novi
449 1133 566 1212 Stoici,
599 1135 715 1217 quibus
747 1155 814 1197 non
848 1134 942 1198 modo
970 1155 1100 1217 gemere
1129 1155 1166 1200 ac
1219 1136 1301 1199 tioni
1323 1145 1428 1218 queat.
1473 1137 1527 1200 Ita
1554 1139 1611 1201 fiet
1639 1146 1689 1215 ut,
1719 1158 1910 1219 quocunque
1938 1159 2096 1203 vexemur
2125 1162 2199 1206 cru·

194 1225 281 1298 flere,
305 1221 361 1285 sed
389 1220 512 1284 tristari
540 1243 667 1304 quoque
697 1227 729 1284 et
755 1221 931 1285 sollicitum
958 1241 1042 1298 esse,
1072 1222 1166 1285 vitio-
1218 1222 1265 1286 611
1287 1243 1414 1303 genere,
1437 1224 1471 1286 in
1495 1224 1631 1287 summis
1650 1224 1749 1286 etiam
1767 1223 1869 1286 animi
1887 1226 2046 1305 angustiis
2070 1228 2198 1307 patien-

194 1328 266 1372 sum
300 1315 358 1370 est.
410 1308 518 1387 Atque
551 1308 630 1371 haec
663 1305 793 1388 quidem
827 1305 993 1388 paradoxa
1024 1306 1092 1370 fere
1125 1306 1165 1371 ab
1217 1308 1298 1371 tiam
1330 1317 1518 1372 constanter
1550 1310 1757 1372 retineamus.
1801 1308 1869 1372 Res
1902 1310 1989 1372 enim
2021 1311 2110 1391 ipsae
2140 1312 2198 1377 ad-

194 1394 305 1456 otiosis
329 1392 515 1456 hominibus
532 1393 727 1474 procedunt;
756 1392 812 1473 qui
834 1391 1038 1472 speculando,
1060 1393 1165 1476 magis
1216 1413 1330 1457 versae
1350 1394 1517 1459 habebunt
1538 1415 1632 1458 suam
1661 1395 1955 1475 asperitatemque
1980 1395 2197 1463 mordeamur.

193 1500 291 1561 quam
314 1477 448 1559 agend0,
470 1500 504 1541 se
527 1486 725 1553 exercentes,
747 1477 832 1540 nihil
854 1498 953 1558 quam
973 1477 1052 1541 talia
1068 1499 1164 1559 para-
1218 1478 1273 1543 Sic
1300 1481 1413 1544 morbo
1446 1480 1559 1545 afflicti
1596 1485 1629 1542 et
1662 1480 1914 1562 ingemiscemus
1958 1489 1991 1544 et
2027 1483 2197 1563 6111116111-

194 1566 280 1627 doxa
308 1585 423 1645 parere
455 1564 549 1627 nobis
581 1571 713 1645 queunt
765 1563 812 1627 At
844 1562 926 1626 nihil
964 1563 1056 1627 nobis
1089 1585 1165 1628 661
1216 1584 1293 1628 mur
1304 1564 1330 1647 ¹)
1353 1573 1386 1629 et
1412 1567 1585 1630 sanitatem
1611 1571 1815 1646 expetamus3
1844 1566 1890 1630 sic
1918 1574 2061 1649 egestate
2083 1570 2197 1651 pressi,

192 1651 299 1714 ferrea
318 1651 381 1713 ista
401 1649 619 1731 philosophia:
643 1670 741 1731 quam
762 1649 919 1731 magister
941 1668 979 1711 66
999 1647 1164 1714 Dominus
1217 1659 1250 1714 et
1276 1651 1502 1716 sollicitudinis
1529 1660 1562 1715 61
1595 1651 1747 1714 1111111166
1775 1650 1894 1715 aculeis
1920 1654 2197 1737 perstringemur;

194 1746 305 1799 noster
331 1756 395 1800 non
426 1735 526 1799 verbo
556 1744 683 1799 tantum
718 1735 774 1821 sed
802 1734 950 1815 exemplo
979 1735 1078 1797 etiam
1106 1756 1165 1799 suo
1217 1736 1263 1800 sic
1280 1736 1489 1818 ignominiae,
1507 1744 1721 1818 contemptus,
1739 1737 1877 1800 iniuriae
1895 1734 2003 1800 dolore
2025 1739 2181 1804 feriemur
2187 1764 2196 1821 ;

193 1822 370 1886 damnavit.
413 1820 501 1884 Nam
523 1828 555 1884 et
577 1822 644 1885 suis
673 1829 706 1883 61
731 1821 870 1884 aliorum
890 1820 986 1882 malis
1007 1821 1167 1903 ingemuit
1218 1822 1264 1885 sic
1290 1822 1325 1886 in
1347 1823 1525 1888 funeribus
1542 1831 1729 1886 nostrorum
1766 1821 1891 1886 debitas
1925 1833 2062 1888 naturae
2088 1824 2195 1911 lacry-

193 1918 227 1971 et
248 1908 479 1990 illacrymavit,
509 1928 567 1971 nec
595 1906 690 1969 aliter
712 1906 888 1988 discipulos
911 1927 986 1969 1161
1008 1907 1163 1970 instituit:
1217 1928 1288 1971 mas
1317 1907 1522 1972 exsolvemus
1529 1930 1537 1984 ;
1571 1906 1629 1970 sed
1655 1907 1737 1971 haec
1773 1928 1901 1990 semper
1935 1909 1997 1971 erit
2031 1911 2193 1977 clausula:

191 1992 349 2069 mundus,
371 1993 478 2073 inquit
499 1991 603 2075 (Ioan.
627 1997 674 2068 16,
694 1993 760 2075 20),
783 1989 946 2074 gaudebit,
975 2013 1034 2056 vos
1057 2001 1165 2056 autem
1218 1994 1309 2073 atqui
1334 1994 1501 2057 Dominus
1523 1994 1571 2055 ita
1591 1992 1705 2069 voluit,
1729 2013 1806 2074 ergo
1829 1993 1898 2057 eius
1920 1994 2123 2060 voluntatem
2143 2020 2193 2062 se·
2242 2027 2244 2032 ·

191 2080 344 2161 lugebitis
367 2100 404 2142 ae
431 2078 558 2141 flebitis.
604 2079 653 2142 Ac
677 2099 718 2141 ne
743 2079 815 2159 quis
842 2077 922 2139 vitio
950 2077 984 2141 id
1012 2084 1164 2155 verteret,
1217 2099 1364 2159 quamur.
1408 2078 1480 2142 116
1502 2079 1588 2141 inter
1615 2078 1703 2158 ipsas
1731 2077 1850 2143 doloris
1871 2081 2079 2160 punctiones,
2107 2083 2194 2147 inter

191 2165 355 2248 proposito
388 2162 491 2227 edicto
524 2163 658 2246 (Matth.
680 2168 707 2240 5,
734 2164 768 2246 5)
802 2164 912 2226 beatos
941 2164 1167 2244 pronuntiavit
1218 2165 1358 2247 gemitus
1387 2172 1420 2228 et
1449 2164 1620 2248 lacrymas,
1653 2183 1785 2227 necesse
1812 2172 1862 2228 est
1891 2165 2089 2231 interveniat
2112 2169 2192 2234 haec

192 2251 249 2332 qui
287 2251 410 2332 lugent.
466 2248 535 2312 Nec
568 2249 698 2312 mirum.
755 2248 840 2311 Nam
874 2248 901 2311 si
940 2249 1166 2330 improbantur
1218 2251 1385 2333 cogitatio,
1414 2270 1496 2331 quae
1526 2249 1673 2313 animum
1691 2247 1733 2312 ad
1755 2269 1794 2311 ea
1815 2249 1899 2329 ipsa,
1935 2271 2073 2331 quorum
2094 2275 2193 2318 causa

192 2358 305 2400 omncs
328 2336 500 2419 lacrymae,
523 2334 601 2416 quid
623 2333 662 2397 de
684 2335 827 2398 Domino
850 2333 920 2415 ipso
938 2334 1164 2410 iudicabimus,
1219 2338 1264 2400 116
1287 2337 1435 2411 afficitur,
1459 2335 1610 2399 alacriter
1631 2333 1765 2398 ferenda
1784 2334 1926 2397 inclinet.

192 2423 283 2487 cuius
317 2443 335 2485 6
365 2441 497 2501 corpore
530 2422 728 2501 sanguineae
761 2420 925 2502 lacrymae
958 2420 1167 2484 destillarunt
1305 2426 1355 2484 25.
1401 2418 1565 2501 Quoniam
1599 2427 1709 2484 autem
1741 2419 1951 2500 praecipuam
1978 2424 2082 2487 crucis
2113 2425 2193 2489 tole-

192 2507 287 2590 (Luc.
308 2511 358 2583 22,
379 2505 459 2589 4411
488 2504 526 2569 si
546 2506 709 2587 quaelibet
727 2505 865 2569 formido
885 2504 1087 2570 infidelitatis
1107 2528 1166 2570 no·
1218 2508 1340 2572 randae
1360 2508 1520 2570 rationem
1543 2528 1562 2569 a
1585 2505 1716 2569 divinae
1736 2505 1915 2570 voluntatis
1937 2507 2193 2575 consideratione

191 2601 288 2670 tatur,
312 2614 374 2674 quo
396 2591 466 2655 loeo
489 2592 681 2656 habebimus
708 2592 878 2654 horrorem
898 2592 991 2655 illum
1014 2612 1078 2673 quo
1101 2614 1166 2656 non
1219 2594 1432 2676 sumpsimus,
1460 2593 1571 2674 paucis
1594 2590 1815 2655 definiendum
1843 2601 1893 2654 est
1913 2591 1990 2671 quid
2011 2592 2098 2657 inter
2119 2596 2193 2676 phi·
2261 2651 2264 2662 .

190 2679 307 2742 leviter
329 2685 571 2742 consternatum
592 2677 694 2741 fuisse
721 2676 883 2759 legimus?
918 2675 1166 2741 8161111111-
1219 2679 1418 2761 losophioam
1435 2699 1472 2743 66
1489 2679 1703 2742 christianam
1719 2677 1912 2759 patientiam
1928 2679 2066 2741 intersit.
2089 2680 2193 2761 Equi-

192 2765 281 2828 stitia
320 2763 482 2845 displicet,
516 2762 676 2845 quemodo
709 2762 863 2845 placebit,
904 2763 989 2844 quod
1023 2764 1167 2827 animam
1219 2766 1294 2829 dem
1314 2765 1502 2847 paucissimi
1527 2785 1569 2828 ex
1591 2758 1792 2844 philosophis
1815 2781 1852 2825 66
1879 2763 2014 2826 rationis
2038 2785 2193 2830 conscen-

191 2871 286 2914 suam
307 2851 429 2913 fatetur
449 2869 519 2912 esse
541 2848 669 2912 tristem
692 2870 794 2929 usque
813 2847 854 2912 ad
873 2856 1012 2913 mortem
1031 2849 1165 2932 (Matth.
1219 2851 1353 2927 derunt,
1387 2858 1425 2913 11
1445 2871 1546 2913 1611
1572 2849 1636 2913 Dei
1666 2868 1725 2911 nos
1756 2847 1900 2911 exerceri
1922 2868 1980 2928 per
2001 2849 2192 2916 afflictiones

191 2939 241 3014 26,
262 2935 339 3019 38)‘l
1219 2937 1440 3019 intelligerent
1467 2943 1499 2998 et
1526 2936 1599 2999 Dec
1628 2934 1690 2998 hac
1720 2934 1756 2998 in
1782 2939 1875 3014 parte
1902 2934 2193 3015 obtemperandum

277 3024 326 3082 24.
370 3021 461 3085 Η666
490 3041 527 3083 66
556 3019 662 3085 dicere
689 3020 793 3096 volui,
830 3026 868 3082 ut
894 3021 964 3101 pios
992 3021 1118 3085 animos
1147 3042 1167 3085 a
1219 3027 1396 3087 censerent.
1442 3018 1509 3084 Sed
1529 3019 1578 3084 illi
1600 3040 1728 3101 quoque
1748 3020 1812 3102 ipsi
1834 3040 1902 3082 non
1923 3019 2021 3082 aliam
2049 3021 2192 3086 afferunt

191 3107 414 3188 desperatione
448 3126 635 3170 revocarem
642 3130 649 3183 ;
679 3127 721 3170 ne
755 3105 860 3169 studio
893 3107 1069 3188 patientiae
1094 3106 1166 3170 ideo
1220 3109 1394 3185 rationem,
1427 3107 1491 3170 nisi
1527 3107 1604 3187 quia
1632 3106 1679 3168 ita
1709 3125 1841 3169 necesse
1867 3105 1918 3169 sit
1963 3103 2051 3185 Quid
2079 3115 2191 3172 autem

190 3192 341 3274 protinus
370 3193 575 3268 renuntient,
604 3191 690 3273 quod
718 3193 903 3256 naturalem
925 3191 1045 3256 doloris
1067 3192 1164 3256 affec·
1218 3193 1305 3259 istud
1328 3201 1377 3256 est
1399 3192 1515 3270 dicere,
1538 3191 1603 3255 nisi
1626 3189 1807 3256 cedendum
1827 3211 1897 3255 esse
1919 3191 2000 3268 Deo,
2023 3193 2100 3272 quia
2120 3193 2191 3257 fru-
2287 3230 2289 3236 =

190 3284 261 3342 tum
279 3298 398 3341 exuero
420 3298 486 3340 non
506 3286 650 3360 possunt.
696 3276 793 3357 Quod
813 3300 944 3343 necesse
962 3286 1013 3341 est
1033 3279 1165 3343 evenire
1219 3288 1288 3344 stra
1324 3276 1501 3343 contendas
1540 3275 1718 3341 obluctari?
1774 3276 1861 3340 Nam
1898 3276 1926 3340 si
1958 3276 2030 3340 Deo
2061 3284 2191 3344 tantum

191 3364 245 3440 iis,
275 3363 332 3445 qui
355 3384 397 3426 ex
423 3364 582 3445 patientia
604 3371 785 3445 stuporem,
818 3385 859 3426 ex
882 3364 1014 3427 homine
1034 3363 1112 3427 forti
1133 3371 1165 3429 61
1218 3386 1370 3446 paremus
1392 3365 1469 3445 quia
1490 3383 1621 3427 necesse
1639 3369 1701 3426 est:
1726 3362 1754 3425 si
1775 3361 1913 3426 evadere
1934 3361 2045 3440 liceat,
2075 3384 2190 3444 parere

191 3451 354 3513 constanti
381 3450 524 3531 stipitem
555 3449 686 3513 faciunt.
740 3448 871 3513 Sanctis
903 3450 991 3513 enim
1022 3448 1164 3513 1116161-
1218 3451 1411 3514 desinemus.
1457 3447 1630 3530 Scriptura
1652 3454 1763 3511 autem
1784 3447 1880 3529 longe
1903 3446 1991 3511 aliud
2018 3449 2053 3511 in
2073 3447 2190 3513 volun-'

190 3535 256 3598 tiao
277 3535 407 3597 laudem
430 3536 534 3598 defert
556 3536 725 3616 scriptura,
755 3535 833 3599 dum
854 3535 901 3598 ita
923 3535 1083 3599 malorum
1104 3534 1164 3598 du·
1217 3544 1284 3600 tate
1311 3536 1376 3600 Dei
1410 3533 1615 3600 considerare
1644 3533 1747 3597 iubet:
1781 3552 1899 3614 nempe
1931 3533 2090 3597 iustitiam
2122 3536 2191 3616 pri-

189 3621 265 3684 ritia
283 3621 495 3697 afflictantur,
524 3629 561 3683 ut
590 3642 656 3684 non
677 3622 872 3703 frangantur
893 3642 953 3685 nec
976 3620 1148 3685 concidant
1155 3645 1163 3699 ;
1216 3643 1307 3685 mum
1328 3629 1361 3685 et
1380 3621 1591 3703 aequitatem,
1621 3617 1739 3682 deinde
1767 3617 1882 3682 salutis
1909 3626 2039 3682 nostrae
2067 3640 2189 3684 curam.

188 3706 235 3769 ita
258 3705 474 3769 amaritudine
499 3714 709 3788 punguntur,
734 3718 772 3769 ut
798 3707 895 3770 simul
922 3706 1164 3789 perfundantur
1215 3705 1413 3772 Huiusmodi
1436 3726 1513 3789 ergo
1541 3704 1583 3768 ad
1604 3704 1796 3786 patientiam
1822 3710 1898 3767 sunt
1919 3703 2115 3768 christianae
2132 3727 2190 3770 611-

189 3791 350 3873 spirituali
373 3792 491 3872 gaudio
497 3816 506 3870 ;
535 3793 581 3854 ita
609 3800 803 3874 premuntur
824 3794 1006 3870 anxietate,
1040 3803 1078 3856 ut
1099 3792 1163 3856 Dei
1215 3794 1423 3857 hortationes.
1453 3789 1532 3856 Sive
1551 3796 1735 3872 paupertas,
1758 3790 1826 3854 sive
1849 3789 2008 3866 exsilium,
2032 3791 2100 3854 sive
2118 3811 2189 3854 661-

188 3876 409 3940 consolatione
434 3878 608 3941 exhilarati
635 3878 804 3959 respirent.
850 3878 988 3941 Interim
1012 3887 1164 3943 versatur
1215 3875 2190 3957 6611116661111611111161611111,11166111161,161

188 3962 223 4024 in
246 3983 358 4024 eorum
389 3962 539 4026 cordibus
567 3963 625 4026 illa
652 3965 884 4045 repugnantia,
918 3962 1004 4045 quod
1026 3973 1163 4028 1611166
1216 3963 1293 4047 quid
1316 3963 1404 4028 aliud
1426 3963 1532 4026 simile
1554 3983 1613 4026 nos
1631 3961 1761 4038 cruciat,
1784 3959 1993 4042 cogitandum
2011 3961 2093 4024 nihil
2111 3963 2189 4025 isto-

189 4069 313 4122 sensus,
337 4049 504 4128 quaesibi
527 4048 793 4124 sentitadversa,
825 4051 945 4131 refugit
967 4057 1064 4131 atque
1087 4049 1162 4113 hor·
1215 4071 1289 4115 rum
1322 4049 1467 4114 accidere
1507 4048 1573 4112 nisi
1612 4054 1696 4110 nutu
1729 4067 1767 4110 ao
1799 4045 2004 4127 providentia
2035 4046 2188 4127 Domini3

189 4140 248 4208 ret,
272 4133 402 4213 pietatis
426 4142 534 4197 autem
564 4135 698 4199 affectus
727 4133 767 4198 ad
793 4134 1009 4199 obedientiam
1032 4134 1162 4200 divinae
1215 4156 1312 4218 porro
1348 4136 1458 4199 Deum
1491 4136 1598 4215 ipsum
1634 4131 1719 4194 nihil
1759 4132 1822 4195 nisi
1859 4131 2037 4195 iustissimo
2074 4130 2188 4196 ordine

190 4219 369 4282 voluntatis
408 4221 506 4282 etiam
546 4242 605 4302 per
644 4220 704 4283 bas
740 4220 945 4284 difficultates
984 4221 1160 4285 contendit.
1215 4242 1321 4305 agere.
1366 4219 1455 4301 Quid
1476 4219 1584 4284 enim?
1607 4220 1729 4282 Annon
1750 4217 1924 4291 innumera
1946 4239 1983 4282 ae
2001 4215 2188 4298 quotidiana

189 4304 286 4368 Hanc
319 4307 568 4386 repugnantiam
602 4307 762 4388 expressit
789 4307 952 4369 Dominus
984 4327 1084 4388 quum
1116 4308 1163 4370 ita
1215 4315 1326 4371 nostra
1355 4305 1472 4370 delicta
1498 4311 1724 4386 promerentur
1751 4304 1896 4368 severius
1923 4324 1960 4366 66
1983 4301 2188 4384 gravioribus

189 4390 378 4471 loqueretur
397 4391 496 4454 Petro
520 4392 696 4475 (166121,
720 4392 787 4475 18);
813 4412 914 4472 quum
936 4413 1023 4455 esses
1042 4393 1159 4470 iunior,
1214 4393 1328 4458 ferulis
1349 4391 1510 4474 castigari,
1540 4411 1638 4473 quam
1666 4409 1749 4472 quae
1770 4388 1863 4452 nobis
1885 4389 1925 4453 ab
1951 4388 2020 4451 eius
2046 4387 2187 4451 clemen·

189 4475 342 4557 cingebas
362 4482 393 4538 te
416 4485 449 4539 61
471 4477 659 4541 ambulabas
681 4497 744 4558 quo
767 4476 902 4555 libebat;
931 4499 1033 4560 quum
1052 4485 1162 4541 autem
1214 4480 1260 4542 tia
1285 4475 1502 4562 infliguntur?
1547 4477 1669 4539 Annon
1696 4475 1927 4557 aequissimum
1957 4479 2020 4548 est,
2055 4494 2187 4536 carnem

190 4562 345 4637 senueris,
366 4563 553 4644 praecinget
574 4571 605 4626 te
631 4563 715 4626 alius
738 4570 770 4625 et
797 4562 893 4626 ducet
922 4585 986 4644 quo
1014 4585 1080 4627 non
1102 4566 1160 4628 vis.
1213 4575 1358 4630 nostram
1380 4561 1505 4627 domari
1527 4568 1560 4625 et
1581 4560 1682 4626 veluti
1709 4561 1784 4643 iugo
1813 4558 1992 4635 assuefieri,
2016 4579 2058 4620 ne
2080 4556 2186 4621 libidi-

189 4648 266 4710 Non
298 4655 348 4710 est
380 4669 458 4710 sane
490 4648 666 4712 verisimile
703 4650 855 4727 Petrum,
890 4670 991 4730 quum
1031 4671 1161 4714 necesse
1213 4673 1291 4715 1616
1317 4670 1375 4732 pro
1403 4669 1460 4712 suo
1491 4648 1622 4729 ingenio
1653 4645 1809 4710 ferociat?
1853 4645 1975 4706 Annon
2006 4641 2106 4725 digna
2137 4650 2187 4708 611

190 4740 275 4797 61161
296 4732 476 4816 glorificare
497 4734 607 4797 Deum
628 4755 686 4816 per
708 4744 860 4812 mortem,
890 4735 1161 4800 1111116616-
1213 4738 1337 4800 iustitia
1359 4743 1392 4799 et
1412 4734 1533 4798 veritas
1551 4733 1615 4796 Dei
1633 4732 1723 4795 ouius
1745 4750 1842 4795 eausa
1859 4728 2065 4792 laboremus?
2089 4726 2186 4809 Quod

190 4820 357 4883 stitantem
379 4840 416 4881 eo
442 4829 583 4884 tractum
616 4841 700 4899 esse;
735 4821 853 4902 alioqui
882 4842 1001 4903 parum
1028 4822 1162 4886 haberet
1214 4823 1241 4886 si
1273 4821 1408 4886 indubia
1439 4821 1504 4884 Dei
1533 4819 1677 4900 aequitas
1709 4817 1745 4878 in
1779 4814 2005 4878 afflictionibus
2039 4822 2183 4896 apparet,

190 4902 295 4968 laudis
332 4906 403 4969 eius
441 4906 645 4990 martyrium.
702 4907 828 4970 Verum
859 4919 1023 4989 utcunque
1056 4908 1162 4973 cordis
1213 4929 1278 4971 non
1299 4927 1471 4989 possumus
1492 4905 1561 4969 sine
1582 4901 1753 4984 iniquitate
1780 4898 1834 4965 vel
1855 4901 2102 4964 obmurmurare
2131 4899 2186 4965 vel

190 5009 317 5051 summa
338 4991 506 5055 alacritate
533 4991 663 5056 divinae
691 4991 885 5056 ordinationi
914 5002 1059 5074 pareret,
1086 4995 1162 5075 quia
1214 4993 1379 5058 obluctari.
1423 4991 1498 5056 Non
1532 4986 1682 5052 audimus
1709 4987 1776 5050 iam
1808 4985 1898 5048 illam
1926 4985 2080 5068 frigidam
2107 5006 2185 5049 can·

189 5079 298 5168 tamen
319 5075 556 5141 humanitatem
578 5099 644 5141 non
670 5085 820 5155 exuerat,
851 5079 972 5161 duplici
993 5079 1161 5144 voluntate
1216 5137 1220 5140 .
1247 5134 1417 5141 ..-q—-

190 5155 453 5261 distringebatur.
498 5163 585 5226 Nam
608 5163 686 5227 dum
708 5174 875 5229 cruentam
899 5165 990 5264 illam
1011 5174 1159 5241 mortem,
1282 5198 1310 5264 l)
1330 5196 1398 5249 1543
1427 5198 1536 5250 vitiose:
1564 5192 1758 5261 qnietabimur,
1788 5192 1852 5244 ind,
1872 5191 2038 5258 posteriores
2066 5207 2100 5244 ,ω
2122 5206 2186 5245 00...

191 5262 290 5324 quam
311 5254 381 5308 erat
401 5246 557 5327 ob1turus,
580 5270 639 5331 per
661 5272 695 5314 se
717 5251 901 5332 reputabat,
930 5272 1000 5315 6111
1026 5251 1161 5316 horrore
1199 5268 1316 5320 sectura
1333 5265 1550 5334 inquietabimur.

1923 5343 1980 5397 72*
