<?xml version="1.0" encoding="UTF-8"?>
<!DOCTYPE html PUBLIC "-//W3C//DTD XHTML 1.0 Transitional//EN"
    "http://www.w3.org/TR/xhtml1/DTD/xhtml1-transitional.dtd">
<html xmlns="http://www.w3.org/1999/xhtml" xml:lang="en" lang="en">
 <head>
  <title>
</title>
<meta http-equiv="Content-Type" content="text/html;charset=utf-8" />
  <meta name='ocr-system' content='tesseract 3.04.00' />
  <meta name='ocr-capabilities' content='ocr_page ocr_carea ocr_par ocr_line ocrx_word'/>
</head>
<body>
  <div class='ocr_page' id='page_1' title='image "./ioanniscalvinio05calvgoog_0617.png"; bbox 0 0 4770 6030; ppageno 0'>
   <div class='ocr_carea' id='block_1_1' title="bbox 218 315 2225 390">
    <p class='ocr_par' dir='ltr' id='par_1_1' title="bbox 218 315 2225 390">
     <span class='ocr_line' id='line_1_1' title="bbox 218 315 2225 390; baseline -0.004 -2"><span class='ocrx_word' id='word_1_1' title='bbox 218 324 302 390; x_wconf 77' lang='lat'>1095</span> <span class='ocrx_word' id='word_1_2' title='bbox 793 318 1058 386; x_wconf 71' lang='lat' dir='ltr'>INS&#39;H&#39;PUTIO</span> <span class='ocrx_word' id='word_1_3' title='bbox 1080 319 1186 384; x_wconf 76' lang='lat' dir='ltr'>REL.</span> <span class='ocrx_word' id='word_1_4' title='bbox 1210 315 1391 384; x_wconf 73' lang='lat' dir='ltr'>CHRISh.</span> <span class='ocrx_word' id='word_1_5' title='bbox 1417 317 1646 383; x_wconf 79' lang='lat'>1539-1554.</span> <span class='ocrx_word' id='word_1_6' title='bbox 2140 315 2225 380; x_wconf 84' lang='lat'>1096</span> 
     </span>
    </p>
   </div>
   <div class='ocr_carea' id='block_1_2' title="bbox 188 415 2284 3246">
    <p class='ocr_par' dir='ltr' id='par_1_2' title="bbox 188 415 2229 1279">
     <span class='ocr_line' id='line_1_2' title="bbox 2115 427 2227 483; baseline 0.018 -3"><span class='ocrx_word' id='word_1_7' title='bbox 2115 427 2227 483; x_wconf 77' lang='lat' dir='ltr'>Atll.</span> 
     </span>
     <span class='ocr_line' id='line_1_3' title="bbox 216 415 2227 595; baseline -0.004 -17"><span class='ocrx_word' id='word_1_8' title='bbox 216 511 517 595; x_wconf 77' lang='lat' dir='ltr'>repraesentabant.</span> <span class='ocrx_word' id='word_1_9' title='bbox 563 507 620 575; x_wconf 83' lang='lat' dir='ltr'>Sic</span> <span class='ocrx_word' id='word_1_10' title='bbox 636 505 755 588; x_wconf 87' lang='lat' dir='ltr'>Iacob,</span> <span class='ocrx_word' id='word_1_11' title='bbox 782 507 1014 574; x_wconf 89' lang='lat' dir='ltr'>benedicturus</span> <span class='ocrx_word' id='word_1_12' title='bbox 1036 507 1197 591; x_wconf 82' lang='lat' dir='ltr'>Ephraim</span> <span class='ocrx_word' id='word_1_13' title='bbox 1247 525 1364 589; x_wconf 91' lang='lat' dir='ltr'>perum</span> <span class='ocrx_word' id='word_1_14' title='bbox 1392 526 1505 570; x_wconf 90' lang='lat' dir='ltr'>eorum</span> <span class='ocrx_word' id='word_1_15' title='bbox 1525 505 1643 571; x_wconf 86' lang='lat' dir='ltr'>viduae</span> <span class='ocrx_word' id='word_1_16' title='bbox 1664 506 1923 590; x_wconf 81' lang='lat' dir='ltr'>negligerentur,</span> <span class='ocrx_word' id='word_1_17' title='bbox 1947 415 2227 588; x_wconf 78' lang='lat' dir='ltr'>aposteli,[excu·</span> 
     </span>
     <span class='ocr_line' id='line_1_4' title="bbox 218 591 2229 679; baseline -0.004 -17"><span class='ocrx_word' id='word_1_18' title='bbox 218 604 253 662; x_wconf 90' lang='lat' dir='ltr'>et</span> <span class='ocrx_word' id='word_1_19' title='bbox 270 599 433 673; x_wconf 89' lang='grc' dir='ltr'>Μ666666,</span> <span class='ocrx_word' id='word_1_20' title='bbox 456 616 571 659; x_wconf 88' lang='grc'>661661</span> <span class='ocrx_word' id='word_1_21' title='bbox 591 594 751 677; x_wconf 77' lang='lat' dir='ltr'>capitibus</span> <span class='ocrx_word' id='word_1_22' title='bbox 773 615 908 659; x_wconf 89' lang='lat' dir='ltr'>manum</span> <span class='ocrx_word' id='word_1_23' title='bbox 925 594 1079 677; x_wconf 85' lang='lat' dir='ltr'>imposuit</span> <span class='ocrx_word' id='word_1_24' title='bbox 1096 593 1196 679; x_wconf 82' lang='lat' dir='ltr'>(Gen.</span> <span class='ocrx_word' id='word_1_25' title='bbox 1249 598 1359 656; x_wconf 87' lang='lat' dir='ltr'>santes</span> <span class='ocrx_word' id='word_1_26' title='bbox 1391 612 1426 656; x_wconf 90' lang='lat' dir='ltr'>se</span> <span class='ocrx_word' id='word_1_27' title='bbox 1455 612 1522 655; x_wconf 94' lang='grc'>666</span> <span class='ocrx_word' id='word_1_28' title='bbox 1554 612 1648 675; x_wconf 91' lang='lat' dir='ltr'>posse</span> <span class='ocrx_word' id='word_1_29' title='bbox 1680 593 1828 657; x_wconf 88' lang='lat' dir='ltr'>sufficere</span> <span class='ocrx_word' id='word_1_30' title='bbox 1858 592 1988 674; x_wconf 90' lang='lat' dir='ltr'>utrique</span> <span class='ocrx_word' id='word_1_31' title='bbox 2014 591 2158 668; x_wconf 90' lang='lat' dir='ltr'>muneri,</span> <span class='ocrx_word' id='word_1_32' title='bbox 2193 596 2229 655; x_wconf 92' lang='lat' dir='ltr'>et</span> 
     </span>
     <span class='ocr_line' id='line_1_5' title="bbox 219 675 2228 766; baseline -0.004 -18"><span class='ocrx_word' id='word_1_33' title='bbox 219 679 272 762; x_wconf 70' lang='grc'>48,</span> <span class='ocrx_word' id='word_1_34' title='bbox 293 682 357 766; x_wconf 84' lang='grc'>14).</span> <span class='ocrx_word' id='word_1_35' title='bbox 382 680 466 762; x_wconf 80' lang='lat' dir='ltr'>Quo,</span> <span class='ocrx_word' id='word_1_36' title='bbox 488 687 527 745; x_wconf 90' lang='lat' dir='ltr'>ut</span> <span class='ocrx_word' id='word_1_37' title='bbox 546 681 696 759; x_wconf 89' lang='lat' dir='ltr'>arbitrer,</span> <span class='ocrx_word' id='word_1_38' title='bbox 718 681 904 764; x_wconf 87' lang='lat' dir='ltr'>significatu</span> <span class='ocrx_word' id='word_1_39' title='bbox 923 679 1038 744; x_wconf 91' lang='lat' dir='ltr'>Iudaei</span> <span class='ocrx_word' id='word_1_40' title='bbox 1056 679 1198 763; x_wconf 81' lang='lat' dir='ltr'>exlegis</span> <span class='ocrx_word' id='word_1_41' title='bbox 1248 675 1482 758; x_wconf 85' lang='lat' dir='ltr'>praedicationi</span> <span class='ocrx_word' id='word_1_42' title='bbox 1508 678 1601 742; x_wconf 88' lang='grc'>16111</span> <span class='ocrx_word' id='word_1_43' title='bbox 1631 684 1664 742; x_wconf 89' lang='grc'>61</span> <span class='ocrx_word' id='word_1_44' title='bbox 1684 698 1873 742; x_wconf 88' lang='grc'>1666661616</span> <span class='ocrx_word' id='word_1_45' title='bbox 1896 676 2093 755; x_wconf 89' lang='grc'>61161616116,</span> <span class='ocrx_word' id='word_1_46' title='bbox 2121 677 2228 760; x_wconf 89' lang='lat' dir='ltr'>petie-</span> 
     </span>
     <span class='ocr_line' id='line_1_6' title="bbox 219 761 2228 852; baseline -0.003 -19"><span class='ocrx_word' id='word_1_47' title='bbox 219 768 418 852; x_wconf 86' lang='lat' dir='ltr'>praeseripte</span> <span class='ocrx_word' id='word_1_48' title='bbox 441 766 537 852; x_wconf 80' lang='grc'>(1161.</span> <span class='ocrx_word' id='word_1_49' title='bbox 560 771 586 844; x_wconf 92' lang='lat' dir='ltr'>l,</span> <span class='ocrx_word' id='word_1_50' title='bbox 606 771 625 828; x_wconf 83' lang='grc'>4</span> <span class='ocrx_word' id='word_1_51' title='bbox 644 773 704 831; x_wconf 88' lang='grc'>616.</span> <span class='ocrx_word' id='word_1_52' title='bbox 731 765 829 830; x_wconf 89' lang='grc' dir='ltr'>Ν616.</span> <span class='ocrx_word' id='word_1_53' title='bbox 848 770 877 844; x_wconf 89' lang='lat'>8,</span> <span class='ocrx_word' id='word_1_54' title='bbox 902 770 941 828; x_wconf 91' lang='grc'>10</span> <span class='ocrx_word' id='word_1_55' title='bbox 947 789 956 844; x_wconf 84' lang='grc'><strong>;</strong></span> <span class='ocrx_word' id='word_1_56' title='bbox 979 769 1030 843; x_wconf 85' lang='lat'>27,</span> <span class='ocrx_word' id='word_1_57' title='bbox 1050 763 1106 850; x_wconf 80' lang='lat'>23)</span> <span class='ocrx_word' id='word_1_58' title='bbox 1130 765 1199 829; x_wconf 90' lang='lat' dir='ltr'>suis</span> <span class='ocrx_word' id='word_1_59' title='bbox 1249 761 1601 831; x_wconf 83' lang='grc'>16616616111161166</span> <span class='ocrx_word' id='word_1_60' title='bbox 1627 769 1664 827; x_wconf 92' lang='lat' dir='ltr'>ut</span> <span class='ocrx_word' id='word_1_61' title='bbox 1692 764 1754 828; x_wconf 94' lang='lat' dir='ltr'>sibi</span> <span class='ocrx_word' id='word_1_62' title='bbox 1776 763 1937 847; x_wconf 90' lang='lat' dir='ltr'>eligerent</span> <span class='ocrx_word' id='word_1_63' title='bbox 1964 764 2051 828; x_wconf 90' lang='grc'>11166</span> <span class='ocrx_word' id='word_1_64' title='bbox 2073 763 2228 845; x_wconf 87' lang='grc'>61616166</span> 
     </span>
     <span class='ocr_line' id='line_1_7' title="bbox 219 847 2228 933; baseline -0.003 -15"><span class='ocrx_word' id='word_1_65' title='bbox 219 853 436 919; x_wconf 86' lang='lat' dir='ltr'>oblationibus</span> <span class='ocrx_word' id='word_1_66' title='bbox 467 872 604 916; x_wconf 90' lang='lat' dir='ltr'>manum</span> <span class='ocrx_word' id='word_1_67' title='bbox 636 852 878 933; x_wconf 86' lang='lat' dir='ltr'>imponebant&#39;</span> <span class='ocrx_word' id='word_1_68' title='bbox 912 849 1024 931; x_wconf 79' lang='lat' dir='ltr'>Quare</span> <span class='ocrx_word' id='word_1_69' title='bbox 1062 849 1200 933; x_wconf 91' lang='lat' dir='ltr'>apostoli</span> <span class='ocrx_word' id='word_1_70' title='bbox 1250 855 1389 930; x_wconf 90' lang='lat' dir='ltr'>septem,</span> <span class='ocrx_word' id='word_1_71' title='bbox 1417 848 1533 929; x_wconf 88' lang='lat' dir='ltr'>quibus</span> <span class='ocrx_word' id='word_1_72' title='bbox 1560 847 1594 912; x_wconf 94' lang='lat' dir='ltr'>id</span> <span class='ocrx_word' id='word_1_73' title='bbox 1618 849 1725 932; x_wconf 90' lang='lat' dir='ltr'>operis</span> <span class='ocrx_word' id='word_1_74' title='bbox 1753 848 1996 932; x_wconf 82' lang='lat' dir='ltr'>demandarent</span> <span class='ocrx_word' id='word_1_75' title='bbox 2041 848 2096 913; x_wconf 82' lang='lat' dir='ltr'>Iln</span> <span class='ocrx_word' id='word_1_76' title='bbox 2118 847 2228 912; x_wconf 91' lang='lat' dir='ltr'>diaeo-</span> 
     </span>
     <span class='ocr_line' id='line_1_8' title="bbox 219 933 2228 1024; baseline -0.003 -21"><span class='ocrx_word' id='word_1_77' title='bbox 219 937 280 1024; x_wconf 88' lang='lat' dir='ltr'>per</span> <span class='ocrx_word' id='word_1_78' title='bbox 301 959 458 1002; x_wconf 91' lang='lat' dir='ltr'>manuum</span> <span class='ocrx_word' id='word_1_79' title='bbox 480 937 720 1020; x_wconf 89' lang='lat' dir='ltr'>impositionem</span> <span class='ocrx_word' id='word_1_80' title='bbox 747 959 822 1001; x_wconf 93' lang='lat' dir='ltr'>eum</span> <span class='ocrx_word' id='word_1_81' title='bbox 844 957 879 1002; x_wconf 92' lang='lat' dir='ltr'>se</span> <span class='ocrx_word' id='word_1_82' title='bbox 899 937 972 1001; x_wconf 91' lang='lat' dir='ltr'>Deo</span> <span class='ocrx_word' id='word_1_83' title='bbox 994 937 1111 1001; x_wconf 86' lang='lat' dir='ltr'>efferre</span> <span class='ocrx_word' id='word_1_84' title='bbox 1133 937 1199 1018; x_wconf 89' lang='lat' dir='ltr'>sig·</span> <span class='ocrx_word' id='word_1_85' title='bbox 1249 954 1368 998; x_wconf 88' lang='lat' dir='ltr'>norum</span> <span class='ocrx_word' id='word_1_86' title='bbox 1400 933 1557 1010; x_wconf 90' lang='lat' dir='ltr'>officium,</span> <span class='ocrx_word' id='word_1_87' title='bbox 1588 954 1769 1017; x_wconf 87' lang='lat' dir='ltr'>pauperum</span> <span class='ocrx_word' id='word_1_88' title='bbox 1790 956 1919 1018; x_wconf 37' lang='lat' dir='ltr'>,curam</span> <span class='ocrx_word' id='word_1_89' title='bbox 1952 944 2065 1018; x_wconf 86' lang='lat' dir='ltr'>gerere</span> <span class='ocrx_word' id='word_1_90' title='bbox 2096 933 2228 1016; x_wconf 90' lang='lat' dir='ltr'>illisque</span> 
     </span>
     <span class='ocr_line' id='line_1_9' title="bbox 192 1017 2228 1106; baseline -0.003 -16"><span class='ocrx_word' id='word_1_91' title='bbox 192 1024 399 1105; x_wconf 43' lang='lat' dir='ltr'>‚nificebant</span> <span class='ocrx_word' id='word_1_92' title='bbox 419 1024 473 1089; x_wconf 88' lang='lat' dir='ltr'>eui</span> <span class='ocrx_word' id='word_1_93' title='bbox 494 1044 613 1087; x_wconf 90' lang='lat' dir='ltr'>manus</span> <span class='ocrx_word' id='word_1_94' title='bbox 635 1022 853 1104; x_wconf 87' lang='lat' dir='ltr'>imponebant</span> <span class='ocrx_word' id='word_1_95' title='bbox 899 1020 989 1102; x_wconf 80' lang='lat' dir='ltr'>Quid</span> <span class='ocrx_word' id='word_1_96' title='bbox 1010 1021 1132 1106; x_wconf 83' lang='lat' dir='ltr'>igitur?</span> <span class='ocrx_word' id='word_1_97' title='bbox 1155 1042 1198 1086; x_wconf 90' lang='grc'>66</span> <span class='ocrx_word' id='word_1_98' title='bbox 1249 1019 1451 1097; x_wconf 89' lang='lat' dir='ltr'>ministrare,</span> <span class='ocrx_word' id='word_1_99' title='bbox 1480 1018 1568 1083; x_wconf 92' lang='lat' dir='ltr'>unde</span> <span class='ocrx_word' id='word_1_100' title='bbox 1596 1026 1629 1083; x_wconf 90' lang='lat' dir='ltr'>et</span> <span class='ocrx_word' id='word_1_101' title='bbox 1655 1040 1775 1085; x_wconf 92' lang='lat' dir='ltr'>nomen</span> <span class='ocrx_word' id='word_1_102' title='bbox 1801 1020 1934 1085; x_wconf 89' lang='lat' dir='ltr'>habent.</span> <span class='ocrx_word' id='word_1_103' title='bbox 1979 1017 2036 1084; x_wconf 81' lang='lat' dir='ltr'>Sic</span> <span class='ocrx_word' id='word_1_104' title='bbox 2057 1019 2147 1083; x_wconf 90' lang='lat' dir='ltr'>enim</span> <span class='ocrx_word' id='word_1_105' title='bbox 2169 1039 2228 1083; x_wconf 82' lang='lat' dir='ltr'>ve·</span> 
     </span>
     <span class='ocr_line' id='line_1_10' title="bbox 220 1103 2229 1193; baseline -0.003 -19"><span class='ocrx_word' id='word_1_106' title='bbox 220 1109 303 1193; x_wconf 91' lang='lat' dir='ltr'>legis</span> <span class='ocrx_word' id='word_1_107' title='bbox 330 1110 464 1174; x_wconf 86' lang='lat' dir='ltr'>umbras</span> <span class='ocrx_word' id='word_1_108' title='bbox 493 1107 721 1173; x_wconf 78' lang='lat' dir='ltr'>sectabantur?</span> <span class='ocrx_word' id='word_1_109' title='bbox 767 1108 906 1172; x_wconf 88' lang='lat' dir='ltr'>Minime</span> <span class='ocrx_word' id='word_1_110' title='bbox 913 1131 921 1187; x_wconf 89' lang='lat'>;</span> <span class='ocrx_word' id='word_1_111' title='bbox 950 1107 1007 1172; x_wconf 89' lang='lat' dir='ltr'>sed</span> <span class='ocrx_word' id='word_1_112' title='bbox 1031 1107 1124 1172; x_wconf 87' lang='lat' dir='ltr'>nulla</span> <span class='ocrx_word' id='word_1_113' title='bbox 1144 1128 1199 1171; x_wconf 89' lang='lat' dir='ltr'>su·</span> <span class='ocrx_word' id='word_1_114' title='bbox 1250 1111 1376 1183; x_wconf 89' lang='lat' dir='ltr'>cantur,</span> <span class='ocrx_word' id='word_1_115' title='bbox 1399 1105 1491 1186; x_wconf 89' lang='lat' dir='ltr'>quasi</span> <span class='ocrx_word' id='word_1_116' title='bbox 1511 1105 1662 1170; x_wconf 91' lang='lat' dir='ltr'>ministri.</span> <span class='ocrx_word' id='word_1_117' title='bbox 1693 1103 1831 1171; x_wconf 77' lang='lat' dir='ltr'>Sublicit</span> <span class='ocrx_word' id='word_1_118' title='bbox 1853 1105 2091 1171; x_wconf 82' lang='lat' dir='ltr'>deindeLucas</span> <span class='ocrx_word' id='word_1_119' title='bbox 2113 1125 2229 1168; x_wconf 90' lang='lat' dir='ltr'>eorum</span> 
     </span>
     <span class='ocr_line' id='line_1_11' title="bbox 188 1189 2229 1279; baseline -0.003 -20"><span class='ocrx_word' id='word_1_120' title='bbox 188 1226 193 1233; x_wconf 89' lang='lat'><strong>·</strong></span> <span class='ocrx_word' id='word_1_121' title='bbox 244 1195 413 1260; x_wconf 91' lang='lat' dir='ltr'>erstitiene</span> <span class='ocrx_word' id='word_1_122' title='bbox 435 1193 619 1279; x_wconf 81' lang='lat' dir='ltr'>symbolum</span> <span class='ocrx_word' id='word_1_123' title='bbox 636 1193 698 1258; x_wconf 91' lang='lat' dir='ltr'>hoo</span> <span class='ocrx_word' id='word_1_124' title='bbox 717 1191 916 1259; x_wconf 89' lang='lat' dir='ltr'>adhibebant</span> <span class='ocrx_word' id='word_1_125' title='bbox 937 1193 994 1258; x_wconf 95' lang='lat' dir='ltr'>ubi</span> <span class='ocrx_word' id='word_1_126' title='bbox 1016 1215 1096 1259; x_wconf 90' lang='lat' dir='ltr'>usus</span> <span class='ocrx_word' id='word_1_127' title='bbox 1118 1199 1197 1257; x_wconf 84' lang='lat' dir='ltr'>erat.</span> <span class='ocrx_word' id='word_1_128' title='bbox 1250 1190 1499 1255; x_wconf 89' lang='lat' dir='ltr'>institutionem.</span> <span class='ocrx_word' id='word_1_129' title='bbox 1543 1189 1633 1270; x_wconf 79' lang='lat' dir='ltr'>Quos</span> <span class='ocrx_word' id='word_1_130' title='bbox 1651 1190 1826 1275; x_wconf 90' lang='lat' dir='ltr'>elegerant,</span> <span class='ocrx_word' id='word_1_131' title='bbox 1848 1193 1962 1275; x_wconf 91' lang='lat' dir='ltr'>inquit,</span> <span class='ocrx_word' id='word_1_132' title='bbox 1985 1191 2229 1257; x_wconf 90' lang='lat' dir='ltr'>constituerunt</span> 
     </span>
    </p>

    <p class='ocr_par' dir='ltr' id='par_1_3' title="bbox 215 1216 2284 3246">
     <span class='ocr_line' id='line_1_12' title="bbox 221 1216 2284 1363; baseline -0.004 -17"><span class='ocrx_word' id='word_1_133' title='bbox 221 1216 440 1363; x_wconf 56' lang='lat' dir='ltr'>imponebant</span> <span class='ocrx_word' id='word_1_134' title='bbox 466 1279 555 1344; x_wconf 90' lang='lat' dir='ltr'>enim</span> <span class='ocrx_word' id='word_1_135' title='bbox 581 1279 621 1344; x_wconf 90' lang='lat' dir='ltr'>iis</span> <span class='ocrx_word' id='word_1_136' title='bbox 648 1300 765 1344; x_wconf 89' lang='lat' dir='ltr'>manus</span> <span class='ocrx_word' id='word_1_137' title='bbox 787 1277 904 1361; x_wconf 88' lang='lat' dir='ltr'>quibus</span> <span class='ocrx_word' id='word_1_138' title='bbox 927 1300 947 1342; x_wconf 90' lang='grc'>6</span> <span class='ocrx_word' id='word_1_139' title='bbox 969 1279 1111 1343; x_wconf 88' lang='lat' dir='ltr'>Domino</span> <span class='ocrx_word' id='word_1_140' title='bbox 1133 1278 1199 1360; x_wconf 92' lang='lat' dir='ltr'>spi·</span> <span class='ocrx_word' id='word_1_141' title='bbox 1250 1276 1285 1340; x_wconf 91' lang='lat' dir='ltr'>in</span> <span class='ocrx_word' id='word_1_142' title='bbox 1312 1284 1486 1358; x_wconf 89' lang='lat' dir='ltr'>conspectu</span> <span class='ocrx_word' id='word_1_143' title='bbox 1515 1276 1748 1354; x_wconf 88' lang='lat' dir='ltr'>aestolorum,</span> <span class='ocrx_word' id='word_1_144' title='bbox 1781 1292 1814 1342; x_wconf 86' lang='grc'>61</span> <span class='ocrx_word' id='word_1_145' title='bbox 1847 1285 1977 1343; x_wconf 88' lang='grc'>6166166</span> <span class='ocrx_word' id='word_1_146' title='bbox 2002 1278 2230 1358; x_wconf 88' lang='grc'>116666661661</span> <span class='ocrx_word' id='word_1_147' title='bbox 2282 1317 2284 1321; x_wconf 91' lang='grc'><strong>-</strong></span> 
     </span>
     <span class='ocr_line' id='line_1_13' title="bbox 222 1361 2229 1449; baseline -0.003 -18"><span class='ocrx_word' id='word_1_148' title='bbox 222 1367 323 1431; x_wconf 88' lang='grc'>111661</span> <span class='ocrx_word' id='word_1_149' title='bbox 346 1372 495 1431; x_wconf 89' lang='grc'>66661661</span> <span class='ocrx_word' id='word_1_150' title='bbox 539 1364 749 1442; x_wconf 87' lang='grc'>1666166161,</span> <span class='ocrx_word' id='word_1_151' title='bbox 779 1386 875 1447; x_wconf 91' lang='lat' dir='ltr'>quem</span> <span class='ocrx_word' id='word_1_152' title='bbox 904 1364 1090 1429; x_wconf 91' lang='lat' dir='ltr'>huiusmodi</span> <span class='ocrx_word' id='word_1_153' title='bbox 1111 1386 1200 1449; x_wconf 83' lang='lat' dir='ltr'>sym·</span> <span class='ocrx_word' id='word_1_154' title='bbox 1251 1361 1317 1426; x_wconf 91' lang='lat' dir='ltr'>illis</span> <span class='ocrx_word' id='word_1_155' title='bbox 1338 1382 1464 1425; x_wconf 90' lang='lat' dir='ltr'>manus.</span> <span class='ocrx_word' id='word_1_156' title='bbox 1542 1363 1646 1426; x_wconf 89' lang='lat' dir='ltr'>tinam</span> <span class='ocrx_word' id='word_1_157' title='bbox 1671 1384 1750 1427; x_wconf 88' lang='grc'>1616</span> <span class='ocrx_word' id='word_1_158' title='bbox 1771 1363 1853 1428; x_wconf 84' lang='lat' dir='ltr'>tales</span> <span class='ocrx_word' id='word_1_159' title='bbox 1876 1363 2027 1428; x_wconf 88' lang='lat' dir='ltr'>diaconos</span> <span class='ocrx_word' id='word_1_160' title='bbox 2048 1361 2146 1425; x_wconf 93' lang='lat' dir='ltr'>hodie</span> <span class='ocrx_word' id='word_1_161' title='bbox 2167 1361 2229 1425; x_wconf 91' lang='lat' dir='ltr'>ha·</span> 
     </span>
     <span class='ocr_line' id='line_1_14' title="bbox 221 1386 2229 1532; baseline -0.004 -14"><span class='ocrx_word' id='word_1_162' title='bbox 221 1450 295 1518; x_wconf 93' lang='lat' dir='ltr'>bole</span> <span class='ocrx_word' id='word_1_163' title='bbox 329 1386 615 1527; x_wconf 69' lang='grc'>6116161611616111,</span> <span class='ocrx_word' id='word_1_164' title='bbox 648 1458 685 1513; x_wconf 93' lang='grc'>61</span> <span class='ocrx_word' id='word_1_165' title='bbox 717 1449 872 1515; x_wconf 90' lang='lat' dir='ltr'>decerent</span> <span class='ocrx_word' id='word_1_166' title='bbox 902 1471 969 1514; x_wconf 93' lang='lat' dir='ltr'>non</span> <span class='ocrx_word' id='word_1_167' title='bbox 1003 1472 1023 1515; x_wconf 91' lang='grc'>6</span> <span class='ocrx_word' id='word_1_168' title='bbox 1054 1472 1090 1515; x_wconf 91' lang='grc'>66</span> <span class='ocrx_word' id='word_1_169' title='bbox 1120 1450 1200 1532; x_wconf 87' lang='grc'>16616</span> <span class='ocrx_word' id='word_1_170' title='bbox 1250 1448 1343 1513; x_wconf 88' lang='lat' dir='ltr'>beret</span> <span class='ocrx_word' id='word_1_171' title='bbox 1363 1446 1499 1512; x_wconf 90' lang='lat' dir='ltr'>ecclesia</span> <span class='ocrx_word' id='word_1_172' title='bbox 1521 1448 1637 1528; x_wconf 89' lang='lat' dir='ltr'>quibus</span> <span class='ocrx_word' id='word_1_173' title='bbox 1659 1456 1805 1514; x_wconf 89' lang='lat' dir='ltr'>sanctam</span> <span class='ocrx_word' id='word_1_174' title='bbox 1828 1450 1926 1514; x_wconf 89' lang='lat' dir='ltr'>istam</span> <span class='ocrx_word' id='word_1_175' title='bbox 1947 1448 2149 1532; x_wconf 83' lang='lat' dir='ltr'>provinciam</span> <span class='ocrx_word' id='word_1_176' title='bbox 2172 1446 2229 1511; x_wconf 91' lang='lat' dir='ltr'>de-</span> 
     </span>
     <span class='ocr_line' id='line_1_15' title="bbox 223 1531 2229 1616; baseline -0.003 -14"><span class='ocrx_word' id='word_1_177' title='bbox 223 1538 323 1616; x_wconf 84' lang='lat' dir='ltr'>exire,</span> <span class='ocrx_word' id='word_1_178' title='bbox 347 1536 404 1600; x_wconf 92' lang='lat' dir='ltr'>sed</span> <span class='ocrx_word' id='word_1_179' title='bbox 426 1558 444 1599; x_wconf 91' lang='grc'>6</span> <span class='ocrx_word' id='word_1_180' title='bbox 467 1535 657 1601; x_wconf 90' lang='lat' dir='ltr'>coelestibus</span> <span class='ocrx_word' id='word_1_181' title='bbox 681 1534 885 1600; x_wconf 79' lang='lat' dir='ltr'>descendere.</span> <span class='ocrx_word' id='word_1_182' title='bbox 929 1535 972 1599; x_wconf 90' lang='lat' dir='ltr'>In</span> <span class='ocrx_word' id='word_1_183' title='bbox 995 1557 1137 1600; x_wconf 88' lang='lat' dir='ltr'>summa:</span> <span class='ocrx_word' id='word_1_184' title='bbox 1166 1534 1200 1599; x_wconf 93' lang='lat' dir='ltr'>id</span> <span class='ocrx_word' id='word_1_185' title='bbox 1251 1531 1431 1610; x_wconf 89' lang='lat' dir='ltr'>mandaret,</span> <span class='ocrx_word' id='word_1_186' title='bbox 1460 1539 1493 1596; x_wconf 92' lang='lat' dir='ltr'>et</span> <span class='ocrx_word' id='word_1_187' title='bbox 1510 1532 1568 1596; x_wconf 90' lang='lat' dir='ltr'>tali</span> <span class='ocrx_word' id='word_1_188' title='bbox 1585 1535 1789 1598; x_wconf 84' lang='lat' dir='ltr'>caeremonia</span> <span class='ocrx_word' id='word_1_189' title='bbox 1805 1536 2000 1615; x_wconf 90' lang='lat' dir='ltr'>institueret,</span> <span class='ocrx_word' id='word_1_190' title='bbox 2022 1554 2140 1616; x_wconf 90' lang='lat' dir='ltr'>nempe</span> <span class='ocrx_word' id='word_1_191' title='bbox 2157 1554 2229 1597; x_wconf 90' lang='lat' dir='ltr'>ma·</span> 
     </span>
     <span class='ocr_line' id='line_1_16' title="bbox 223 1617 2229 1707; baseline -0.002 -19"><span class='ocrx_word' id='word_1_192' title='bbox 223 1630 295 1688; x_wconf 91' lang='lat' dir='ltr'>erat</span> <span class='ocrx_word' id='word_1_193' title='bbox 317 1621 500 1707; x_wconf 88' lang='lat' dir='ltr'>symbolum</span> <span class='ocrx_word' id='word_1_194' title='bbox 522 1642 584 1704; x_wconf 93' lang='lat' dir='ltr'>quo</span> <span class='ocrx_word' id='word_1_195' title='bbox 603 1621 745 1685; x_wconf 91' lang='lat' dir='ltr'>Domino</span> <span class='ocrx_word' id='word_1_196' title='bbox 768 1620 1039 1686; x_wconf 85' lang='lat' dir='ltr'>commendabant</span> <span class='ocrx_word' id='word_1_197' title='bbox 1060 1622 1112 1687; x_wconf 91' lang='lat' dir='ltr'>oui</span> <span class='ocrx_word' id='word_1_198' title='bbox 1134 1621 1200 1703; x_wconf 92' lang='lat' dir='ltr'>spi·</span> <span class='ocrx_word' id='word_1_199' title='bbox 1251 1639 1353 1683; x_wconf 92' lang='lat' dir='ltr'>nuum</span> <span class='ocrx_word' id='word_1_200' title='bbox 1377 1617 1594 1700; x_wconf 86' lang='lat' dir='ltr'>impositione,</span> <span class='ocrx_word' id='word_1_201' title='bbox 1623 1617 1664 1683; x_wconf 89' lang='lat' dir='ltr'>de</span> <span class='ocrx_word' id='word_1_202' title='bbox 1693 1641 1757 1702; x_wconf 89' lang='lat' dir='ltr'>qua</span> <span class='ocrx_word' id='word_1_203' title='bbox 1785 1619 1928 1686; x_wconf 85' lang='lat' dir='ltr'>diximus</span> <span class='ocrx_word' id='word_1_204' title='bbox 1948 1619 2034 1703; x_wconf 87' lang='lat' dir='ltr'>quod</span> <span class='ocrx_word' id='word_1_205' title='bbox 2056 1619 2135 1684; x_wconf 88' lang='lat' dir='ltr'>satis</span> <span class='ocrx_word' id='word_1_206' title='bbox 2157 1639 2229 1683; x_wconf 88' lang='lat' dir='ltr'>esse</span> 
     </span>
     <span class='ocr_line' id='line_1_17' title="bbox 222 1703 2228 1791; baseline -0.004 -17"><span class='ocrx_word' id='word_1_207' title='bbox 222 1709 306 1774; x_wconf 91' lang='lat' dir='ltr'>ritus</span> <span class='ocrx_word' id='word_1_208' title='bbox 339 1708 444 1773; x_wconf 89' lang='lat' dir='ltr'>sancti</span> <span class='ocrx_word' id='word_1_209' title='bbox 477 1708 618 1790; x_wconf 83' lang='lat' dir='ltr'>gratiam</span> <span class='ocrx_word' id='word_1_210' title='bbox 645 1708 772 1788; x_wconf 89' lang='lat' dir='ltr'>precari</span> <span class='ocrx_word' id='word_1_211' title='bbox 798 1706 966 1785; x_wconf 86' lang='lat' dir='ltr'>velebant,</span> <span class='ocrx_word' id='word_1_212' title='bbox 999 1728 1096 1789; x_wconf 89' lang='lat' dir='ltr'>quam</span> <span class='ocrx_word' id='word_1_213' title='bbox 1123 1714 1200 1771; x_wconf 91' lang='lat' dir='ltr'>tune</span> <span class='ocrx_word' id='word_1_214' title='bbox 1251 1705 1359 1769; x_wconf 86' lang='lat' dir='ltr'>visum</span> <span class='ocrx_word' id='word_1_215' title='bbox 1379 1711 1437 1768; x_wconf 87' lang='lat' dir='ltr'>est.</span> <span class='ocrx_word' id='word_1_216' title='bbox 1473 1703 2228 1791; x_wconf 63' lang='grc' dir='ltr'>116116161616661161Ρ66166(1111618)</span> 
     </span>
     <span class='ocr_line' id='line_1_18' title="bbox 223 1789 2229 1876; baseline -0.003 -16"><span class='ocrx_word' id='word_1_217' title='bbox 223 1815 337 1860; x_wconf 89' lang='grc'>661661</span> <span class='ocrx_word' id='word_1_218' title='bbox 367 1794 549 1858; x_wconf 88' lang='lat' dir='ltr'>ministerio</span> <span class='ocrx_word' id='word_1_219' title='bbox 578 1792 730 1857; x_wconf 88' lang='lat' dir='ltr'>distribui</span> <span class='ocrx_word' id='word_1_220' title='bbox 758 1793 901 1857; x_wconf 91' lang='lat' dir='ltr'>Domino</span> <span class='ocrx_word' id='word_1_221' title='bbox 928 1792 1087 1875; x_wconf 89' lang='lat' dir='ltr'>placebat.</span> <span class='ocrx_word' id='word_1_222' title='bbox 1133 1790 1201 1857; x_wconf 84' lang='lat' dir='ltr'>Sed</span> <span class='ocrx_word' id='word_1_223' title='bbox 1252 1789 1330 1854; x_wconf 91' lang='lat' dir='ltr'>dum</span> <span class='ocrx_word' id='word_1_224' title='bbox 1352 1789 1443 1853; x_wconf 89' lang='lat' dir='ltr'>iubet</span> <span class='ocrx_word' id='word_1_225' title='bbox 1464 1809 1535 1853; x_wconf 91' lang='lat' dir='ltr'>esse</span> <span class='ocrx_word' id='word_1_226' title='bbox 1555 1790 1699 1871; x_wconf 90' lang='lat' dir='ltr'>pudicos,</span> <span class='ocrx_word' id='word_1_227' title='bbox 1721 1812 1789 1856; x_wconf 94' lang='lat' dir='ltr'>non</span> <span class='ocrx_word' id='word_1_228' title='bbox 1805 1792 1977 1876; x_wconf 81' lang='lat' dir='ltr'>bilingues,</span> <span class='ocrx_word' id='word_1_229' title='bbox 1996 1812 2063 1856; x_wconf 91' lang='lat' dir='ltr'>non</span> <span class='ocrx_word' id='word_1_230' title='bbox 2080 1790 2229 1855; x_wconf 85' lang='lat' dir='ltr'>vinolen-</span> 
     </span>
     <span class='ocr_line' id='line_1_19' title="bbox 223 1874 2229 1963; baseline -0.002 -20"><span class='ocrx_word' id='word_1_231' title='bbox 223 1878 382 1963; x_wconf 89' lang='lat' dir='ltr'>qeidquid</span> <span class='ocrx_word' id='word_1_232' title='bbox 399 1879 505 1956; x_wconf 85' lang='lat' dir='ltr'>fuerit,</span> <span class='ocrx_word' id='word_1_233' title='bbox 527 1898 571 1941; x_wconf 91' lang='lat' dir='ltr'>an</span> <span class='ocrx_word' id='word_1_234' title='bbox 588 1879 736 1960; x_wconf 88' lang='lat' dir='ltr'>protinus</span> <span class='ocrx_word' id='word_1_235' title='bbox 754 1885 995 1943; x_wconf 88' lang='lat' dir='ltr'>sacramentum</span> <span class='ocrx_word' id='word_1_236' title='bbox 1013 1878 1200 1943; x_wconf 88' lang='lat' dir='ltr'>habendum</span> <span class='ocrx_word' id='word_1_237' title='bbox 1252 1882 1318 1954; x_wconf 86' lang='grc'>166,</span> <span class='ocrx_word' id='word_1_238' title='bbox 1341 1895 1407 1938; x_wconf 91' lang='grc'>666</span> <span class='ocrx_word' id='word_1_239' title='bbox 1429 1880 1525 1956; x_wconf 89' lang='lat' dir='ltr'>turpe</span> <span class='ocrx_word' id='word_1_240' title='bbox 1547 1874 1675 1940; x_wconf 91' lang='lat' dir='ltr'>luorum</span> <span class='ocrx_word' id='word_1_241' title='bbox 1696 1885 1871 1957; x_wconf 85' lang='lat' dir='ltr'>sectantes,</span> <span class='ocrx_word' id='word_1_242' title='bbox 1897 1879 1980 1943; x_wconf 93' lang='lat' dir='ltr'>bene</span> <span class='ocrx_word' id='word_1_243' title='bbox 2004 1877 2171 1941; x_wconf 86' lang='lat' dir='ltr'>institutes</span> <span class='ocrx_word' id='word_1_244' title='bbox 2192 1876 2229 1939; x_wconf 92' lang='lat' dir='ltr'>in</span> 
     </span>
     <span class='ocr_line' id='line_1_20' title="bbox 224 1960 2230 2048; baseline -0.002 -18"><span class='ocrx_word' id='word_1_245' title='bbox 224 1963 294 2030; x_wconf 85' lang='lat' dir='ltr'>est?</span> <span class='ocrx_word' id='word_1_246' title='bbox 324 1963 473 2047; x_wconf 82' lang='lat' dir='ltr'>Apostoli</span> <span class='ocrx_word' id='word_1_247' title='bbox 487 1968 511 2048; x_wconf 88' lang='lat'>¹)</span> <span class='ocrx_word' id='word_1_248' title='bbox 533 1971 671 2028; x_wconf 84' lang='lat' dir='ltr'>orarunt</span> <span class='ocrx_word' id='word_1_249' title='bbox 687 1964 824 2047; x_wconf 89' lang='lat' dir='ltr'>genibus</span> <span class='ocrx_word' id='word_1_250' title='bbox 836 1965 946 2028; x_wconf 86' lang='lat' dir='ltr'>flexis:</span> <span class='ocrx_word' id='word_1_251' title='bbox 970 1985 1079 2047; x_wconf 88' lang='lat' dir='ltr'>genua</span> <span class='ocrx_word' id='word_1_252' title='bbox 1099 1965 1201 2047; x_wconf 90' lang='lat' dir='ltr'>igitur</span> <span class='ocrx_word' id='word_1_253' title='bbox 1251 1960 1331 2038; x_wconf 90' lang='lat' dir='ltr'>fide,</span> <span class='ocrx_word' id='word_1_254' title='bbox 1364 1961 1461 2025; x_wconf 89' lang='grc'>661116</span> <span class='ocrx_word' id='word_1_255' title='bbox 1489 1961 1601 2026; x_wconf 79' lang='lat' dir='ltr'>uxoris</span> <span class='ocrx_word' id='word_1_256' title='bbox 1629 1962 1731 2042; x_wconf 92' lang='grc'>11166,</span> <span class='ocrx_word' id='word_1_257' title='bbox 1766 1963 1899 2029; x_wconf 87' lang='grc'>1661616</span> <span class='ocrx_word' id='word_1_258' title='bbox 1928 1984 2022 2029; x_wconf 89' lang='grc'>66661</span> <span class='ocrx_word' id='word_1_259' title='bbox 2050 1971 2084 2026; x_wconf 90' lang='grc'>61</span> <span class='ocrx_word' id='word_1_260' title='bbox 2109 1961 2230 2026; x_wconf 85' lang='lat' dir='ltr'>liberes</span> 
     </span>
     <span class='ocr_line' id='line_1_21' title="bbox 222 2046 2231 2133; baseline -0.002 -19"><span class='ocrx_word' id='word_1_261' title='bbox 222 2071 290 2115; x_wconf 91' lang='grc'>666</span> <span class='ocrx_word' id='word_1_262' title='bbox 317 2052 490 2115; x_wconf 86' lang='lat' dir='ltr'>flectentur</span> <span class='ocrx_word' id='word_1_263' title='bbox 518 2050 588 2114; x_wconf 91' lang='lat' dir='ltr'>sine</span> <span class='ocrx_word' id='word_1_264' title='bbox 616 2048 841 2114; x_wconf 85' lang='lat' dir='ltr'>sacramento?</span> <span class='ocrx_word' id='word_1_265' title='bbox 875 2049 1025 2132; x_wconf 90' lang='lat' dir='ltr'>discipuli</span> <span class='ocrx_word' id='word_1_266' title='bbox 1049 2049 1201 2114; x_wconf 91' lang='lat' dir='ltr'>feruntur</span> <span class='ocrx_word' id='word_1_267' title='bbox 1250 2046 1335 2111; x_wconf 89' lang='lat' dir='ltr'>bene</span> <span class='ocrx_word' id='word_1_268' title='bbox 1361 2051 1520 2128; x_wconf 89' lang='lat' dir='ltr'>regentes.</span> <span class='ocrx_word' id='word_1_269' title='bbox 1572 2046 1655 2128; x_wconf 79' lang='grc' dir='ltr'>Ι)111</span> <span class='ocrx_word' id='word_1_270' title='bbox 1682 2070 1775 2128; x_wconf 89' lang='grc'>1616,</span> <span class='ocrx_word' id='word_1_271' title='bbox 1804 2071 1885 2133; x_wconf 90' lang='lat' dir='ltr'>quos</span> <span class='ocrx_word' id='word_1_272' title='bbox 1906 2049 2000 2115; x_wconf 92' lang='lat' dir='ltr'>nobis</span> <span class='ocrx_word' id='word_1_273' title='bbox 2022 2047 2231 2131; x_wconf 79' lang='lat' dir='ltr'>istifingimt</span> 
     </span>
     <span class='ocr_line' id='line_1_22' title="bbox 222 2129 2230 2213; baseline -0.001 -12"><span class='ocrx_word' id='word_1_274' title='bbox 222 2156 334 2201; x_wconf 90' lang='lat' dir='ltr'>erasse</span> <span class='ocrx_word' id='word_1_275' title='bbox 354 2156 470 2200; x_wconf 87' lang='grc'>161666</span> <span class='ocrx_word' id='word_1_276' title='bbox 491 2136 664 2212; x_wconf 88' lang='lat' dir='ltr'>orientem:</span> <span class='ocrx_word' id='word_1_277' title='bbox 693 2135 736 2198; x_wconf 92' lang='grc'>611</span> <span class='ocrx_word' id='word_1_278' title='bbox 756 2135 852 2199; x_wconf 88' lang='grc'>66116</span> <span class='ocrx_word' id='word_1_279' title='bbox 874 2142 1114 2200; x_wconf 89' lang='lat' dir='ltr'>sacramentum</span> <span class='ocrx_word' id='word_1_280' title='bbox 1135 2135 1201 2200; x_wconf 89' lang='lat' dir='ltr'>ori·</span> <span class='ocrx_word' id='word_1_281' title='bbox 1252 2131 1412 2209; x_wconf 87' lang='lat' dir='ltr'>diaconos,</span> <span class='ocrx_word' id='word_1_282' title='bbox 1435 2129 1513 2213; x_wconf 92' lang='lat' dir='ltr'>quid</span> <span class='ocrx_word' id='word_1_283' title='bbox 1529 2130 1653 2196; x_wconf 90' lang='lat' dir='ltr'>habent</span> <span class='ocrx_word' id='word_1_284' title='bbox 1668 2133 1794 2200; x_wconf 80' lang='lat' dir='ltr'>simile?</span> <span class='ocrx_word' id='word_1_285' title='bbox 1822 2135 1898 2200; x_wconf 90' lang='lat' dir='ltr'>Non</span> <span class='ocrx_word' id='word_1_286' title='bbox 1917 2134 1958 2200; x_wconf 90' lang='lat' dir='ltr'>de</span> <span class='ocrx_word' id='word_1_287' title='bbox 1978 2134 2165 2198; x_wconf 86' lang='lat' dir='ltr'>hominibus</span> <span class='ocrx_word' id='word_1_288' title='bbox 2181 2133 2230 2198; x_wconf 91' lang='lat' dir='ltr'>lo-</span> 
     </span>
     <span class='ocr_line' id='line_1_23' title="bbox 224 2218 2230 2303; baseline -0.001 -17"><span class='ocrx_word' id='word_1_289' title='bbox 224 2222 312 2286; x_wconf 91' lang='lat' dir='ltr'>entis</span> <span class='ocrx_word' id='word_1_290' title='bbox 326 2228 484 2303; x_wconf 85' lang='lat' dir='ltr'>aspectus.</span> <span class='ocrx_word' id='word_1_291' title='bbox 508 2220 633 2286; x_wconf 87' lang='lat' dir='ltr'>Paulus</span> <span class='ocrx_word' id='word_1_292' title='bbox 650 2219 723 2285; x_wconf 87' lang='lat' dir='ltr'>vult</span> <span class='ocrx_word' id='word_1_293' title='bbox 744 2221 779 2284; x_wconf 92' lang='grc'>16</span> <span class='ocrx_word' id='word_1_294' title='bbox 793 2221 962 2286; x_wconf 91' lang='lat' dir='ltr'>emniloco</span> <span class='ocrx_word' id='word_1_295' title='bbox 980 2220 1069 2286; x_wconf 86' lang='lat' dir='ltr'>viros</span> <span class='ocrx_word' id='word_1_296' title='bbox 1086 2220 1201 2285; x_wconf 83' lang='lat' dir='ltr'>tollere</span> <span class='ocrx_word' id='word_1_297' title='bbox 1251 2237 1346 2299; x_wconf 91' lang='lat' dir='ltr'>quor:</span> <span class='ocrx_word' id='word_1_298' title='bbox 1368 2238 1411 2281; x_wconf 93' lang='lat' dir='ltr'>ne</span> <span class='ocrx_word' id='word_1_299' title='bbox 1432 2223 1620 2299; x_wconf 89' lang='lat' dir='ltr'>querantur,</span> <span class='ocrx_word' id='word_1_300' title='bbox 1641 2218 1752 2302; x_wconf 91' lang='lat' dir='ltr'>inique</span> <span class='ocrx_word' id='word_1_301' title='bbox 1774 2242 1816 2285; x_wconf 83' lang='lat' dir='ltr'>ex</span> <span class='ocrx_word' id='word_1_302' title='bbox 1833 2221 2003 2286; x_wconf 92' lang='lat' dir='ltr'>hominum</span> <span class='ocrx_word' id='word_1_303' title='bbox 2024 2219 2115 2285; x_wconf 88' lang='lat' dir='ltr'>vitiis</span> <span class='ocrx_word' id='word_1_304' title='bbox 2136 2240 2230 2284; x_wconf 89' lang='lat' dir='ltr'>suam</span> 
     </span>
     <span class='ocr_line' id='line_1_24' title="bbox 222 2302 2231 2393; baseline -0.001 -22"><span class='ocrx_word' id='word_1_305' title='bbox 222 2327 324 2391; x_wconf 86' lang='lat' dir='ltr'>puras</span> <span class='ocrx_word' id='word_1_306' title='bbox 343 2327 476 2393; x_wconf 81' lang='lat' dir='ltr'>manus,</span> <span class='ocrx_word' id='word_1_307' title='bbox 510 2313 544 2371; x_wconf 91' lang='lat' dir='ltr'>et</span> <span class='ocrx_word' id='word_1_308' title='bbox 570 2306 705 2371; x_wconf 88' lang='lat' dir='ltr'>elevatis</span> <span class='ocrx_word' id='word_1_309' title='bbox 731 2305 884 2370; x_wconf 90' lang='lat' dir='ltr'>manibus</span> <span class='ocrx_word' id='word_1_310' title='bbox 905 2307 1009 2371; x_wconf 89' lang='grc'>616116</span> <span class='ocrx_word' id='word_1_311' title='bbox 1030 2307 1201 2389; x_wconf 87' lang='grc'>66661666</span> <span class='ocrx_word' id='word_1_312' title='bbox 1246 2302 1433 2393; x_wconf 86' lang='lat' dir='ltr'>doctrinam</span> <span class='ocrx_word' id='word_1_313' title='bbox 1466 2303 1639 2368; x_wconf 87' lang='lat' dir='ltr'>aestimari.</span> <span class='ocrx_word' id='word_1_314' title='bbox 1685 2302 1753 2371; x_wconf 82' lang='lat' dir='ltr'>Sed</span> <span class='ocrx_word' id='word_1_315' title='bbox 1783 2327 1842 2389; x_wconf 91' lang='lat' dir='ltr'>pro</span> <span class='ocrx_word' id='word_1_316' title='bbox 1874 2307 1915 2370; x_wconf 90' lang='lat' dir='ltr'>iis</span> <span class='ocrx_word' id='word_1_317' title='bbox 1947 2306 2026 2389; x_wconf 89' lang='lat' dir='ltr'>ipsis</span> <span class='ocrx_word' id='word_1_318' title='bbox 2060 2326 2141 2386; x_wconf 92' lang='lat' dir='ltr'>quos</span> <span class='ocrx_word' id='word_1_319' title='bbox 2170 2325 2231 2370; x_wconf 91' lang='lat' dir='ltr'>sua</span> 
     </span>
     <span class='ocr_line' id='line_1_25' title="bbox 224 2387 2228 2475; baseline -0.002 -17"><span class='ocrx_word' id='word_1_320' title='bbox 224 2393 346 2458; x_wconf 88' lang='lat' dir='ltr'>sanetis</span> <span class='ocrx_word' id='word_1_321' title='bbox 373 2392 460 2456; x_wconf 89' lang='grc'>16616</span> <span class='ocrx_word' id='word_1_322' title='bbox 489 2398 702 2457; x_wconf 90' lang='lat' dir='ltr'>memoratur:</span> <span class='ocrx_word' id='word_1_323' title='bbox 719 2398 772 2455; x_wconf 88' lang='lat' dir='ltr'>-et</span> <span class='ocrx_word' id='word_1_324' title='bbox 797 2411 956 2456; x_wconf 88' lang='grc'>61666616</span> <span class='ocrx_word' id='word_1_325' title='bbox 989 2413 1116 2475; x_wconf 90' lang='lat' dir='ltr'>quoque</span> <span class='ocrx_word' id='word_1_326' title='bbox 1143 2414 1200 2457; x_wconf 84' lang='lat' dir='ltr'>ex·</span> <span class='ocrx_word' id='word_1_327' title='bbox 1253 2387 1400 2471; x_wconf 70' lang='lat' dir='ltr'>docmina</span> <span class='ocrx_word' id='word_1_328' title='bbox 1437 2388 1531 2453; x_wconf 88' lang='lat' dir='ltr'>nobis</span> <span class='ocrx_word' id='word_1_329' title='bbox 1568 2389 1716 2470; x_wconf 89' lang='lat' dir='ltr'>tradunt,</span> <span class='ocrx_word' id='word_1_330' title='bbox 1763 2393 1984 2457; x_wconf 86' lang='lat' dir='ltr'>testimonium</span> <span class='ocrx_word' id='word_1_331' title='bbox 2030 2390 2071 2456; x_wconf 92' lang='lat' dir='ltr'>ab</span> <span class='ocrx_word' id='word_1_332' title='bbox 2116 2411 2228 2454; x_wconf 88' lang='lat' dir='ltr'>eorum</span> 
     </span>
     <span class='ocr_line' id='line_1_26' title="bbox 215 2473 2228 2559; baseline -0.002 -17"><span class='ocrx_word' id='word_1_333' title='bbox 215 2478 329 2552; x_wconf 87' lang='grc'>166616</span> <span class='ocrx_word' id='word_1_334' title='bbox 350 2484 591 2542; x_wconf 86' lang='lat' dir='ltr'>sacramentum</span> <span class='ocrx_word' id='word_1_335' title='bbox 613 2478 679 2541; x_wconf 89' lang='lat' dir='ltr'>fiat.</span> <span class='ocrx_word' id='word_1_336' title='bbox 714 2475 840 2541; x_wconf 88' lang='lat' dir='ltr'>Omnes</span> <span class='ocrx_word' id='word_1_337' title='bbox 858 2476 996 2559; x_wconf 91' lang='lat' dir='ltr'>denique</span> <span class='ocrx_word' id='word_1_338' title='bbox 1013 2485 1200 2542; x_wconf 88' lang='lat' dir='ltr'>sanctorum</span> <span class='ocrx_word' id='word_1_339' title='bbox 1252 2473 1418 2556; x_wconf 82' lang='lat' dir='ltr'>exemplo,</span> <span class='ocrx_word' id='word_1_340' title='bbox 1447 2494 1527 2555; x_wconf 88' lang='lat' dir='ltr'>quos</span> <span class='ocrx_word' id='word_1_341' title='bbox 1549 2476 1724 2557; x_wconf 91' lang='grc'>6666161166</span> <span class='ocrx_word' id='word_1_342' title='bbox 1743 2479 1879 2544; x_wconf 89' lang='grc'>66616616</span> <span class='ocrx_word' id='word_1_343' title='bbox 1905 2478 2057 2542; x_wconf 90' lang='grc'>11666666</span> <span class='ocrx_word' id='word_1_344' title='bbox 2078 2476 2228 2554; x_wconf 91' lang='lat' dir='ltr'>instituit,</span> 
     </span>
     <span class='ocr_line' id='line_1_27' title="bbox 224 2559 2229 2648; baseline -0.002 -20"><span class='ocrx_word' id='word_1_345' title='bbox 224 2569 335 2648; x_wconf 89' lang='lat' dir='ltr'>gestus</span> <span class='ocrx_word' id='word_1_346' title='bbox 357 2563 392 2626; x_wconf 93' lang='lat' dir='ltr'>in</span> <span class='ocrx_word' id='word_1_347' title='bbox 414 2570 618 2629; x_wconf 88' lang='lat' dir='ltr'>sacramenta</span> <span class='ocrx_word' id='word_1_348' title='bbox 639 2570 816 2627; x_wconf 86' lang='lat' dir='ltr'>transeant.</span> <span class='ocrx_word' id='word_1_349' title='bbox 847 2560 980 2628; x_wconf 91' lang='lat' dir='ltr'>Omissa</span> <span class='ocrx_word' id='word_1_350' title='bbox 1001 2564 1103 2646; x_wconf 87' lang='lat' dir='ltr'>igitur</span> <span class='ocrx_word' id='word_1_351' title='bbox 1123 2585 1200 2629; x_wconf 91' lang='lat' dir='ltr'>con·</span> <span class='ocrx_word' id='word_1_352' title='bbox 1253 2559 1388 2642; x_wconf 92' lang='lat' dir='ltr'>indigne</span> <span class='ocrx_word' id='word_1_353' title='bbox 1409 2559 1475 2642; x_wconf 88' lang='lat' dir='ltr'>peti</span> <span class='ocrx_word' id='word_1_354' title='bbox 1497 2560 1667 2626; x_wconf 88' lang='lat' dir='ltr'>contendo.</span> <span class='ocrx_word' id='word_1_355' title='bbox 1701 2564 1806 2627; x_wconf 89' lang='lat' dir='ltr'>Aiunt</span> <span class='ocrx_word' id='word_1_356' title='bbox 1828 2564 1870 2628; x_wconf 93' lang='grc'>61</span> <span class='ocrx_word' id='word_1_357' title='bbox 1891 2563 2229 2644; x_wconf 88' lang='lat' dir='ltr'>suesdiaconosper-</span> 
     </span>
     <span class='ocr_line' id='line_1_28' title="bbox 223 2645 2228 2730; baseline -0.001 -16"><span class='ocrx_word' id='word_1_358' title='bbox 223 2649 382 2724; x_wconf 89' lang='lat' dir='ltr'>tentiene,</span> <span class='ocrx_word' id='word_1_359' title='bbox 413 2649 509 2713; x_wconf 92' lang='lat' dir='ltr'>istius</span> <span class='ocrx_word' id='word_1_360' title='bbox 537 2649 760 2714; x_wconf 87' lang='lat' dir='ltr'>caeremoniae</span> <span class='ocrx_word' id='word_1_361' title='bbox 790 2647 863 2730; x_wconf 91' lang='lat' dir='ltr'>quis</span> <span class='ocrx_word' id='word_1_362' title='bbox 891 2669 979 2713; x_wconf 91' lang='lat' dir='ltr'>nunc</span> <span class='ocrx_word' id='word_1_363' title='bbox 1008 2671 1086 2714; x_wconf 91' lang='lat' dir='ltr'>usus</span> <span class='ocrx_word' id='word_1_364' title='bbox 1107 2650 1201 2714; x_wconf 91' lang='lat' dir='ltr'>nobis</span> <span class='ocrx_word' id='word_1_365' title='bbox 1253 2647 1368 2723; x_wconf 89' lang='lat' dir='ltr'>tinere,</span> <span class='ocrx_word' id='word_1_366' title='bbox 1392 2646 1543 2710; x_wconf 85' lang='lat' dir='ltr'>assistere</span> <span class='ocrx_word' id='word_1_367' title='bbox 1564 2647 1794 2728; x_wconf 86' lang='lat' dir='ltr'>sacerdotibus,</span> <span class='ocrx_word' id='word_1_368' title='bbox 1816 2651 2005 2714; x_wconf 86' lang='lat' dir='ltr'>ministrare</span> <span class='ocrx_word' id='word_1_369' title='bbox 2025 2650 2058 2712; x_wconf 91' lang='lat' dir='ltr'>in</span> <span class='ocrx_word' id='word_1_370' title='bbox 2076 2645 2228 2712; x_wconf 91' lang='lat' dir='ltr'>omnibus</span> 
     </span>
     <span class='ocr_line' id='line_1_29' title="bbox 220 2731 2225 2816; baseline -0.002 -16"><span class='ocrx_word' id='word_1_371' title='bbox 220 2735 275 2813; x_wconf 90' lang='grc'>611,</span> <span class='ocrx_word' id='word_1_372' title='bbox 297 2734 410 2816; x_wconf 88' lang='grc'>666616</span> <span class='ocrx_word' id='word_1_373' title='bbox 432 2755 599 2816; x_wconf 81' lang='lat' dir='ltr'>exsequar.</span> <span class='ocrx_word' id='word_1_374' title='bbox 646 2732 684 2799; x_wconf 83' lang='lat' dir='ltr'>Si</span> <span class='ocrx_word' id='word_1_375' title='bbox 712 2733 748 2796; x_wconf 91' lang='lat' dir='ltr'>in</span> <span class='ocrx_word' id='word_1_376' title='bbox 776 2755 851 2797; x_wconf 89' lang='lat' dir='ltr'>eum</span> <span class='ocrx_word' id='word_1_377' title='bbox 873 2734 973 2797; x_wconf 91' lang='lat' dir='ltr'>finem</span> <span class='ocrx_word' id='word_1_378' title='bbox 995 2755 1199 2816; x_wconf 86' lang='lat' dir='ltr'>usurpemus,</span> <span class='ocrx_word' id='word_1_379' title='bbox 1255 2752 1338 2813; x_wconf 91' lang='lat' dir='ltr'>quae</span> <span class='ocrx_word' id='word_1_380' title='bbox 1363 2737 1508 2815; x_wconf 88' lang='lat' dir='ltr'>aguntur</span> <span class='ocrx_word' id='word_1_381' title='bbox 1535 2731 1570 2794; x_wconf 93' lang='lat' dir='ltr'>in</span> <span class='ocrx_word' id='word_1_382' title='bbox 1593 2736 1819 2814; x_wconf 89' lang='lat' dir='ltr'>sacramentis,</span> <span class='ocrx_word' id='word_1_383' title='bbox 1848 2736 1972 2801; x_wconf 90' lang='lat' dir='ltr'>seilicet</span> <span class='ocrx_word' id='word_1_384' title='bbox 1999 2736 2033 2798; x_wconf 92' lang='grc'>16</span> <span class='ocrx_word' id='word_1_385' title='bbox 2056 2733 2225 2814; x_wconf 90' lang='lat' dir='ltr'>baptismo,</span> 
     </span>
     <span class='ocr_line' id='line_1_30' title="bbox 222 2816 2226 2903; baseline -0.001 -20"><span class='ocrx_word' id='word_1_386' title='bbox 222 2827 261 2884; x_wconf 89' lang='grc'>61</span> <span class='ocrx_word' id='word_1_387' title='bbox 289 2819 412 2903; x_wconf 86' lang='lat' dir='ltr'>gratias</span> <span class='ocrx_word' id='word_1_388' title='bbox 439 2818 572 2903; x_wconf 86' lang='lat' dir='ltr'>spiritus</span> <span class='ocrx_word' id='word_1_389' title='bbox 603 2818 876 2902; x_wconf 89' lang='lat' dir='ltr'>quemadmodum</span> <span class='ocrx_word' id='word_1_390' title='bbox 897 2820 1033 2901; x_wconf 86' lang='lat' dir='ltr'>apostoli</span> <span class='ocrx_word' id='word_1_391' title='bbox 1054 2820 1200 2885; x_wconf 77' lang='grc'>6661616</span> <span class='ocrx_word' id='word_1_392' title='bbox 1253 2818 1288 2880; x_wconf 86' lang='grc'>16</span> <span class='ocrx_word' id='word_1_393' title='bbox 1316 2816 1507 2893; x_wconf 87' lang='lat' dir='ltr'>chrismate,</span> <span class='ocrx_word' id='word_1_394' title='bbox 1536 2817 1571 2880; x_wconf 91' lang='lat' dir='ltr'>in</span> <span class='ocrx_word' id='word_1_395' title='bbox 1599 2825 1734 2899; x_wconf 89' lang='grc'>661666,</span> <span class='ocrx_word' id='word_1_396' title='bbox 1762 2821 1798 2884; x_wconf 93' lang='grc'>16</span> <span class='ocrx_word' id='word_1_397' title='bbox 1828 2821 1941 2900; x_wconf 88' lang='grc'>661166;</span> <span class='ocrx_word' id='word_1_398' title='bbox 1974 2820 2150 2885; x_wconf 90' lang='lat' dir='ltr'>oblationes</span> <span class='ocrx_word' id='word_1_399' title='bbox 2175 2818 2226 2880; x_wconf 91' lang='lat' dir='ltr'>in·</span> 
     </span>
     <span class='ocr_line' id='line_1_31' title="bbox 222 2901 2229 2990; baseline -0.002 -20"><span class='ocrx_word' id='word_1_400' title='bbox 222 2927 311 2985; x_wconf 90' lang='lat' dir='ltr'>mus,</span> <span class='ocrx_word' id='word_1_401' title='bbox 339 2905 475 2970; x_wconf 91' lang='lat' dir='ltr'>ridicule</span> <span class='ocrx_word' id='word_1_402' title='bbox 498 2926 641 2988; x_wconf 88' lang='lat' dir='ltr'>agemus.</span> <span class='ocrx_word' id='word_1_403' title='bbox 686 2904 772 2970; x_wconf 88' lang='lat' dir='ltr'>Nam</span> <span class='ocrx_word' id='word_1_404' title='bbox 800 2924 905 2988; x_wconf 85' lang='lat' dir='ltr'>neque</span> <span class='ocrx_word' id='word_1_405' title='bbox 926 2904 961 2969; x_wconf 93' lang='lat' dir='ltr'>id</span> <span class='ocrx_word' id='word_1_406' title='bbox 982 2906 1200 2971; x_wconf 86' lang='lat' dir='ltr'>ministerium</span> <span class='ocrx_word' id='word_1_407' title='bbox 1251 2903 1346 2981; x_wconf 86' lang='grc'>16116,</span> <span class='ocrx_word' id='word_1_408' title='bbox 1368 2909 1402 2966; x_wconf 90' lang='grc'>61</span> <span class='ocrx_word' id='word_1_409' title='bbox 1422 2901 1595 2984; x_wconf 89' lang='lat' dir='ltr'>disponere</span> <span class='ocrx_word' id='word_1_410' title='bbox 1618 2925 1716 2987; x_wconf 90' lang='lat' dir='ltr'>super</span> <span class='ocrx_word' id='word_1_411' title='bbox 1733 2906 1844 2985; x_wconf 86' lang='lat' dir='ltr'>altare,</span> <span class='ocrx_word' id='word_1_412' title='bbox 1868 2926 2061 2990; x_wconf 90' lang='lat' dir='ltr'>componere</span> <span class='ocrx_word' id='word_1_413' title='bbox 2080 2923 2229 2967; x_wconf 90' lang='lat' dir='ltr'>mensam</span> 
     </span>
     <span class='ocr_line' id='line_1_32' title="bbox 223 2988 2231 3076; baseline -0.001 -21"><span class='ocrx_word' id='word_1_414' title='bbox 223 2992 318 3056; x_wconf 88' lang='lat' dir='ltr'>nobis</span> <span class='ocrx_word' id='word_1_415' title='bbox 344 3012 364 3055; x_wconf 97' lang='grc'>6</span> <span class='ocrx_word' id='word_1_416' title='bbox 385 2992 529 3055; x_wconf 91' lang='lat' dir='ltr'>Domino</span> <span class='ocrx_word' id='word_1_417' title='bbox 550 2990 760 3057; x_wconf 89' lang='lat' dir='ltr'>commissum</span> <span class='ocrx_word' id='word_1_418' title='bbox 782 2997 847 3068; x_wconf 90' lang='grc'>661,</span> <span class='ocrx_word' id='word_1_419' title='bbox 874 3011 980 3073; x_wconf 90' lang='lat' dir='ltr'>neque</span> <span class='ocrx_word' id='word_1_420' title='bbox 1008 2990 1043 3054; x_wconf 92' lang='lat' dir='ltr'>id</span> <span class='ocrx_word' id='word_1_421' title='bbox 1070 2992 1200 3076; x_wconf 79' lang='lat' dir='ltr'>symbo-</span> <span class='ocrx_word' id='word_1_422' title='bbox 1251 2988 1398 3068; x_wconf 93' lang='lat' dir='ltr'>Domini,</span> <span class='ocrx_word' id='word_1_423' title='bbox 1420 3000 1454 3052; x_wconf 89' lang='lat' dir='ltr'>et</span> <span class='ocrx_word' id='word_1_424' title='bbox 1474 2988 1614 3067; x_wconf 79' lang='lat' dir='ltr'>vestire3</span> <span class='ocrx_word' id='word_1_425' title='bbox 1637 3011 1766 3056; x_wconf 91' lang='lat' dir='ltr'>crucem</span> <span class='ocrx_word' id='word_1_426' title='bbox 1787 2993 1882 3072; x_wconf 88' lang='lat' dir='ltr'>ferre,</span> <span class='ocrx_word' id='word_1_427' title='bbox 1909 2991 2099 3075; x_wconf 89' lang='lat' dir='ltr'>praedicare</span> <span class='ocrx_word' id='word_1_428' title='bbox 2126 2993 2153 3053; x_wconf 86' lang='grc'>61</span> <span class='ocrx_word' id='word_1_429' title='bbox 2179 2990 2231 3054; x_wconf 87' lang='lat' dir='ltr'>de·</span> 
     </span>
     <span class='ocr_line' id='line_1_33' title="bbox 223 3072 2231 3169; baseline -0.001 -29"><span class='ocrx_word' id='word_1_430' title='bbox 223 3076 293 3141; x_wconf 94' lang='lat' dir='ltr'>lum</span> <span class='ocrx_word' id='word_1_431' title='bbox 317 3077 538 3142; x_wconf 90' lang='lat' dir='ltr'>constitutum.</span> <span class='ocrx_word' id='word_1_432' title='bbox 574 3077 621 3141; x_wconf 90' lang='lat' dir='ltr'>At</span> <span class='ocrx_word' id='word_1_433' title='bbox 641 3076 731 3142; x_wconf 89' lang='lat' dir='ltr'>hunc</span> <span class='ocrx_word' id='word_1_434' title='bbox 752 3075 895 3169; x_wconf 88' lang='lat' dir='ltr'>lapidem</span> <span class='ocrx_word' id='word_1_435' title='bbox 916 3076 1045 3142; x_wconf 89' lang='lat' dir='ltr'>assidue</span> <span class='ocrx_word' id='word_1_436' title='bbox 1063 3077 1201 3142; x_wconf 87' lang='lat' dir='ltr'>volvunt</span> <span class='ocrx_word' id='word_1_437' title='bbox 1251 3080 1377 3138; x_wconf 81' lang='grc'>6661616</span> <span class='ocrx_word' id='word_1_438' title='bbox 1410 3072 1618 3156; x_wconf 85' lang='lat' dir='ltr'>evangelium</span> <span class='ocrx_word' id='word_1_439' title='bbox 1645 3083 1679 3141; x_wconf 90' lang='lat' dir='ltr'>et</span> <span class='ocrx_word' id='word_1_440' title='bbox 1703 3077 1873 3160; x_wconf 89' lang='lat' dir='ltr'>epistolam</span> <span class='ocrx_word' id='word_1_441' title='bbox 1902 3077 1944 3143; x_wconf 89' lang='lat' dir='ltr'>ad</span> <span class='ocrx_word' id='word_1_442' title='bbox 1964 3075 2130 3160; x_wconf 92' lang='lat' dir='ltr'>populum.</span> <span class='ocrx_word' id='word_1_443' title='bbox 2175 3076 2231 3138; x_wconf 88' lang='lat' dir='ltr'>An</span> 
     </span>
     <span class='ocr_line' id='line_1_34' title="bbox 223 3158 2229 3246; baseline -0.001 -20"><span class='ocrx_word' id='word_1_444' title='bbox 223 3182 310 3245; x_wconf 87' lang='lat' dir='ltr'>papa</span> <span class='ocrx_word' id='word_1_445' title='bbox 329 3168 363 3226; x_wconf 92' lang='lat' dir='ltr'>et</span> <span class='ocrx_word' id='word_1_446' title='bbox 384 3163 444 3240; x_wconf 91' lang='lat' dir='ltr'>sui,</span> <span class='ocrx_word' id='word_1_447' title='bbox 467 3169 504 3226; x_wconf 90' lang='lat' dir='ltr'>ut</span> <span class='ocrx_word' id='word_1_448' title='bbox 525 3162 645 3227; x_wconf 86' lang='lat' dir='ltr'>talibus</span> <span class='ocrx_word' id='word_1_449' title='bbox 667 3162 771 3246; x_wconf 88' lang='lat' dir='ltr'>signis</span> <span class='ocrx_word' id='word_1_450' title='bbox 789 3162 940 3243; x_wconf 90' lang='lat' dir='ltr'>spiritum</span> <span class='ocrx_word' id='word_1_451' title='bbox 958 3171 1107 3229; x_wconf 90' lang='lat' dir='ltr'>sanctum</span> <span class='ocrx_word' id='word_1_452' title='bbox 1125 3185 1200 3229; x_wconf 92' lang='lat' dir='ltr'>cen·</span> <span class='ocrx_word' id='word_1_453' title='bbox 1253 3159 1307 3223; x_wconf 91' lang='lat' dir='ltr'>hic</span> <span class='ocrx_word' id='word_1_454' title='bbox 1334 3160 1473 3225; x_wconf 83' lang='lat' dir='ltr'>verbum</span> <span class='ocrx_word' id='word_1_455' title='bbox 1498 3174 1606 3223; x_wconf 53' lang='lat' dir='ltr'>unum*</span> <span class='ocrx_word' id='word_1_456' title='bbox 1628 3160 1668 3225; x_wconf 92' lang='lat' dir='ltr'>de</span> <span class='ocrx_word' id='word_1_457' title='bbox 1690 3184 1768 3227; x_wconf 90' lang='grc'>1616</span> <span class='ocrx_word' id='word_1_458' title='bbox 1790 3163 2000 3230; x_wconf 90' lang='lat' dir='ltr'>diaconorum</span> <span class='ocrx_word' id='word_1_459' title='bbox 2022 3158 2229 3226; x_wconf 86' lang='lat' dir='ltr'>ministerio?</span> 
     </span>
    </p>
   </div>
   <div class='ocr_carea' id='block_1_3' title="bbox 224 3244 2329 3331">
    <p class='ocr_par' dir='ltr' id='par_1_4' title="bbox 224 3244 2329 3331">
     <span class='ocr_line' id='line_1_35' title="bbox 224 3244 2329 3331; baseline -0 -19"><span class='ocrx_word' id='word_1_460' title='bbox 224 3247 310 3313; x_wconf 89' lang='grc'>16116</span> <span class='ocrx_word' id='word_1_461' title='bbox 343 3247 532 3325; x_wconf 89' lang='lat' dir='ltr'>credantur,</span> <span class='ocrx_word' id='word_1_462' title='bbox 573 3249 657 3313; x_wconf 91' lang='lat' dir='ltr'>sicut</span> <span class='ocrx_word' id='word_1_463' title='bbox 692 3248 797 3312; x_wconf 84' lang='lat' dir='ltr'>fusius</span> <span class='ocrx_word' id='word_1_464' title='bbox 830 3246 1057 3327; x_wconf 88' lang='lat' dir='ltr'>disseruimus,</span> <span class='ocrx_word' id='word_1_465' title='bbox 1099 3271 1201 3331; x_wconf 91' lang='lat' dir='ltr'>quum</span> <span class='ocrx_word' id='word_1_466' title='bbox 1252 3245 1350 3309; x_wconf 91' lang='lat' dir='ltr'>Nune</span> <span class='ocrx_word' id='word_1_467' title='bbox 1367 3244 1606 3310; x_wconf 88' lang='lat' dir='ltr'>institutionem</span> <span class='ocrx_word' id='word_1_468' title='bbox 1629 3246 1813 3313; x_wconf 88' lang='lat' dir='ltr'>audiamus:</span> <span class='ocrx_word' id='word_1_469' title='bbox 1836 3249 1969 3315; x_wconf 87' lang='lat' dir='ltr'>diacono</span> <span class='ocrx_word' id='word_1_470' title='bbox 1987 3246 2231 3331; x_wconf 88' lang='lat' dir='ltr'>qui-ordinatur</span> <span class='ocrx_word' id='word_1_471' title='bbox 2324 3261 2329 3276; x_wconf 77' lang='lat'><strong>¹</strong></span> 
     </span>
    </p>
   </div>
   <div class='ocr_carea' id='block_1_4' title="bbox 197 3330 2232 4891">
    <p class='ocr_par' dir='ltr' id='par_1_5' title="bbox 197 3330 2232 4891">
     <span class='ocr_line' id='line_1_36' title="bbox 224 3330 2231 3417; baseline -0.001 -19"><span class='ocrx_word' id='word_1_472' title='bbox 224 3354 338 3398; x_wconf 91' lang='lat' dir='ltr'>eorum</span> <span class='ocrx_word' id='word_1_473' title='bbox 367 3334 647 3399; x_wconf 88' lang='lat' dir='ltr'>confirmationem</span> <span class='ocrx_word' id='word_1_474' title='bbox 680 3333 923 3399; x_wconf 86' lang='lat' dir='ltr'>discuteremus.</span> <span class='ocrx_word' id='word_1_475' title='bbox 973 3332 1069 3414; x_wconf 79' lang='lat' dir='ltr'>Quod</span> <span class='ocrx_word' id='word_1_476' title='bbox 1102 3335 1131 3398; x_wconf 92' lang='lat' dir='ltr'>si</span> <span class='ocrx_word' id='word_1_477' title='bbox 1163 3335 1200 3412; x_wconf 91' lang='lat' dir='ltr'>is,</span> <span class='ocrx_word' id='word_1_478' title='bbox 1254 3330 1343 3396; x_wconf 91' lang='lat' dir='ltr'>solus</span> <span class='ocrx_word' id='word_1_479' title='bbox 1376 3331 1547 3414; x_wconf 89' lang='lat' dir='ltr'>episcopus</span> <span class='ocrx_word' id='word_1_480' title='bbox 1578 3352 1713 3396; x_wconf 89' lang='lat' dir='ltr'>manum</span> <span class='ocrx_word' id='word_1_481' title='bbox 1740 3335 1886 3417; x_wconf 92' lang='lat' dir='ltr'>imponit.</span> <span class='ocrx_word' id='word_1_482' title='bbox 1932 3333 2089 3400; x_wconf 88' lang='grc'>01611661</span> <span class='ocrx_word' id='word_1_483' title='bbox 2118 3332 2168 3395; x_wconf 86' lang='lat' dir='ltr'>illi</span> <span class='ocrx_word' id='word_1_484' title='bbox 2197 3339 2231 3396; x_wconf 91' lang='lat' dir='ltr'>et</span> 
     </span>
     <span class='ocr_line' id='line_1_37' title="bbox 197 3416 2232 3502; baseline -0.001 -19"><span class='ocrx_word' id='word_1_485' title='bbox 197 3455 198 3458; x_wconf 32' lang='lat'>¹</span> <span class='ocrx_word' id='word_1_486' title='bbox 224 3419 282 3502; x_wconf 91' lang='lat' dir='ltr'>qui</span> <span class='ocrx_word' id='word_1_487' title='bbox 303 3418 481 3483; x_wconf 85' lang='lat' dir='ltr'>assumitur</span> <span class='ocrx_word' id='word_1_488' title='bbox 502 3420 537 3482; x_wconf 88' lang='lat' dir='ltr'>iri</span> <span class='ocrx_word' id='word_1_489' title='bbox 560 3420 762 3502; x_wconf 88' lang='lat' dir='ltr'>episcopum,</span> <span class='ocrx_word' id='word_1_490' title='bbox 791 3419 1009 3484; x_wconf 87' lang='lat' dir='ltr'>constituatur</span> <span class='ocrx_word' id='word_1_491' title='bbox 1037 3420 1073 3483; x_wconf 94' lang='lat' dir='ltr'>in</span> <span class='ocrx_word' id='word_1_492' title='bbox 1094 3419 1202 3485; x_wconf 91' lang='lat' dir='ltr'>medio</span> <span class='ocrx_word' id='word_1_493' title='bbox 1253 3416 1372 3482; x_wconf 87' lang='lat' dir='ltr'>stolam</span> <span class='ocrx_word' id='word_1_494' title='bbox 1394 3416 2232 3502; x_wconf 63' lang='grc'>66661166166116616166166116661,6161611661</span> 
     </span>
     <span class='ocr_line' id='line_1_38' title="bbox 223 3502 2231 3589; baseline -0.001 -19"><span class='ocrx_word' id='word_1_495' title='bbox 223 3505 479 3587; x_wconf 87' lang='grc'>666166161661,</span> <span class='ocrx_word' id='word_1_496' title='bbox 503 3503 719 3569; x_wconf 85' lang='lat' dir='ltr'>admoneatur</span> <span class='ocrx_word' id='word_1_497' title='bbox 740 3505 790 3569; x_wconf 91' lang='lat' dir='ltr'>sui</span> <span class='ocrx_word' id='word_1_498' title='bbox 812 3504 918 3583; x_wconf 86' lang='lat' dir='ltr'>officii,</span> <span class='ocrx_word' id='word_1_499' title='bbox 949 3526 986 3569; x_wconf 88' lang='grc'>66</span> <span class='ocrx_word' id='word_1_500' title='bbox 1008 3526 1202 3588; x_wconf 89' lang='lat' dir='ltr'>supereum</span> <span class='ocrx_word' id='word_1_501' title='bbox 1253 3523 1289 3566; x_wconf 91' lang='grc'>66</span> <span class='ocrx_word' id='word_1_502' title='bbox 1317 3503 1479 3585; x_wconf 87' lang='lat' dir='ltr'>accepisse</span> <span class='ocrx_word' id='word_1_503' title='bbox 1506 3502 1621 3586; x_wconf 88' lang='lat' dir='ltr'>iugum</span> <span class='ocrx_word' id='word_1_504' title='bbox 1642 3505 1781 3568; x_wconf 90' lang='lat' dir='ltr'>Domini</span> <span class='ocrx_word' id='word_1_505' title='bbox 1802 3505 1889 3586; x_wconf 85' lang='lat' dir='ltr'>leve,</span> <span class='ocrx_word' id='word_1_506' title='bbox 1914 3528 1977 3589; x_wconf 92' lang='lat' dir='ltr'>quo</span> <span class='ocrx_word' id='word_1_507' title='bbox 1999 3503 2040 3569; x_wconf 89' lang='lat' dir='ltr'>ad</span> <span class='ocrx_word' id='word_1_508' title='bbox 2062 3504 2231 3569; x_wconf 87' lang='lat' dir='ltr'>sinistram</span> 
     </span>
     <span class='ocr_line' id='line_1_39' title="bbox 224 3587 2231 3674; baseline -0.001 -19"><span class='ocrx_word' id='word_1_509' title='bbox 224 3600 351 3668; x_wconf 89' lang='grc'>616161,</span> <span class='ocrx_word' id='word_1_510' title='bbox 391 3590 556 3654; x_wconf 88' lang='lat' dir='ltr'>seniorum</span> <span class='ocrx_word' id='word_1_511' title='bbox 595 3592 747 3655; x_wconf 87' lang='lat' dir='ltr'>manibus</span> <span class='ocrx_word' id='word_1_512' title='bbox 784 3611 882 3671; x_wconf 90' lang='lat' dir='ltr'>super</span> <span class='ocrx_word' id='word_1_513' title='bbox 915 3611 992 3655; x_wconf 90' lang='lat' dir='ltr'>eum</span> <span class='ocrx_word' id='word_1_514' title='bbox 1030 3591 1200 3674; x_wconf 88' lang='lat' dir='ltr'>impositis,</span> <span class='ocrx_word' id='word_1_515' title='bbox 1253 3589 1452 3671; x_wconf 81' lang='lat' dir='ltr'>pertinentia</span> <span class='ocrx_word' id='word_1_516' title='bbox 1479 3587 1590 3654; x_wconf 85' lang='lat' dir='ltr'>divine</span> <span class='ocrx_word' id='word_1_517' title='bbox 1619 3590 1727 3661; x_wconf 90' lang='lat' dir='ltr'>timori</span> <span class='ocrx_word' id='word_1_518' title='bbox 1755 3591 1913 3656; x_wconf 88' lang='lat' dir='ltr'>subiiciat.</span> <span class='ocrx_word' id='word_1_519' title='bbox 1959 3592 2102 3655; x_wconf 68' lang='lat' dir='ltr'>&#39;I’extum</span> <span class='ocrx_word' id='word_1_520' title='bbox 2129 3610 2231 3655; x_wconf 87' lang='grc'>6166-</span> 
     </span>
     <span class='ocr_line' id='line_1_40' title="bbox 224 3673 2232 3761; baseline 0 -22"><span class='ocrx_word' id='word_1_521' title='bbox 224 3676 316 3740; x_wconf 91' lang='lat' dir='ltr'>nulla</span> <span class='ocrx_word' id='word_1_522' title='bbox 337 3674 495 3758; x_wconf 89' lang='lat' dir='ltr'>religione</span> <span class='ocrx_word' id='word_1_523' title='bbox 521 3676 586 3740; x_wconf 92' lang='lat' dir='ltr'>nisi</span> <span class='ocrx_word' id='word_1_524' title='bbox 615 3682 653 3740; x_wconf 91' lang='grc'>61</span> <span class='ocrx_word' id='word_1_525' title='bbox 679 3677 748 3759; x_wconf 88' lang='grc'>1666</span> <span class='ocrx_word' id='word_1_526' title='bbox 770 3676 842 3740; x_wconf 90' lang='lat' dir='ltr'>Dee</span> <span class='ocrx_word' id='word_1_527' title='bbox 868 3697 902 3740; x_wconf 87' lang='grc'>66</span> <span class='ocrx_word' id='word_1_528' title='bbox 924 3677 960 3740; x_wconf 92' lang='grc'>16</span> <span class='ocrx_word' id='word_1_529' title='bbox 981 3677 1202 3741; x_wconf 83' lang='lat' dir='ltr'>ministerium</span> <span class='ocrx_word' id='word_1_530' title='bbox 1254 3673 1333 3757; x_wconf 86' lang='lat' dir='ltr'>gelii</span> <span class='ocrx_word' id='word_1_531' title='bbox 1354 3673 1502 3757; x_wconf 88' lang='lat' dir='ltr'>praebet,</span> <span class='ocrx_word' id='word_1_532' title='bbox 1532 3682 1631 3739; x_wconf 89' lang='grc'>6166</span> <span class='ocrx_word' id='word_1_533' title='bbox 1660 3676 1730 3741; x_wconf 90' lang='lat' dir='ltr'>eius</span> <span class='ocrx_word' id='word_1_534' title='bbox 1753 3697 1946 3761; x_wconf 87' lang='grc'>6166666661</span> <span class='ocrx_word' id='word_1_535' title='bbox 1975 3681 2140 3761; x_wconf 83' lang='lat' dir='ltr'>agnoscat</span> <span class='ocrx_word' id='word_1_536' title='bbox 2184 3676 2232 3740; x_wconf 84' lang='lat' dir='ltr'>Et</span> 
     </span>
     <span class='ocr_line' id='line_1_41' title="bbox 224 3759 2231 3845; baseline 0 -20"><span class='ocrx_word' id='word_1_537' title='bbox 224 3761 336 3825; x_wconf 87' lang='lat' dir='ltr'>offerri</span> <span class='ocrx_word' id='word_1_538' title='bbox 358 3761 490 3839; x_wconf 88' lang='lat' dir='ltr'>sentiat,</span> <span class='ocrx_word' id='word_1_539' title='bbox 519 3768 553 3825; x_wconf 89' lang='grc'>61</span> <span class='ocrx_word' id='word_1_540' title='bbox 577 3762 713 3827; x_wconf 88' lang='lat' dir='ltr'>ecclesia</span> <span class='ocrx_word' id='word_1_541' title='bbox 739 3762 896 3826; x_wconf 86' lang='lat' dir='ltr'>incitetur</span> <span class='ocrx_word' id='word_1_542' title='bbox 922 3761 1092 3845; x_wconf 88' lang='grc'>61166661</span> <span class='ocrx_word' id='word_1_543' title='bbox 1114 3784 1202 3827; x_wconf 92' lang='lat' dir='ltr'>eem-</span> <span class='ocrx_word' id='word_1_544' title='bbox 1253 3759 1380 3826; x_wconf 86' lang='lat' dir='ltr'>isthaec</span> <span class='ocrx_word' id='word_1_545' title='bbox 1401 3759 1479 3842; x_wconf 92' lang='lat' dir='ltr'>quid</span> <span class='ocrx_word' id='word_1_546' title='bbox 1500 3760 1542 3825; x_wconf 87' lang='lat' dir='ltr'>ad</span> <span class='ocrx_word' id='word_1_547' title='bbox 1564 3759 1736 3826; x_wconf 85' lang='lat' dir='ltr'>diaconos?</span> <span class='ocrx_word' id='word_1_548' title='bbox 1780 3762 1923 3828; x_wconf 86' lang='lat' dir='ltr'>Perinde</span> <span class='ocrx_word' id='word_1_549' title='bbox 1944 3784 2023 3828; x_wconf 87' lang='lat' dir='ltr'>vere</span> <span class='ocrx_word' id='word_1_550' title='bbox 2045 3762 2171 3825; x_wconf 90' lang='grc'>1661661</span> <span class='ocrx_word' id='word_1_551' title='bbox 2193 3781 2231 3826; x_wconf 89' lang='lat' dir='ltr'>ac</span> 
     </span>
     <span class='ocr_line' id='line_1_42' title="bbox 224 3844 2232 3931; baseline 0 -21"><span class='ocrx_word' id='word_1_552' title='bbox 224 3846 379 3910; x_wconf 88' lang='lat' dir='ltr'>munibus</span> <span class='ocrx_word' id='word_1_553' title='bbox 407 3848 557 3929; x_wconf 87' lang='lat' dir='ltr'>precibus</span> <span class='ocrx_word' id='word_1_554' title='bbox 579 3848 651 3911; x_wconf 88' lang='lat' dir='ltr'>Deo</span> <span class='ocrx_word' id='word_1_555' title='bbox 671 3846 980 3924; x_wconf 90' lang='lat' dir='ltr'>commendandum,</span> <span class='ocrx_word' id='word_1_556' title='bbox 1009 3848 1110 3912; x_wconf 89' lang='lat' dir='ltr'>talem</span> <span class='ocrx_word' id='word_1_557' title='bbox 1132 3870 1202 3912; x_wconf 86' lang='lat' dir='ltr'>ma·</span> <span class='ocrx_word' id='word_1_558' title='bbox 1254 3846 1375 3927; x_wconf 91' lang='lat' dir='ltr'>siquis</span> <span class='ocrx_word' id='word_1_559' title='bbox 1393 3846 1555 3928; x_wconf 87' lang='lat' dir='ltr'>apostolos</span> <span class='ocrx_word' id='word_1_560' title='bbox 1577 3867 1612 3916; x_wconf 90' lang='grc'>66</span> <span class='ocrx_word' id='word_1_561' title='bbox 1629 3847 1800 3912; x_wconf 85' lang='lat' dir='ltr'>instituere</span> <span class='ocrx_word' id='word_1_562' title='bbox 1818 3848 1947 3926; x_wconf 90' lang='grc'>(1166161,</span> <span class='ocrx_word' id='word_1_563' title='bbox 1971 3869 2051 3931; x_wconf 94' lang='lat' dir='ltr'>ques</span> <span class='ocrx_word' id='word_1_564' title='bbox 2069 3844 2232 3911; x_wconf 83' lang='lat' dir='ltr'>duntaxat</span> 
     </span>
     <span class='ocr_line' id='line_1_43' title="bbox 223 3929 2230 4017; baseline 0 -20"><span class='ocrx_word' id='word_1_565' title='bbox 223 3952 328 3997; x_wconf 91' lang='lat' dir='ltr'>nuum</span> <span class='ocrx_word' id='word_1_566' title='bbox 348 3931 589 4014; x_wconf 90' lang='lat' dir='ltr'>impositionem</span> <span class='ocrx_word' id='word_1_567' title='bbox 611 3954 706 3997; x_wconf 91' lang='lat' dir='ltr'>nemo</span> <span class='ocrx_word' id='word_1_568' title='bbox 728 3955 828 3998; x_wconf 88' lang='lat' dir='ltr'>senus</span> <span class='ocrx_word' id='word_1_569' title='bbox 849 3933 1019 4015; x_wconf 91' lang='lat' dir='ltr'>improbet.</span> <span class='ocrx_word' id='word_1_570' title='bbox 1254 3929 1422 3995; x_wconf 85' lang='lat' dir='ltr'>adolendis</span> <span class='ocrx_word' id='word_1_571' title='bbox 1444 3931 1606 4010; x_wconf 89' lang='lat' dir='ltr'>thuribus,</span> <span class='ocrx_word' id='word_1_572' title='bbox 1629 3933 1814 3999; x_wconf 90' lang='lat' dir='ltr'>simulacris</span> <span class='ocrx_word' id='word_1_573' title='bbox 1835 3934 2005 4017; x_wconf 90' lang='lat' dir='ltr'>poliendis,</span> <span class='ocrx_word' id='word_1_574' title='bbox 2033 3953 2230 3998; x_wconf 89' lang='lat' dir='ltr'>converren-</span> 
     </span>
     <span class='ocr_line' id='line_1_44' title="bbox 313 4015 2231 4104; baseline 0.002 -24"><span class='ocrx_word' id='word_1_575' title='bbox 313 4020 362 4080; x_wconf 88' lang='grc'>34.</span> <span class='ocrx_word' id='word_1_576' title='bbox 408 4017 459 4082; x_wconf 86' lang='lat' dir='ltr'>Dc</span> <span class='ocrx_word' id='word_1_577' title='bbox 485 4019 595 4083; x_wconf 78' lang='lat' dir='ltr'>ordine</span> <span class='ocrx_word' id='word_1_578' title='bbox 622 4039 741 4100; x_wconf 80' lang='lat' dir='ltr'>quoque</span> <span class='ocrx_word' id='word_1_579' title='bbox 768 4020 953 4084; x_wconf 77' lang='grc'>1166666166</span> <span class='ocrx_word' id='word_1_580' title='bbox 979 4018 1203 4102; x_wconf 77' lang='grc'>6111166666-</span> <span class='ocrx_word' id='word_1_581' title='bbox 1254 4015 1304 4080; x_wconf 88' lang='grc'>116</span> <span class='ocrx_word' id='word_1_582' title='bbox 1336 4016 1482 4098; x_wconf 87' lang='grc'>16616116,</span> <span class='ocrx_word' id='word_1_583' title='bbox 1515 4017 1685 4100; x_wconf 88' lang='lat' dir='ltr'>captandis</span> <span class='ocrx_word' id='word_1_584' title='bbox 1712 4020 1878 4098; x_wconf 86' lang='lat' dir='ltr'>muribus,</span> <span class='ocrx_word' id='word_1_585' title='bbox 1911 4019 2065 4104; x_wconf 84' lang='lat' dir='ltr'>fugandis</span> <span class='ocrx_word' id='word_1_586' title='bbox 2093 4018 2231 4083; x_wconf 87' lang='lat' dir='ltr'>canibus</span> 
     </span>
     <span class='ocr_line' id='line_1_45' title="bbox 224 4101 2230 4189; baseline 0.001 -23"><span class='ocrx_word' id='word_1_587' title='bbox 224 4122 299 4180; x_wconf 78' lang='grc'>1616,</span> <span class='ocrx_word' id='word_1_588' title='bbox 322 4103 635 4168; x_wconf 75' lang='grc'>61166111666616116</span> <span class='ocrx_word' id='word_1_589' title='bbox 655 4105 973 4188; x_wconf 68' lang='grc'>6661666616</span> <span class='ocrx_word' id='word_1_590' title='bbox 990 4106 1203 4170; x_wconf 74' lang='lat' dir='ltr'>ministerium</span> <span class='ocrx_word' id='word_1_591' title='bbox 1252 4102 1452 4184; x_wconf 86' lang='lat' dir='ltr'>praeficeret.</span> <span class='ocrx_word' id='word_1_592' title='bbox 1498 4101 1582 4182; x_wconf 79' lang='lat' dir='ltr'>Quis</span> <span class='ocrx_word' id='word_1_593' title='bbox 1614 4103 1648 4168; x_wconf 93' lang='lat' dir='ltr'>id</span> <span class='ocrx_word' id='word_1_594' title='bbox 1681 4105 1853 4169; x_wconf 92' lang='lat' dir='ltr'>hominum</span> <span class='ocrx_word' id='word_1_595' title='bbox 1880 4127 1983 4189; x_wconf 91' lang='lat' dir='ltr'>genus</span> <span class='ocrx_word' id='word_1_596' title='bbox 2012 4104 2125 4170; x_wconf 84' lang='lat' dir='ltr'>vocari</span> <span class='ocrx_word' id='word_1_597' title='bbox 2152 4125 2230 4187; x_wconf 89' lang='lat' dir='ltr'>apo·</span> 
     </span>
     <span class='ocr_line' id='line_1_46' title="bbox 223 4188 2230 4276; baseline 0 -23"><span class='ocrx_word' id='word_1_598' title='bbox 223 4188 314 4266; x_wconf 82' lang='grc'>11161,</span> <span class='ocrx_word' id='word_1_599' title='bbox 343 4189 425 4270; x_wconf 80' lang='grc'>6661</span> <span class='ocrx_word' id='word_1_600' title='bbox 452 4188 511 4253; x_wconf 82' lang='lat' dir='ltr'>sab</span> <span class='ocrx_word' id='word_1_601' title='bbox 538 4189 688 4275; x_wconf 76' lang='lat' dir='ltr'>apostolis</span> <span class='ocrx_word' id='word_1_602' title='bbox 715 4197 743 4254; x_wconf 83' lang='lat' dir='ltr'>et</span> <span class='ocrx_word' id='word_1_603' title='bbox 768 4190 803 4253; x_wconf 83' lang='grc'>16</span> <span class='ocrx_word' id='word_1_604' title='bbox 824 4191 956 4271; x_wconf 75' lang='lat' dir='ltr'>puriore</span> <span class='ocrx_word' id='word_1_605' title='bbox 984 4191 1202 4272; x_wconf 68' lang='grc' dir='ltr'>6661661616ίί.</span> <span class='ocrx_word' id='word_1_606' title='bbox 1254 4188 1557 4270; x_wconf 86' lang='grc'>616166661616161,</span> <span class='ocrx_word' id='word_1_607' title='bbox 1586 4199 1620 4254; x_wconf 89' lang='lat' dir='ltr'>et</span> <span class='ocrx_word' id='word_1_608' title='bbox 1641 4192 1782 4256; x_wconf 85' lang='lat' dir='ltr'>conferri</span> <span class='ocrx_word' id='word_1_609' title='bbox 1805 4212 1880 4256; x_wconf 91' lang='lat' dir='ltr'>cum</span> <span class='ocrx_word' id='word_1_610' title='bbox 1902 4192 1982 4276; x_wconf 82' lang='lat' dir='ltr'>ipsis</span> <span class='ocrx_word' id='word_1_611' title='bbox 2004 4189 2131 4256; x_wconf 82' lang='lat' dir='ltr'>Christi</span> <span class='ocrx_word' id='word_1_612' title='bbox 2153 4210 2230 4272; x_wconf 91' lang='lat' dir='ltr'>ape-</span> 
     </span>
     <span class='ocr_line' id='line_1_47' title="bbox 226 4271 2228 4360; baseline 0.001 -24"><span class='ocrx_word' id='word_1_613' title='bbox 226 4274 257 4357; x_wconf 87' lang='lat'>²)</span> <span class='ocrx_word' id='word_1_614' title='bbox 268 4274 413 4339; x_wconf 77' lang='lat' dir='ltr'>Tametsi</span> <span class='ocrx_word' id='word_1_615' title='bbox 442 4272 593 4348; x_wconf 76' lang='grc' dir='ltr'><strong><em>διακονίας</em></strong></span> <span class='ocrx_word' id='word_1_616' title='bbox 620 4274 815 4340; x_wconf 87' lang='grc'>1666161661</span> <span class='ocrx_word' id='word_1_617' title='bbox 843 4275 944 4340; x_wconf 88' lang='grc'>161661</span> <span class='ocrx_word' id='word_1_618' title='bbox 973 4276 1074 4341; x_wconf 89' lang='lat' dir='ltr'>habet</span> <span class='ocrx_word' id='word_1_619' title='bbox 1099 4277 1201 4360; x_wconf 88' lang='lat' dir='ltr'>signi-</span> <span class='ocrx_word' id='word_1_620' title='bbox 1253 4271 1368 4338; x_wconf 80' lang='lat' dir='ltr'>stolis?</span> <span class='ocrx_word' id='word_1_621' title='bbox 1407 4274 1552 4340; x_wconf 90' lang='lat' dir='ltr'>Posthac</span> <span class='ocrx_word' id='word_1_622' title='bbox 1573 4295 1661 4358; x_wconf 88' lang='lat' dir='ltr'>erge,</span> <span class='ocrx_word' id='word_1_623' title='bbox 1684 4273 1734 4340; x_wconf 83' lang='lat' dir='ltr'>ne&#39;</span> <span class='ocrx_word' id='word_1_624' title='bbox 1748 4277 1901 4342; x_wconf 89' lang='lat' dir='ltr'>diaconos</span> <span class='ocrx_word' id='word_1_625' title='bbox 1923 4298 1993 4342; x_wconf 92' lang='lat' dir='ltr'>esse</span> <span class='ocrx_word' id='word_1_626' title='bbox 2015 4276 2228 4352; x_wconf 84' lang='lat' dir='ltr'>mentiantur,</span> 
     </span>
     <span class='ocr_line' id='line_1_48' title="bbox 224 4359 2227 4450; baseline 0 -27"><span class='ocrx_word' id='word_1_627' title='bbox 224 4359 417 4437; x_wconf 88' lang='lat' dir='ltr'>ficationem,</span> <span class='ocrx_word' id='word_1_628' title='bbox 440 4361 623 4443; x_wconf 86' lang='lat' dir='ltr'>specialiter</span> <span class='ocrx_word' id='word_1_629' title='bbox 640 4367 751 4426; x_wconf 88' lang='lat' dir='ltr'>tamen</span> <span class='ocrx_word' id='word_1_630' title='bbox 768 4361 929 4443; x_wconf 88' lang='lat' dir='ltr'>scriptura</span> <span class='ocrx_word' id='word_1_631' title='bbox 949 4362 1201 4426; x_wconf 77' lang='grc'>(1666666666-</span> <span class='ocrx_word' id='word_1_632' title='bbox 1253 4379 1335 4440; x_wconf 90' lang='lat' dir='ltr'>quos</span> <span class='ocrx_word' id='word_1_633' title='bbox 1362 4360 1495 4424; x_wconf 90' lang='lat' dir='ltr'>nonnisi</span> <span class='ocrx_word' id='word_1_634' title='bbox 1520 4360 1561 4425; x_wconf 90' lang='lat' dir='ltr'>ad</span> <span class='ocrx_word' id='word_1_635' title='bbox 1589 4360 1799 4428; x_wconf 88' lang='lat' dir='ltr'>histrionicos</span> <span class='ocrx_word' id='word_1_636' title='bbox 1825 4384 1901 4450; x_wconf 81' lang='lat' dir='ltr'>¹suos</span> <span class='ocrx_word' id='word_1_637' title='bbox 1923 4362 2018 4427; x_wconf 88' lang='grc'>16166</span> <span class='ocrx_word' id='word_1_638' title='bbox 2039 4363 2227 4426; x_wconf 88' lang='grc'>1661116661.</span> 
     </span>
     <span class='ocr_line' id='line_1_49' title="bbox 223 4444 2230 4531; baseline 0 -21"><span class='ocrx_word' id='word_1_639' title='bbox 223 4452 322 4527; x_wconf 88' lang='grc'>66661</span> <span class='ocrx_word' id='word_1_640' title='bbox 343 4466 423 4528; x_wconf 92' lang='lat' dir='ltr'>ques</span> <span class='ocrx_word' id='word_1_641' title='bbox 446 4445 661 4531; x_wconf 82' lang='lat' dir='ltr'>eleemosynis</span> <span class='ocrx_word' id='word_1_642' title='bbox 683 4446 910 4530; x_wconf 88' lang='lat' dir='ltr'>dispensandis</span> <span class='ocrx_word' id='word_1_643' title='bbox 931 4449 1078 4531; x_wconf 88' lang='lat' dir='ltr'>praeficit</span> <span class='ocrx_word' id='word_1_644' title='bbox 1099 4447 1201 4512; x_wconf 91' lang='lat' dir='ltr'>eccle·</span> <span class='ocrx_word' id='word_1_645' title='bbox 1255 4444 1432 4527; x_wconf 60' lang='grc' dir='ltr'>Ε)11611166</span> <span class='ocrx_word' id='word_1_646' title='bbox 1463 4445 1562 4510; x_wconf 88' lang='grc'>611661</span> <span class='ocrx_word' id='word_1_647' title='bbox 1592 4449 1712 4512; x_wconf 68' lang='lat' dir='ltr'>docent</span> <span class='ocrx_word' id='word_1_648' title='bbox 1744 4454 1777 4512; x_wconf 90' lang='grc'>61</span> <span class='ocrx_word' id='word_1_649' title='bbox 1809 4448 1850 4513; x_wconf 90' lang='grc'>61</span> <span class='ocrx_word' id='word_1_650' title='bbox 1882 4447 1966 4514; x_wconf 91' lang='lat' dir='ltr'>filios</span> <span class='ocrx_word' id='word_1_651' title='bbox 1998 4448 2084 4513; x_wconf 83' lang='lat' dir='ltr'>Levi</span> <span class='ocrx_word' id='word_1_652' title='bbox 2116 4467 2230 4511; x_wconf 90' lang='lat' dir='ltr'>eorum</span> 
     </span>
     <span class='ocr_line' id='line_1_50' title="bbox 223 4530 2228 4618; baseline 0.001 -25"><span class='ocrx_word' id='word_1_653' title='bbox 223 4531 271 4593; x_wconf 89' lang='lat' dir='ltr'>sia</span> <span class='ocrx_word' id='word_1_654' title='bbox 304 4539 337 4595; x_wconf 91' lang='lat' dir='ltr'>et</span> <span class='ocrx_word' id='word_1_655' title='bbox 370 4530 462 4597; x_wconf 88' lang='lat' dir='ltr'>velut</span> <span class='ocrx_word' id='word_1_656' title='bbox 494 4532 615 4614; x_wconf 89' lang='lat' dir='ltr'>publici</span> <span class='ocrx_word' id='word_1_657' title='bbox 648 4553 829 4614; x_wconf 88' lang='lat' dir='ltr'>pauperum</span> <span class='ocrx_word' id='word_1_658' title='bbox 861 4534 979 4598; x_wconf 86' lang='lat' dir='ltr'>aerarii</span> <span class='ocrx_word' id='word_1_659' title='bbox 1012 4553 1201 4598; x_wconf 91' lang='lat' dir='ltr'>oeconomos</span> <span class='ocrx_word' id='word_1_660' title='bbox 1252 4530 1412 4595; x_wconf 88' lang='lat' dir='ltr'>rationem</span> <span class='ocrx_word' id='word_1_661' title='bbox 1435 4551 1472 4596; x_wconf 91' lang='lat' dir='ltr'>ac</span> <span class='ocrx_word' id='word_1_662' title='bbox 1492 4531 1653 4616; x_wconf 92' lang='lat' dir='ltr'>originem</span> <span class='ocrx_word' id='word_1_663' title='bbox 1674 4533 1830 4598; x_wconf 82' lang='lat' dir='ltr'>referunt.</span> <span class='ocrx_word' id='word_1_664' title='bbox 1877 4533 1974 4614; x_wconf 79' lang='lat' dir='ltr'>Quod</span> <span class='ocrx_word' id='word_1_665' title='bbox 2001 4554 2134 4618; x_wconf 89' lang='grc'>661616</span> <span class='ocrx_word' id='word_1_666' title='bbox 2156 4532 2228 4616; x_wconf 92' lang='lat' dir='ltr'>qui·</span> 
     </span>
     <span class='ocr_line' id='line_1_51' title="bbox 222 4618 1525 4700; baseline 0.001 -19"><span class='ocrx_word' id='word_1_667' title='bbox 222 4618 400 4694; x_wconf 88' lang='lat' dir='ltr'>constituit,</span> <span class='ocrx_word' id='word_1_668' title='bbox 423 4639 561 4700; x_wconf 90' lang='lat' dir='ltr'>querum</span> <span class='ocrx_word' id='word_1_669' title='bbox 583 4618 674 4700; x_wconf 91' lang='lat' dir='ltr'>origo</span> <span class='ocrx_word' id='word_1_670' title='bbox 692 4619 854 4682; x_wconf 90' lang='lat' dir='ltr'>institutio</span> <span class='ocrx_word' id='word_1_671' title='bbox 873 4640 910 4683; x_wconf 87' lang='lat' dir='ltr'>ac</span> <span class='ocrx_word' id='word_1_672' title='bbox 931 4619 1054 4682; x_wconf 87' lang='lat' dir='ltr'>functio</span> <span class='ocrx_word' id='word_1_673' title='bbox 1072 4640 1091 4682; x_wconf 96' lang='grc'>6</span> <span class='ocrx_word' id='word_1_674' title='bbox 1108 4619 1202 4683; x_wconf 85' lang='lat' dir='ltr'>Luca</span> <span class='ocrx_word' id='word_1_675' title='bbox 1523 4623 1525 4626; x_wconf 49' lang='lat'><em>⁴</em></span> 
     </span>
     <span class='ocr_line' id='line_1_52' title="bbox 221 4701 1671 4788; baseline 0.002 -22"><span class='ocrx_word' id='word_1_676' title='bbox 221 4701 257 4766; x_wconf 91' lang='lat' dir='ltr'>in</span> <span class='ocrx_word' id='word_1_677' title='bbox 279 4703 372 4767; x_wconf 84' lang='lat' dir='ltr'>Actis</span> <span class='ocrx_word' id='word_1_678' title='bbox 395 4703 478 4788; x_wconf 88' lang='lat' dir='ltr'>(cap.</span> <span class='ocrx_word' id='word_1_679' title='bbox 500 4704 534 4788; x_wconf 83' lang='lat'>6)</span> <span class='ocrx_word' id='word_1_680' title='bbox 558 4703 760 4769; x_wconf 91' lang='lat' dir='ltr'>describitur.</span> <span class='ocrx_word' id='word_1_681' title='bbox 805 4703 917 4785; x_wconf 80' lang='lat' dir='ltr'>Quum</span> <span class='ocrx_word' id='word_1_682' title='bbox 940 4704 1028 4767; x_wconf 90' lang='lat' dir='ltr'>enim</span> <span class='ocrx_word' id='word_1_683' title='bbox 1051 4725 1201 4768; x_wconf 89' lang='lat' dir='ltr'>murmur</span> <span class='ocrx_word' id='word_1_684' title='bbox 1658 4756 1671 4779; x_wconf 68' lang='grc'>,</span> 
     </span>
     <span class='ocr_line' id='line_1_53' title="bbox 223 4787 2227 4891; baseline 0.002 -40"><span class='ocrx_word' id='word_1_685' title='bbox 223 4808 243 4851; x_wconf 90' lang='grc'>6</span> <span class='ocrx_word' id='word_1_686' title='bbox 264 4787 400 4853; x_wconf 82' lang='lat' dir='ltr'>Graecis</span> <span class='ocrx_word' id='word_1_687' title='bbox 424 4789 602 4854; x_wconf 81' lang='lat' dir='ltr'>excitatum</span> <span class='ocrx_word' id='word_1_688' title='bbox 624 4796 724 4869; x_wconf 89' lang='lat' dir='ltr'>esset,</span> <span class='ocrx_word' id='word_1_689' title='bbox 752 4789 838 4872; x_wconf 92' lang='lat' dir='ltr'>quod</span> <span class='ocrx_word' id='word_1_690' title='bbox 861 4789 896 4851; x_wconf 93' lang='lat' dir='ltr'>in</span> <span class='ocrx_word' id='word_1_691' title='bbox 917 4789 1099 4888; x_wconf 69' lang='lat' dir='ltr'>ministerio</span> <span class='ocrx_word' id='word_1_692' title='bbox 1120 4810 1200 4872; x_wconf 89' lang='lat' dir='ltr'>pau·</span> <span class='ocrx_word' id='word_1_693' title='bbox 1231 4803 1232 4806; x_wconf 76' lang='grc'>’</span> <span class='ocrx_word' id='word_1_694' title='bbox 1321 4821 1351 4889; x_wconf 77' lang='lat'>1)</span> <span class='ocrx_word' id='word_1_695' title='bbox 1377 4821 1443 4876; x_wconf 58' lang='lat' dir='ltr'>Huc</span> <span class='ocrx_word' id='word_1_696' title='bbox 1464 4836 1549 4891; x_wconf 49' lang='grc' dir='ltr'>ΜΨ,</span> <span class='ocrx_word' id='word_1_697' title='bbox 1571 4826 1660 4876; x_wconf 59' lang='lat' dir='ltr'>m,</span> <span class='ocrx_word' id='word_1_698' title='bbox 1677 4829 1774 4877; x_wconf 58' lang='lat' dir='ltr'>mm,</span> <span class='ocrx_word' id='word_1_699' title='bbox 1795 4825 1910 4878; x_wconf 56' lang='lat' dir='ltr'><strong><em>‚natm-a</em></strong></span> <span class='ocrx_word' id='word_1_700' title='bbox 1933 4825 1963 4877; x_wconf 76' lang='lat' dir='ltr'>in</span> <span class='ocrx_word' id='word_1_701' title='bbox 1980 4824 2044 4878; x_wconf 75' lang='lat' dir='ltr'>edit.</span> <span class='ocrx_word' id='word_1_702' title='bbox 2061 4840 2086 4877; x_wconf 83' lang='lat' dir='ltr'>a.</span> <span class='ocrx_word' id='word_1_703' title='bbox 2106 4821 2174 4877; x_wconf 74' lang='lat'>1543</span> <span class='ocrx_word' id='word_1_704' title='bbox 2192 4823 2227 4877; x_wconf 63' lang='grc'>,6,</span> 
     </span>
    </p>
   </div>
   <div class='ocr_carea' id='block_1_5' title="bbox 221 4890 2227 5300">
    <p class='ocr_par' dir='ltr' id='par_1_6' title="bbox 1251 4890 2227 4947">
     <span class='ocr_line' id='line_1_54' title="bbox 1251 4890 2227 4947; baseline 0.003 -3"><span class='ocrx_word' id='word_1_705' title='bbox 1251 4895 1362 4944; x_wconf 80' lang='lat' dir='ltr'>caetere</span> <span class='ocrx_word' id='word_1_706' title='bbox 1385 4890 1448 4945; x_wconf 76' lang='grc'>1166</span> <span class='ocrx_word' id='word_1_707' title='bbox 1471 4891 1597 4944; x_wconf 76' lang='lat' dir='ltr'>excolere</span> <span class='ocrx_word' id='word_1_708' title='bbox 1618 4893 1702 4945; x_wconf 75' lang='lat' dir='ltr'>iusso.</span> <span class='ocrx_word' id='word_1_709' title='bbox 1740 4891 1775 4945; x_wconf 82' lang='lat' dir='ltr'>Se</span> <span class='ocrx_word' id='word_1_710' title='bbox 1813 4894 1984 4947; x_wconf 79' lang='grc'>6611666116</span> <span class='ocrx_word' id='word_1_711' title='bbox 2007 4900 2085 4947; x_wconf 79' lang='grc'>16666</span> <span class='ocrx_word' id='word_1_712' title='bbox 2102 4908 2152 4946; x_wconf 76' lang='grc'>666</span> <span class='ocrx_word' id='word_1_713' title='bbox 2170 4893 2227 4947; x_wconf 79' lang='lat' dir='ltr'>loeo</span> 
     </span>
    </p>

    <p class='ocr_par' dir='ltr' id='par_1_7' title="bbox 1251 4909 2227 5031">
     <span class='ocr_line' id='line_1_55' title="bbox 1251 4909 2227 5031; baseline 0.001 -19"><span class='ocrx_word' id='word_1_714' title='bbox 1251 4965 1366 5013; x_wconf 80' lang='grc'>6616616.</span> <span class='ocrx_word' id='word_1_715' title='bbox 1435 4958 1466 5026; x_wconf 77' lang='grc'>2)</span> <span class='ocrx_word' id='word_1_716' title='bbox 1485 4959 1561 5012; x_wconf 81' lang='lat' dir='ltr'>Edit.</span> <span class='ocrx_word' id='word_1_717' title='bbox 1581 4958 1751 5031; x_wconf 53' lang='grc'>15636661</span> <span class='ocrx_word' id='word_1_718' title='bbox 1769 4909 1838 5026; x_wconf 64' lang='grc'>(1116</span> <span class='ocrx_word' id='word_1_719' title='bbox 1857 4963 2141 5030; x_wconf 83' lang='grc'>6116616666616166</span> <span class='ocrx_word' id='word_1_720' title='bbox 2159 4963 2227 5014; x_wconf 86' lang='lat' dir='ltr'>satis</span> 
     </span>
    </p>

    <p class='ocr_par' dir='ltr' id='par_1_8' title="bbox 221 5025 2227 5300">
     <span class='ocr_line' id='line_1_56' title="bbox 292 5025 2227 5110; baseline 0.003 -32"><span class='ocrx_word' id='word_1_721' title='bbox 292 5025 321 5094; x_wconf 89' lang='lat'>1)</span> <span class='ocrx_word' id='word_1_722' title='bbox 339 5027 466 5095; x_wconf 83' lang='lat' dir='ltr'>Apostoli</span> <span class='ocrx_word' id='word_1_723' title='bbox 484 5067 490 5079; x_wconf 93' lang='lat'>.</span> <span class='ocrx_word' id='word_1_724' title='bbox 509 5067 516 5080; x_wconf 93' lang='lat'>.</span> <span class='ocrx_word' id='word_1_725' title='bbox 536 5066 542 5079; x_wconf 92' lang='lat'>.</span> <span class='ocrx_word' id='word_1_726' title='bbox 561 5068 568 5081; x_wconf 91' lang='lat'>.</span> <span class='ocrx_word' id='word_1_727' title='bbox 587 5031 735 5082; x_wconf 85' lang='grc'>1166661161.</span> <span class='ocrx_word' id='word_1_728' title='bbox 771 5028 1073 5097; x_wconf 73' lang='grc'>11666666616666161</span> <span class='ocrx_word' id='word_1_729' title='bbox 1090 5029 1121 5082; x_wconf 76' lang='lat' dir='ltr'>in</span> <span class='ocrx_word' id='word_1_730' title='bbox 1137 5029 1199 5096; x_wconf 78' lang='grc'>1666</span> <span class='ocrx_word' id='word_1_731' title='bbox 1250 5028 1402 5094; x_wconf 77' lang='lat' dir='ltr'>declarant,</span> <span class='ocrx_word' id='word_1_732' title='bbox 1421 5029 1499 5098; x_wconf 84' lang='lat' dir='ltr'>quale</span> <span class='ocrx_word' id='word_1_733' title='bbox 1516 5028 1554 5080; x_wconf 92' lang='lat' dir='ltr'>sit</span> <span class='ocrx_word' id='word_1_734' title='bbox 1571 5029 1694 5082; x_wconf 88' lang='lat' dir='ltr'>officium.</span> <span class='ocrx_word' id='word_1_735' title='bbox 1730 5031 1840 5083; x_wconf 74' lang='lat' dir='ltr'>Levites</span> <span class='ocrx_word' id='word_1_736' title='bbox 1858 5031 1929 5083; x_wconf 90' lang='grc'>66116</span> <span class='ocrx_word' id='word_1_737' title='bbox 1947 5031 2095 5110; x_wconf 84' lang='lat' dir='ltr'>appellant,</span> <span class='ocrx_word' id='word_1_738' title='bbox 2120 5047 2227 5084; x_wconf 85' lang='lat' dir='ltr'>eornm-</span> 
     </span>
     <span class='ocr_line' id='line_1_57' title="bbox 221 5095 2226 5167; baseline 0.003 -21"><span class='ocrx_word' id='word_1_739' title='bbox 221 5095 609 5164; x_wconf 61' lang='grc'>666116666166661612.</span> <span class='ocrx_word' id='word_1_740' title='bbox 679 5098 708 5162; x_wconf 76' lang='grc'>2]</span> <span class='ocrx_word' id='word_1_741' title='bbox 733 5097 809 5166; x_wconf 79' lang='lat' dir='ltr'>Quae</span> <span class='ocrx_word' id='word_1_742' title='bbox 830 5104 979 5167; x_wconf 76' lang='grc'>6661166161</span> <span class='ocrx_word' id='word_1_743' title='bbox 1001 5097 1129 5152; x_wconf 74' lang='lat' dir='ltr'>hocloco</span> <span class='ocrx_word' id='word_1_744' title='bbox 1152 5098 1197 5152; x_wconf 89' lang='lat' dir='ltr'>ab·</span> <span class='ocrx_word' id='word_1_745' title='bbox 1251 5113 1303 5166; x_wconf 84' lang='lat' dir='ltr'>qne</span> <span class='ocrx_word' id='word_1_746' title='bbox 1320 5098 1454 5150; x_wconf 85' lang='lat' dir='ltr'>rationem</span> <span class='ocrx_word' id='word_1_747' title='bbox 1471 5113 1503 5150; x_wconf 85' lang='lat' dir='ltr'>ae</span> <span class='ocrx_word' id='word_1_748' title='bbox 1521 5098 1651 5167; x_wconf 86' lang='lat' dir='ltr'>originem</span> <span class='ocrx_word' id='word_1_749' title='bbox 1669 5099 1704 5151; x_wconf 86' lang='lat' dir='ltr'>ad</span> <span class='ocrx_word' id='word_1_750' title='bbox 1721 5099 1791 5152; x_wconf 89' lang='lat' dir='ltr'>filios</span> <span class='ocrx_word' id='word_1_751' title='bbox 1809 5099 1876 5153; x_wconf 78' lang='lat' dir='ltr'>Levi</span> <span class='ocrx_word' id='word_1_752' title='bbox 1895 5099 2111 5152; x_wconf 82' lang='grc'>1616111161661</span> <span class='ocrx_word' id='word_1_753' title='bbox 2148 5100 2226 5164; x_wconf 87' lang='lat' dir='ltr'>Quod</span> 
     </span>
     <span class='ocr_line' id='line_1_58' title="bbox 222 5163 2226 5287; baseline 0.003 -72"><span class='ocrx_word' id='word_1_754' title='bbox 222 5164 436 5287; x_wconf 37' lang='lat' dir='ltr'>anacastra</span> <span class='ocrx_word' id='word_1_755' title='bbox 461 5163 543 5287; x_wconf 47' lang='grc'>1164111</span> <span class='ocrx_word' id='word_1_756' title='bbox 543 5181 622 5286; x_wconf 51' lang='grc'>16666</span> <span class='ocrx_word' id='word_1_757' title='bbox 646 5183 762 5236; x_wconf 81' lang='lat' dir='ltr'>quoram</span> <span class='ocrx_word' id='word_1_758' title='bbox 784 5173 875 5221; x_wconf 83' lang='grc'>166166</span> <span class='ocrx_word' id='word_1_759' title='bbox 903 5167 1200 5221; x_wconf 77' lang='grc'>66666161166116111</span> <span class='ocrx_word' id='word_1_760' title='bbox 1250 5181 1299 5233; x_wconf 89' lang='lat' dir='ltr'>per</span> <span class='ocrx_word' id='word_1_761' title='bbox 1316 5182 1360 5218; x_wconf 93' lang='lat' dir='ltr'>me</span> <span class='ocrx_word' id='word_1_762' title='bbox 1379 5167 1487 5234; x_wconf 91' lang='lat' dir='ltr'>quidem</span> <span class='ocrx_word' id='word_1_763' title='bbox 1506 5167 1581 5231; x_wconf 88' lang='lat' dir='ltr'>lieet,</span> <span class='ocrx_word' id='word_1_764' title='bbox 1607 5168 1687 5220; x_wconf 90' lang='lat' dir='ltr'>modo</span> <span class='ocrx_word' id='word_1_765' title='bbox 1710 5185 1744 5220; x_wconf 91' lang='lat' dir='ltr'>ne</span> <span class='ocrx_word' id='word_1_766' title='bbox 1767 5168 1863 5220; x_wconf 86' lang='lat' dir='ltr'>alienis</span> <span class='ocrx_word' id='word_1_767' title='bbox 1884 5169 1984 5237; x_wconf 89' lang='lat' dir='ltr'>plumis</span> <span class='ocrx_word' id='word_1_768' title='bbox 2002 5185 2048 5221; x_wconf 88' lang='lat' dir='ltr'>eos</span> <span class='ocrx_word' id='word_1_769' title='bbox 2065 5175 2162 5237; x_wconf 83' lang='lat' dir='ltr'>postea</span> <span class='ocrx_word' id='word_1_770' title='bbox 2180 5185 2226 5222; x_wconf 90' lang='grc'>16-</span> 
     </span>
     <span class='ocr_line' id='line_1_59' title="bbox 222 5246 627 5300; baseline 0.01 -18"><span class='ocrx_word' id='word_1_771' title='bbox 222 5246 259 5282; x_wconf 87' lang='grc'>66</span> <span class='ocrx_word' id='word_1_772' title='bbox 414 5248 458 5300; x_wconf 81' lang='lat' dir='ltr'>ap.</span> <span class='ocrx_word' id='word_1_773' title='bbox 561 5272 567 5286; x_wconf 94' lang='lat'>.</span> <span class='ocrx_word' id='word_1_774' title='bbox 622 5273 627 5285; x_wconf 91' lang='lat'>.</span> 
     </span>
    </p>
   </div>
   <div class='ocr_carea' id='block_1_6' title="bbox 1249 5234 1340 5287">
    <p class='ocr_par' dir='ltr' id='par_1_9' title="bbox 1249 5234 1340 5287">
     <span class='ocr_line' id='line_1_60' title="bbox 1249 5234 1340 5287; baseline 0 -2"><span class='ocrx_word' id='word_1_775' title='bbox 1249 5234 1340 5287; x_wconf 84' lang='lat' dir='ltr'>stiant.</span> 
     </span>
    </p>
   </div>
   <div class='ocr_carea' id='block_1_7' title="bbox 0 0 2394 6020">
    <p class='ocr_par' dir='ltr' id='par_1_10' title="bbox 0 0 2394 6020">
     <span class='ocr_line' id='line_1_61' title="bbox 0 0 2394 6020; baseline 0 0"><span class='ocrx_word' id='word_1_776' title='bbox 0 0 2394 6020; x_wconf 95' lang='lat' dir='ltr'> </span> 
     </span>
    </p>
   </div>
  </div>
 </body>
</html>
