4770 6030
177 329 235 390 111
308 272 327 348 ·’
774 316 873 385 111.
896 317 938 382 v,
982 313 1237 385 11111111
1260 314 1600 381 1111111111.
2135 330 2194 391 111

173 534 253 579 mus.
298 509 472 587 Alteram,
506 530 589 591 quae
617 509 652 572 in
676 508 818 591 proximi
844 508 984 591 gratiam
1011 505 1160 571 facienda
1214 503 1294 568 dum
1315 503 1401 587 quod
1419 505 1537 569 merita
1561 505 1654 590 ligati
1672 516 1729 572 aut
1747 509 1843 574 soluti
1864 513 2081 595 postulabant
2113 517 2195 582 Por-

174 602 223 677 sit,
246 597 288 662 ad
306 597 423 678 ipsum
433 595 632 677 placandum
643 603 675 658 et
692 594 784 659 nobis
802 591 842 679 [p.
855 591 931 679 319]
951 592 1161 658 reconcilian-
1214 612 1259 668 ro,
1285 587 1326 740 Ep.
1341 587 1417 676 321]
1443 588 1504 655 has
1526 591 1634 658 claves
1652 596 1802 660 omnibus
1818 596 2038 665 sacerdotibus
2061 623 2080 665 a
2097 600 2196 666 (11111-

174 686 266 763 dum,
294 683 323 748 si
355 702 424 764 qua
454 682 489 745 iu
515 703 551 746 re
578 690 690 746 nostro
718 681 797 745 vitio
823 680 932 744 laesus
958 679 1062 742 fuerit.
1108 677 1161 741 De
1214 686 1264 740 sto
1309 684 1380 740 atas
1403 698 1483 754 esse,
1507 699 1589 760 quaa
1611 679 1677 745 illis
1695 681 1736 746 ab
1759 683 1917 765 episcopis
1938 685 1974 749 in
1993 689 2195 768 promotione

88 776 90 781 '
174 793 237 856 qua
258 768 421 835 Christus
443 762 1162 850 1111Μ111111111(Μ11111.5);11111111
1214 762 1426 827 conferuntur
1433 786 1441 841 ;
1471 761 1529 828 sed
1549 763 1689 829 liberum
1710 788 1806 832 usum
1831 790 1931 851 penes
1958 792 2014 836 eos
2035 771 2197 839 duntaxat

174 877 293 922 munus
315 862 417 918 tuum
435 852 478 917 ad
500 852 604 917 altare
626 864 659 917 et
686 853 731 917 ibi
753 851 940 916 reeordatus
962 851 1063 914 fueris
1085 850 1163 931 quia
1214 870 1298 926 esse,
1322 849 1378 931 qui
1396 848 1623 915 aeclesiasticis
1644 854 1836 918 muneribus
1857 855 2048 939 iimgtmtur.
2070 850 2195 942 'Apud

175 945 274 1009 frater
295 949 377 1003 tuus
401 938 503 1002 habet
524 937 648 1020 aliquid
677 937 850 1001 adversum
872 943 918 1011 te,
948 930 1095 1017 relinque
1117 934 1162 999 ibi
1214 935 1510 1000 excommunicatos
1532 944 1566 999 ct
1586 959 1775 1019 suspensos,
1798 962 1932 1006 manere
1954 943 2086 1025 quidem
2106 946 2195 1027 ipsas

176 1049 292 1094 munus
316 1036 417 1089 tuum
439 1032 473 1087 et
494 1024 556 1101 abi,
579 1024 733 1105 priusque
753 1022 961 1087 reconciliare
983 1021 1077 1085 fratri
1095 1031 1161 1099 tuo,
1215 1019 1340 1098 claves,
1363 1019 1420 1085 sed
1442 1021 1647 1104 rubiginosae
1668 1045 1705 1089 ac
1728 1025 1854 1107 ligatas.
1898 1028 1945 1091 Et
1966 1031 2022 1112 qui
2043 1030 2125 1096 haec
2145 1029 2194 1095 di·

147 1118 150 1126 “
177 1122 209 1179 11
227 1120 305 1177 tunc
328 1111 470 1176 veniens
491 1109 610 1174 offeres
631 1130 751 1172 munus
771 1115 873 1171 tuum.
907 1105 964 1172 Sic
986 1107 1075 1171 cuim
1092 1128 1162 1170 sar·
1215 1117 1308 1184 cunt,
1342 1105 1479 1171 modesti
1512 1115 1546 1172 et
1573 1109 1673 1174 sobrii
1706 1112 1777 1176 iure
1804 1114 1913 1178 vocari
1943 1117 2083 1197 possint,
2116 1137 2195 1199 prae

178 1198 290 1266 cienda
313 1202 368 1262 est
390 1196 525 1271 caritas,
556 1215 640 1275 quae
662 1200 774 1258 nostra
796 1192 892 1275 culpa
913 1193 1071 1279 dissoluta
1091 1193 1163 1257 fue·
1215 1191 1288 1257 aliis
1320 1193 1375 1273 qui
1409 1195 1469 1258 sub
1502 1216 1588 1260 nova
1621 1195 1740 1261 incude
1774 1220 1877 1264 novas
1909 1199 2018 1267 claves
2045 1202 2196 1269 fabricati

179 1287 232 1351 rit:
261 1282 397 1364 eulpam
419 1301 518 1363 quam
546 1279 737 1343 admisimus
760 1277 963 1361 agnoscendo
986 1287 1019 1342 et
1046 1277 1162 1361 depre-
1215 1287 1305 1355 sunt,
1334 1279 1451 1360 quibus
1480 1280 1673 1346 thesaurum
1701 1284 1856 1349 ecclesiae
1878 1285 2022 1351 obserari
2049 1288 2193 1353 tradunt

178 1368 288 1437 cando.
334 1366 452 1432 Aliam
473 1364 649 1430 confitendi
672 1364 723 1430 vel
744 1365 918 1441 rationem,
948 1364 1001 1429 vel
1022 1365 1162 1429 formam
1215 1363 2194 1457 111111111111111,111101111111111111111

179 1457 340 1538 scriptura
361 1473 499 1535 prorsus
521 1452 660 1534 ignorat.
1214 1449 1371 1513 stolorum
1392 1450 1494 1528 Petri,
1517 1452 1624 1533 Pauli,
1647 1465 1831 1540 martyrum
1853 1467 1886 1521 11
1907 1466 2044 1538 caetera,
2067 1482 2194 1525 nuncu·

263 1538 356 1620 Quid
374 1537 445 1602 illi?
483 1535 652 1614 Statuunt,
674 1540 712 1600 ut
731 1557 843 1599 omnes
866 1536 1034 1618 utriusque
1052 1558 1160 1615 sexus,
1213 1544 1301 1617 pant.
1357 1534 1467 1602 Huius
1499 1537 1609 1603 horrei
1639 1541 1817 1606 radicalem
1848 1544 2029 1610 custodiam
2057 1567 2192 1611 romano

179 1628 288 1694 statim
310 1632 412 1707 atque
438 1621 482 1688 'ad
503 1622 707 1687 discretionis
732 1643 836 1686 anuos
858 1623 1081 1703 pervenerint,
1110 1644 1161 1687 se-
1214 1622 1363 1704 episeopo
1384 1622 1541 1688 traditam
1571 1627 1709 1709 fingunt,
1733 1650 1832 1710 penes
1854 1652 1951 1712 quem
1975 1633 2018 1696 sit
2040 1631 2192 1698 radicalis

178 1712 243 1779 mel
270 1711 312 1776 ad
339 1710 517 1776 minimum
538 1708 712 1790 quotannis
734 1708 950 1772 confiteantur
969 1709 1079 1772 omnia
1102 1730 1162 1772 sua
1214 1713 1380 1772 tantorum
1413 1709 1573 1774 bonorum
1606 1711 1812 1795 dispensatio,
1845 1724 1883 1780 ut
1914 1725 1948 1781 11
1973 1719 2043 1800 ipse
2070 1740 2129 1800 per
2156 1739 2192 1784 se

178 1806 328 1883 paccata,
363 1795 496 1879 proprio
524 1793 699 1872 sacerdoti3
731 1815 792 1858 111
825 1802 994 1875 peccatum
1028 1793 1157 1874 dimitti,
1214 1792 1346 1875 elargiri
1366 1796 1469 1876 possit
1490 1803 1523 1859 11
1551 1797 1623 1862 aliis
1650 1798 1830 1884 elargiendi
1858 1803 2114 1869 iurisdictionem
2135 1804 2193 1869 de-
2233 1876 2236 1883 ,

178 1886 241 1952 nisi
267 1881 447 1949 confitendi
479 1885 594 1946 votum
621 1880 761 1945 firmiter
791 1887 981 1961 conceptum
1010 1880 1109 1944 fucrit
1124 1878 1159 1964 ¹).
1212 1879 1331 1962 legare.
1376 1880 1464 1946 Hine
1492 1904 1581 1948 nunc
1608 1885 1774 1966 plenariae
1799 1886 2021 1972 indulgentiae
2050 1913 2070 1955 a
2097 1911 2192 1972 papa,

179 1969 275 2052 Quod
295 1976 413 2035 votum
434 1967 498 2032 nisi
519 1965 629 2031 oblata
649 1965 804 2030 1111111111
828 1965 1031 2047 persolutum
1051 1966 1160 2043 1111111,
1213 1987 1301 2029 nunc
1321 1974 1486 2031 certorum
1503 1990 1679 2050 annorum;
1702 1994 1722 2036 1
1738 1972 1958 2040 cardinalibus
1975 1985 2108 2041 eentum
2125 1975 2193 2042 die-

178 2059 245 2122 iam
282 2053 395 2119 nullus
427 2058 519 2135 patet
549 2049 693 2133 paradisi
723 2052 899 2134 ingressus.
949 2050 1162 2117 Sacerdotem
1213 2072 1296 2128 rum,
1320 2051 1361 2116 ab
1383 2053 1542 2136 episeopis
1563 2055 1788 2140 quadraginta.

179 2164 257 2208 vero
277 2147 475 2224 potestatem
496 2137 619 2202 habere
641 2136 797 2213 clavium,
820 2137 937 2219 quibus
958 2145 1161 2219 peccatorem
1299 2136 1355 2201 Ad
1381 2138 1512 2221 singula
1544 2143 1657 2223 paucis
1690 2144 1899 2226 respondebo.
1951 2148 2057 2214 Tricce
2084 2154 2194 2214 autem

179 2229 286 2294 solvat
307 2234 341 2290 et
361 2225 453 2308 ligat,
475 2224 636 2307 quianon
654 2224 697 2286 sit
714 2223 843 2286 irritum
860 2222 985 2288 Christi
1006 2223 1159 2289 verbum:
1214 2221 1256 2286 od
1280 2243 1449 2304 praesens,
1478 2245 1541 2306 quo
1570 2227 1655 2305 iura,
1682 2250 1787 2310 quave
1814 2232 1947 2311 iniuria,
1977 2235 2045 2299 suis
2066 2235 2193 2318 legibus

178 2328 388 2396 quoscunque
420 2310 577 2393 ligaveris
611 2315 670 2376 ete.
720 2308 773 2372 De
807 2306 868 2373 hae
897 2330 974 2374 vero
1001 2317 1161 2391 potestate
1213 2307 1360 2372 fidelium
1391 2311 1518 2375 animas
1548 2312 1768 2396 obstringant,
1807 2316 1937 2397 quando
1968 2318 2004 2382 id
2036 2343 2094 2385 suo
2123 2320 2194 2387 loco

179 2398 375 2482 pugnaciter
396 2397 483 2461 inter
509 2417 545 2460 11
569 2393 813 2477 belligerantur.
859 2394 927 2458 Alii
954 2394 1066 2460 dicunt
1087 2395 1161 2459 uni·
1214 2392 1410 2476 dispiciatur.
1440 2392 1537 2475 Quod
1554 2406 1664 2462 autem
1681 2398 1787 2481 legem
1802 2401 1975 2484 imponunt
1990 2404 2030 2469 de
2047 2408 2194 2472 omnium

179 2506 254 2551 eam
275 2505 347 2549 esse
368 2482 496 2548 clavem
518 2482 555 2545 iu
576 2480 732 2558 essentia,
762 2480 886 2546 seilicet
906 2488 1100 2563 potestatem
1121 2480 1161 2544 li·
1212 2487 1421 2561 peeeatorum
1437 2485 1689 2562 enumeratione,
1712 2485 1798 2566 quod
1815 2499 1984 2568 peccatum
2003 2490 2123 2556 dimitti
2135 2514 2194 2558 ne-

178 2569 282 2655 gandi
302 2576 337 2633 et
353 2567 501 2634 solvendi
517 2567 702 2644 scientiam;
725 2565 899 2633 adbonum
915 2566 1046 2648 quidem
1064 2588 1162 2632 usum
1214 2574 1310 2648 gant,
1338 2567 1401 2632 uisi
1423 2568 1484 2633 sub
1506 2569 1688 2634 conditione
1710 2572 1739 2636 si
1760 2581 1872 2636 votum
1894 2577 2069 2641 confitendi
2090 2580 2193 2644 firmi·

177 2656 311 2738 requiri,
334 2652 392 2720 sed
410 2659 540 2718 tantur'n
556 2654 663 2716 instar
681 2653 850 2718 accessorii
869 2674 948 2730 csse,
967 2673 1033 2716 non
1050 2674 1161 2717 essen·
1214 2662 1265 2715 tor
1282 2660 1475 2735 conceptum
1491 2654 1597 2735 111111,
1616 2656 1701 2739 quod
1719 2657 1846 2721 nullum
1867 2656 1908 2744 [p.
1923 2659 2000 2746 322]
2024 2684 2193 2746 superesse

182 2741 307 2806 tialiter
329 2740 512 2805 cohaerere.
541 2738 620 2816 Alii,
643 2738 719 2819 quia
740 2738 896 2804 videbant
917 2739 1003 2804 hano
1024 2739 1163 2803 nimium
1213 2738 1400 2821 ingressum
1427 2740 1572 2822 paradisi
1598 2744 1762 2825 garriunt,
1795 2745 1822 2808 si
1848 2745 1986 2810 facultas
2018 2749 2194 2814 confitendi
2233 2805 2236 2812 .

180 2827 379 2893 effrenatam
400 2825 580 2902 licentiam,
609 2823 691 2888 duas
713 2824 821 2890 claves
842 2830 1089 2890 recensuerunt:
1121 2819 1161 2909 [1,
1214 2822 1364 2903 neglecta
1395 2825 1508 2905 fuerit3
1541 2828 1629 2892 istud
1661 2851 1739 2894 vero
1771 2828 1862 2894 nullo
1894 2831 1989 2895 modo
2022 2833 2193 2898 ferendum

183 2911 263 2999 320]
287 2911 515 2977 discretionem
538 2917 572 2975 et
591 2917 794 2993 potestatem.
834 2911 903 2975 Alii
924 2932 1064 2986 rursum,
1087 2931 1162 2975 eum
1214 2919 1272 2973 est
1319 2908 1484 2976 Omniane
1508 2921 1641 2995 peccata
1667 2917 1889 2981 enumeranda
1909 2918 2008 2982 sunt?
2055 2919 2102 2981 At
2123 2920 2193 2983 Da·

181 2999 244 3065 tali
265 2997 487 3065 moderatione
515 2997 660 3063 cohiberi
687 2996 892 3062 sacerdotum
921 2996 1163 3079 improbitatem
1213 2993 1285 3072 vid,
1314 2997 1371 3078 qui
1399 3019 1510 3062 secum
1536 2999 1649 3082 probe,
1679 3010 1716 3064 ut
1744 3002 1898 3083 arbitror,
1926 3003 2101 3068 meditatus
2122 3002 2194 3068 erat

179 3085 349 3163 viderent,
377 3084 459 3149 alias
486 3084 594 3149 claves
621 3081 836 3147 excuderunt:
867 3083 1075 3147 autoritatem
1097 3081 1162 3147 dis·
1213 3088 1422 3163 peeeatorum
1448 3084 1696 3164 confessionem,
1724 3086 1835 3152 tanim
1863 3089 2068 3153 exclamabat
2088 3088 2192 3166 (Psal

180 3169 349 3249 cernendi,
370 3191 436 3253 qua
455 3171 492 3234 in
513 3167 697 3234 definiendo
714 3177 893 3246 uterentur,
916 3178 950 3233 ct
969 3175 1163 3250 potestatem
1218 3171 1266 3230 19.
1291 3166 1360 3252 38);
1389 3190 1516 3234 errores
1541 3172 1613 3253 quis
1640 3172 1823 3256 intelliget?
1868 3174 1922 3239 Ab
1951 3174 2085 3240 occultis
2112 3176 2193 3242 meis

180 3278 284 3341 quam
305 3257 520 3339 exequutione
542 3277 620 3322 suae
637 3255 818 3320 sententiae
835 3262 1038 3332 exercerent3
1059 3255 1163 3318 seien-
1215 3252 1339 3317 munda
1355 3275 1408 3320 me
1419 3256 1569 3320 Domine.
1599 3258 1646 3321 Et
1665 3258 1756 3322 alibi:
1780 3260 1966 3342 iniquitates
1983 3282 2075 3326 meae
2087 3271 2193 3328 trans-

180 3345 266 3409 tiam
294 3341 448 3408 accedere
479 3342 571 3407 velut
603 3341 824 3406 consiliarium
836 3342 875 3426 ²).
927 3339 1021 3406 Istud
1053 3346 1163 3404 autem
1214 3340 1325 3403 ierunt
1356 3362 1456 3423 supra
1494 3351 1593 3424 caput
1628 3365 1753 3422 meum,
1791 3354 1824 3410 et
1856 3346 1940 3445 sicqt
1971 3368 2053 3412 onus
2082 3369 2192 3429 grave,

179 3430 288 3513 ligare
316 3436 350 3494 et
369 3428 511 3506 solvere,
541 3449 607 3492 non
629 3427 751 3492 audent
777 3427 987 3508 interpretari
1008 3426 1162 3508 simplici·
1216 3435 1415 3509 aggravatae
1437 3437 1515 3493 sunt
1535 3429 1624 3494 ultra
1641 3430 1728 3495 vires
1750 3452 1848 3496 meas.
1883 3432 2050 3496 Nrmirum
2071 3433 2193 3499 intelli·

181 3524 244 3594 ter,
266 3521 401 3597 peecata
418 3515 583 3579 remittere
606 3522 640 3578 et
661 3512 778 3592 delere,
802 3515 879 3596 quia
895 3513 1075 3579 Dominum
1096 3511 1163 3577 cla·
1216 3512 1328 3595 gebat,
1357 3521 1480 3594 quanta
1506 3524 1593 3580 esset
1613 3524 1819 3598 peecatorum
1840 3527 2026 3582 nostrorum
2045 3519 2192 3603 abyssus,

180 3611 332 3666 mantem
364 3600 502 3665 audiunt
538 3600 625 3684 apud
661 3599 856 3682 prophetam
895 3598 972 3682 (Ios.
996 3598 1067 3680 43):
1102 3619 1163 3681 ego
1215 3619 1313 3679 quam
1341 3598 1463 3663 multae
1484 3600 1645 3665 scelerum
1666 3603 1778 3679 facies,
1805 3613 1884 3686 quot
1911 3605 2019 3686 capita
2040 3606 2140 3670 ferret
2160 3615 2194 3670 et

182 3709 267 3765 sum,
290 3707 352 3770 ego
373 3708 455 3764 sum,
478 3687 533 3769 qui
556 3685 647 3751 deleo
662 3687 849 3770 iniqrutates
870 3692 944 3750 tuas
962 3683 1080 3762 Ι11111;
1103 3705 1163 3766 ego
1215 3704 1314 3765 quam
1339 3684 1472 3766 longam
1498 3687 1637 3751 caudam
1667 3687 1814 3753 traheret
1845 3689 1926 3755 hacc
1952 3690 2068 3775 hydra.
2118 3691 2194 3758 Nou

181 3784 217 3839 et
231 3793 310 3858 ,n-on
343 3771 426 3836 alius
457 3779 587 3854 praeter
619 3794 681 3837 me.
732 3770 800 3837 Sed
827 3770 953 3849 dicunt,
987 3769 1163 3835 sacerdotis
1215 3791 1292 3852 ergo
1320 3768 1362 3834 ad
1383 3771 1621 3836 recensendum
1642 3773 1826 3856 catalogum
1848 3797 1882 3839 se
1903 3777 2105 3856 conferebat,
2136 3777 2194 3844 sed

182 3880 255 3924 esse
284 3859 515 3940 pronunciare,
543 3860 597 3940 qui
625 3857 718 3941 ligati
740 3859 807 3922 sint
831 3864 889 3921 aut
910 3857 1023 3936 soluti,
1052 3867 1085 3920 et
1106 3855 1163 3920 de-
1215 3854 1415 3936 eprofundo
1436 3856 1598 3921 malorum
1617 3857 1780 3923 clamabat
1807 3860 1850 3925 ad
1868 3862 2061 3927 Dominum:
2096 3865 2193 3930 obru-

183 3945 328 4022 olarare,
360 3965 498 4026 quorum
525 3945 662 4009 remissa
689 3952 747 4009 aut
773 3952 900 4008 retenta
928 3943 994 4008 sint
1019 3950 1161 4025 peecata.
1215 3948 1268 4005 tus
1290 3962 1378 4018 sum,
1407 3941 1553 4023 sepultus
1580 3965 1667 4022 sum,
1696 3945 1873 4012 suffocatus
1900 3970 1987 4027 sum,
2015 3950 2194 4014 urferorum

180 4030 362 4097 Declarare
384 4037 503 4108 autem,
526 4030 580 4096 vel
596 4052 655 4113 per
672 4030 916 4106 confessionem,
938 4051 1014 4094 eum
1024 4028 1164 4094 absolvit
1214 4033 1326 4109 portae
1354 4026 1637 4093 circumdederunt
1669 4052 1736 4108 me;
1769 4032 1961 4099 immersum
1994 4034 2059 4100 alto
2085 4044 2191 4118 puteo,

182 4113 1162 4199 1111111111111111,11111111111111111,1111111111]-
1215 4112 1433 4190 deficientem,
1468 4123 1502 4178 et
1528 4114 1774 4197 moribundum,
1802 4140 1920 4184 manus
1946 4127 2003 4185 tua
2030 4121 2192 4186 extrahat

181 4203 330 4268 manicat
351 4211 385 4267 et
404 4203 520 4284 recipit
537 4202 580 4268 ad
597 4210 875 4268 sacramentorum
891 4201 1160 4266 communionem.
1214 4196 1297 4279 Quis
1319 4221 1452 4263 suormn
1473 4208 1680 4282 peccatorum
1709 4225 1797 4269 nunc
1820 4208 2081 4288 supputationem
2103 4205 2191 4287 cogi·

268 4289 428 4367 Domum,
456 4311 533 4353 cum
553 4288 741 4371 intelligunt
770 4287 916 4352 nondum
938 4309 972 4352 se
995 4287 1055 4352 hoc
1078 4285 1162 4350 nodo
1215 4291 1277 4362 tet,
1300 4285 1357 4349 ubi
1377 4286 1542 4351 Davidem
1562 4286 1653 4353 videt
1673 4310 1807 4354 suorum
1828 4314 2002 4356 numerum
2021 4292 2104 4355 inire
2124 4311 2192 4355 non

183 4373 356 4458 explicari,
388 4375 468 4456 quin
495 4396 624 4458 semper
650 4375 713 4439 sibi
738 4375 834 4440 obiici
860 4374 976 4456 possit,
1010 4372 1161 4455 indignos
1214 4371 1328 4453 posse?
1362 4370 1436 4436 Hac
1458 4373 1647 4439 earnificina
1667 4375 1842 4459 plusquam
1863 4377 2036 4442 crudeliter
2057 4375 2192 4441 divexa·

183 4481 280 4543 saepe
297 4460 395 4542 ligari
414 4469 448 4524 et
466 4461 548 4526 solvi
565 4483 585 4526 a
602 4460 669 4525 suis
687 4460 916 4536 sacerdotibus,
939 4460 996 4540 qui
1012 4466 1160 4541 propter·
1213 4468 1266 4520 tae
1294 4465 1371 4521 sunt
1396 4478 1508 4522 eo1um
1535 4463 1766 4542 conscientiae,
1794 4464 1849 4545 qui
1877 4463 1983 4544 aliquo
2001 4462 2066 4526 Dei
2093 4483 2192 4528 sensu

183 4568 224 4612 ea
254 4566 321 4610 uon
348 4546 492 4629 ligentur
517 4555 576 4611 aut
596 4546 765 4611 solvantur
791 4547 827 4611 in
847 4545 950 4624 coelo;
978 4543 1064 4627 quod
1084 4544 1161 4608 ulti-
1213 4543 1447 4608 afficiebantur.
1492 4545 1659 4630 Principio
1681 4570 1752 4613 sese
1773 4549 1934 4614 vocabant
1954 4547 1996 4612 ad
2018 4547 2188 4626 caleulum,

183 4653 275 4697 mum
296 4633 460 4715 refugium
483 4640 541 4710 est,
565 4632 769 4714 respondent,
792 4631 997 4696 collationem
1019 4631 1162 4696 clavium
1212 4637 1345 4710 peccata
1361 4630 1397 4694 in
1413 4629 1556 4709 brachia,
1574 4632 1608 4696 in
1629 4655 1746 4711 ramos,
1768 4635 1803 4698 in
1820 4631 2028 4708 ramusculos,
2049 4633 2084 4696 in
2101 4633 2191 4701 fron·

184 4739 259 4787 eum
290 4717 484 4783 limitatione
517 4717 738 4800 accipiendam
770 4738 855 4795 1111,
889 4717 974 4799 quod
1007 4715 1161 4782 Christus
1213 4714 1280 4794 des,
1302 4716 1395 4780 iuxta
1415 4717 1553 4782 istorum
1573 4719 1745 4798 formulas,
1768 4719 1979 4784 dissecabant
2025 4718 2110 4782 'Pum
2132 4742 2216 4803 ap·¹

182 4803 382 4886 promiserit,
412 4805 499 4886 apud
519 4803 663 4869 tribunal
690 4826 787 4869 suum
808 4804 1023 4885 approbatum
1044 4805 1086 4867 iri
1108 4823 1160 4868 11
1211 4800 1398 4884 pendebant
1424 4803 1611 4884 qualitates,
1644 4802 1686 4891 [p.
1711 4803 1786 4891 32³]
1808 4804 2021 4887 quantitates,
2051 4805 2189 4872 circum·

183 4889 323 4957 eerdotis
340 4891 546 4969 sententiam,
569 4911 652 4972 quae
669 4890 753 4955 iuste
771 4889 899 4972 prolata
914 4889 1022 4969 1111111,
1045 4911 1160 4954 secun·
1213 4888 1365 4965 stantias;
1388 4894 1484 4971 atque
1507 4889 1745 4972 aliquantulum
1761 4889 1892 4972 quidem
1913 4911 1965 4954 111
1986 4889 2190 4972 procedebat

186 5028 304 5038 w.-
380 5028 391 5037 .
989 5025 995 5038 .
1212 4973 1277 5040 Ubi
1300 4994 1379 5038 vero
1400 4973 1529 5059 longius
1549 4978 1713 5060 progressi
1733 4977 1879 5054 fuerant,
1900 4975 2027 5040 coelum
2048 4976 2191 5060 undique

252 5111 281 5192 1)
306 5110 334 5163 C.
354 5112 444 5190 omnis
463 5111 604 5179 utriusque
627 5127 715 5190 sexus.
757 5111 798 5162 Dc
821 5127 924 5162 summa
942 5111 1038 5192 Trinit.
1063 5118 1091 5165 et
1114 5112 1159 5165 fid.
1213 5068 1247 5124 et
1267 5058 1410 5141 undique
1429 5070 1562 5191 popius:
1586 5062 1696 5159 unnim
1717 5069 1839 5144 μηδ’
1863 5061 1955 5127 mma
1976 5063 2081 5160 Stilio‘
2116 5062 2191 5165 Quo

182 5180 253 5301 11·
269 5197 470 5300 82
491 5179 515 5232 ⁴·
536 5180 739 5315 11111
756 5178 1080 5317 {tect-..ste
1212 5147 2192 5319 dssffllffttmmtttttttttffiffi

244 5288 250 5300 ·
326 5288 331 5300 ·
386 5288 392 5300 ·
428 5288 434 5300 ¹
471 5289 477 5301 ·
1059 5289 1066 5303 ·
1422 5283 1431 5312 5
1612 5284 1621 5313 1
