4770 6030
223 343 295 406 1103
802 336 1069 404 ΙΝΘΤΙΤΠἝΙΟ
1089 338 1194 404 RDL.
1216 336 1398 405 CHRIST.
1423 342 1656 404 lasa-1554.
1734 380 1737 385 -
2166 344 2231 406 404

231 531 342 596 minus
362 528 584 594 confirmabat
628 526 703 591 Non
730 527 820 591 enim
846 525 888 592 ad
916 525 1126 592 excitandum
1147 526 1205 591 ho-
1256 548 1319 609 pus
1347 535 1476 592 exstare
1502 529 1537 591 in
1562 526 1695 593 Christo
1722 526 1806 608 ((161.
1826 530 1855 606 2,
1877 439 2064 611 16[ἓ1717;)ῗ
2076 452 2231 609 hidccebd,

232 617 330 681 ruinis
351 615 496 679 studium
516 612 723 678 mediocriter
742 611 844 690 valet,
872 621 910 676 ut
923 634 966 677 -se
988 612 1030 676 ad
1051 613 1205 677 creatoris
1257 611 1395 677 solidam
1420 614 1568 678 veritatis
1596 614 1826 690 substantiam,
1854 634 1952 695 quam
1980 613 2036 676 illo
2057 614 2128 679 looo
2149 615 2231 682 beno

231 702 447 766 imitationem
467 699 602 763 tendere
623 699 759 765 noverit
811 695 850 763 Si
876 699 949 782 quis
971 719 1125 764 arcanam
1145 698 1205 762 ali·
1257 698 1441 782 explicarit
1489 699 1542 764 Ea
1562 720 1629 762 non
1655 719 1721 763 uno
1743 698 1795 762 die
1817 706 1969 764 contenta
1989 707 2054 775 est,
2086 700 2144 766 sed
2163 709 2231 767 toto

124 800 132 816 ⁸
231 807 330 871 quam
350 787 386 850 in
408 786 591 867 septenario
611 805 748 849 numero
764 784 1035 867 significationem
1051 785 1205 866 requirat,
1257 784 1344 849 vitae
1375 790 1507 849 nostrae
1540 806 1652 863 oursu3
1691 784 1793 849 donec
1829 784 1961 866 penitus
1981 785 2231 870 nobismetipsis

229 871 360 956 quando
392 870 445 937 hic
472 872 508 934 in
539 871 700 952 scriptura
729 870 936 953 perfectionis
964 877 1014 934 est
1039 891 1204 948 numerus,
1256 871 1377 934 mortui
1397 871 1462 935 Dei
1483 871 1553 935 vita
1572 870 1776 952 impleamur.
1810 870 1843 934 A
1860 869 2057 936 Christianis
2078 893 2157 956 ergo
2174 875 2231 939 ab·

230 978 298 1023 non
319 959 390 1023 sine
411 977 509 1022 causa
530 954 673 1021 delectus
694 964 746 1020 661
771 954 814 1019 ad
838 955 1016 1020 notandam
1041 957 1206 1039 perpetui-
1257 976 1328 1020 6666
1350 955 1446 1021 debet
1466 956 1691 1038 superstitiosa
1711 955 1838 1020 dierum
1859 957 2049 1023 observatio.

229 1049 341 1108 tatem.
385 1041 450 1107 Oui
472 1049 506 1106 61
526 1040 608 1106 illud
628 1042 830 1126 suffragatur
848 1041 935 1126 quod
955 1043 1065 1107 Moses
1086 1042 1122 1107 in
1143 1041 1205 1120 die,
1246 1072 1256 1077 ·
1344 1044 1394 1105 54.
1438 1042 1634 1120 Enimvero,
1658 1042 1813 1124 quoniam
1834 1041 1918 1106 duae
1938 1045 2132 1125 posteriores
2154 1066 2230 1111 cau·

276 1150 295 1193 o
316 1136 431 1193 narrat
457 1128 654 1210 requievisse
674 1129 856 1192 Dominum
882 1128 923 1193 ab
950 1129 1102 1211 operibus
1128 1129 1204 1207 suis,
1256 1149 1313 1192 sae
1339 1128 1503 1193 veteribus
1530 1128 1656 1192 umbris
1683 1129 1893 1192 annumerari
1918 1150 1985 1193 non
2007 1129 2139 1209 debent,
2172 1133 2230 1198 sed

279 1236 333 1279 em
355 1213 584 1280 describendae
607 1213 734 1279 dierum
762 1235 800 1279 ec
821 1215 967 1279 noctium
994 1214 1205 1280 successionis
1258 1213 1395 1278 saeculis
1434 1212 1585 1278 omnibus
1621 1233 1784 1295 peraeque
1823 1215 2035 1279 conveniunt:
2075 1217 2230 1301 abrogato

230 1301 317 1366 facit
361 1301 475 1365 Potest
494 1305 529 1364 et
547 1300 653 1364 altera
671 1299 847 1382 probabilis
868 1300 980 1364 afferri
997 1299 1127 1364 numeri
1147 1319 1206 1364 no·
1257 1298 1430 1377 sabbatho,
1463 1299 1550 1364 inter
1580 1319 1640 1363 nos
1666 1305 1778 1363 tamen
1805 1300 1986 1364 etiamnum
2013 1300 2121 1367 locum
2141 1304 2231 1369 istud
2327 1337 2332 1343 ·

231 1387 326 1450 tatio:
359 1384 446 1468 quod
473 1385 595 1451 scilicet
621 1385 800 1470 designarit
825 1387 1004 1464 Dominus,
1037 1405 1206 1468 nunquam
1256 1384 1370 1462 habet,
1396 1390 1436 1449 ut
1461 1386 1555 1449 statis
1577 1383 1691 1450 diebus
1720 1384 1763 1449 ad
1788 1384 1989 1450 audiendum
2009 1388 2161 1468 verbum,
2190 1389 2232 1454 ad

231 1472 418 1537 absolutum
443 1472 513 1536 fore
542 1470 750 1550 sabbathum,
779 1471 882 1537 donec
902 1478 1038 1537 ventum
1065 1471 1107 1536 ad
1127 1470 1205 1535 ulti-
1256 1470 1386 1554 mystici
1404 1471 1499 1552 panis
1519 1471 1720 1550 fraofionem,
1744 1469 1786 1535 ad
1806 1471 1953 1553 publicas
1973 1474 2137 1538 orationes
2154 1497 2231 1540 con-

231 1577 324 1622 mam
346 1557 432 1622 diem
452 1557 559 1621 brerit
603 1557 760 1622 Nostram
784 1559 872 1621 enim
895 1558 932 1624 in
951 1558 1093 1623 Domino
1114 1558 1205 1639 quie·
1255 1557 1440 1634 veniamus;
1470 1554 1586 1621 deinde
1613 1562 1651 1619 ut
1678 1557 1781 1622 servis
1808 1563 1843 1621 et
1866 1558 2022 1639 operariis
2050 1581 2112 1625 sua
2136 1560 2232 1626 detur

231 1648 300 1708 tem
321 1643 376 1708 hic
397 1643 603 1721 inchoamus;
629 1643 666 1705 in
692 1664 731 1707 ea
759 1664 862 1708 novos
889 1643 1033 1726 quotidie
1054 1663 1204 1727 progres·
1257 1642 1408 1706 alahore
1435 1642 1590 1707 remissio.
1636 1641 1818 1725 Utramque
1839 1644 1874 1706 in
1900 1643 2051 1709 sabbathi
2076 1667 2230 1729 praecep-

232 1749 289 1795 666
307 1729 460 1807 facimus3
483 1728 541 1793 sed
562 1729 638 1811 qnia
658 1728 790 1794 assidua
811 1735 862 1793 est
882 1728 989 1794 adhuc
1010 1750 1086 1794 cum
1108 1749 1205 1793 carne
1256 1729 1344 1791 tione
1364 1748 1462 1793 curae
1482 1727 1582 1792 fuisse
1599 1728 1756 1806 Domino,
1779 1728 1892 1810 procul
1915 1727 2012 1795 dubio
2032 1739 2090 1796 est.
2134 1733 2232 1797 Prior

230 1814 365 1892 militia,
388 1835 453 1878 non
474 1815 565 1896 prius
586 1815 877 1894 consummabitur,
898 1834 997 1898 quam
1018 1814 1206 1897 implebitur
1256 1813 1386 1878 abunde
1402 1813 1588 1890 testimonii,
1611 1813 1664 1879 vel
1680 1815 1716 1877 in
1733 1813 1801 1878 solo
1818 1813 2017 1879 Iudaeorum
2032 1838 2102 1897 usn,
2121 1817 2229 1883 habet

231 1899 314 1964 illud
334 1899 460 1964 Iesaiae
478 1898 544 1984 (66,
558 1899 623 1985 23),
646 1900 687 1965 de
705 1899 927 1966 continuanda
942 1901 1114 1965 neomenia
1130 1921 1205 1965 cum
1257 1896 1445 1963 Secundam
1465 1899 1608 1982 signavit
1629 1899 1739 1965 Moses
1765 1900 1802 1964 in
1821 1901 2076 1967 Deuteronomio
2098 1901 2143 1987 (5,
2165 1906 2229 1989 14),

230 1986 420 2064 neomenia,
453 1985 611 2050 sabbatho
643 2007 718 2051 cum
750 1986 922 2065 sabbatho,
955 2007 1072 2070 nempe
1104 2007 1206 2068 quum
1257 1984 1309 2049 his
1330 1985 1453 2060 verbis:
1476 1994 1515 2049 ut
1534 1985 1717 2067 requiescat
1736 2006 1852 2050 servus
1873 1991 1951 2051 tuus
1972 1993 2007 2050 et
2022 1989 2141 2054 ancilla
2162 1996 2229 2070 trra,

234 2072 297 2137 erit
323 2071 416 2135 Deus
440 2071 549 2136 omnia
576 2073 611 2135 in
637 2072 786 2137 omnibus
816 2073 848 2157 (1
870 2072 945 2137 Oor.
967 2077 1015 2152 15,
1035 2071 1100 2156 28).
1144 2073 1205 2135 Vi·
1257 2071 1342 2135 siout
1363 2076 1468 2150 6116,
1495 2078 1659 2134 memento
1678 2070 1765 2153 quod
1785 2078 1820 2136 et
1846 2073 1916 2154 ipse
1936 2074 2087 2140 servieris
2108 2076 2144 2139 in
2164 2077 2231 2141 Ae-

234 2155 304 2221 deri
332 2177 410 2240 ergo
437 2157 540 2240 possit
569 2158 731 2222 Dominus
757 2179 817 2240 per
845 2156 932 2223 diem
953 2159 1128 2241 septimum
1148 2178 1206 2240 po·
1257 2164 1366 2241 gypto.
1411 2156 1497 2222 Item
1523 2157 1559 2219 in
1587 2155 1704 2221 Exodo
1726 2156 1793 2241 (23,
1815 2157 1884 2243 12):
1913 2166 1951 2222 ut
1971 2160 2154 2242 requiescat
2173 2163 2230 2228 bos

232 2241 311 2325 pulo
332 2263 390 2307 suo
411 2240 591 2307 delineasse
618 2243 764 2308 futuram
790 2244 841 2308 sui
863 2244 1014 2309 sabbathi
1034 2246 1069 2308 in
1090 2244 1205 2308 ultimo
1257 2250 1291 2306 et
1301 2243 1411 2307 asinus
1426 2249 1503 2307 tuus
1516 2249 1550 2306 et
1566 2243 1705 2324 respiret
1719 2243 1807 2308 filius
1817 2243 1960 2310 66611166
1975 2252 2060 2310 tuae.
2094 2247 2230 2313 Utrum·

233 2327 287 2393 die
314 2327 561 2411 perfectionem,
583 2350 647 2411 quo
675 2330 857 2395 continenti
886 2331 1038 2396 sabbathi
1066 2329 1204 2396 medita·
1256 2329 1413 2411 qusquis
1434 2334 1534 2412 neget
1553 2328 1647 2392 nobis
1663 2328 1800 2411 perinde
1822 2351 1860 2395 ac
1883 2328 2014 2396 Iudaeis
2032 2334 2229 2399 convenire?

233 2413 322 2478 tione
343 2412 490 2479 adhanc
510 2414 742 2496 perfectionem
763 2421 832 2480 tota
853 2416 923 2481 vita
944 2418 1111 2499 aspiraret.
1256 2411 1447 2479 Oonventus
1469 2413 1678 2479 ecclesiastici
1698 2415 1792 2480 nobis
1813 2416 1879 2480 Dei
1900 2417 2000 2481 verbo
2026 2420 2231 2501 praecipiun-

321 2502 370 2562 53.
415 2497 454 2564 si
479 2500 553 2582 quis
579 2501 666 2566 hanc
698 2502 827 2566 numeri
859 2501 1118 2568 observationem
1145 2523 1205 2568 oeu
1256 2507 1320 2578 tur,
1343 2509 1511 2565 eteorum
1527 2500 1712 2578 nenessitas,
1733 2501 1805 2584 ipsa
1821 2502 1909 2566 vitae
1925 2504 2135 2584 experientia,
2153 2512 2232 2569 nota

232 2585 331 2650 nimis
362 2591 514 2668 argutam
545 2586 705 2665 fastidiat,
743 2587 829 2652 nihil
861 2587 1000 2670 impedio
1033 2588 1205 2670 quominus
1257 2586 1336 2651 satis
1359 2591 1417 2651 est.
1461 2586 1535 2650 Nisi
1556 2586 1634 2650 stati
1655 2587 1738 2665 sint,
1761 2593 1795 2651 et
1814 2608 1890 2652 suos
1910 2587 2055 2653 habeant
2073 2591 2230 2653 eonstitu-

232 2670 411 2753 simplicius
445 2671 595 2754 accipiat:
629 2673 811 2738 Dominum
841 2681 968 2739 certum
999 2673 1087 2738 diem
1117 2674 1204 2738 ordi-
1256 2677 1307 2736 tos
1329 2671 1406 2750 dics,
1429 2671 1588 2755 quomodo
1610 2671 1725 2758 haberi
1744 2671 1902 2755 possunt?
1935 2671 2057 2737 Omnia
2078 2673 2230 2740 decenter

231 2776 342 2835 nasse,
370 2776 433 2839 quo
460 2756 503 2821 ad
527 2757 750 2824 meditandam
775 2759 955 2842 spiritualis
981 2761 1097 2844 quietis
1125 2761 1205 2824 assi·
1256 2763 1290 2822 et
1310 2757 1424 2822 ordine
1451 2756 1595 2842 gerenda
1622 2759 1793 2824 internos
1818 2764 1897 2823 6661
1921 2779 1964 2822 ex
1991 2760 2126 2841 apostoli
2154 2782 2229 2825 sen·

230 2839 391 2906 duitatem
416 2842 556 2924 populus
578 2844 637 2909 sub
664 2845 747 2929 legis
766 2845 969 2929 paedagogia
989 2853 1204 2911 exerceretur.
1256 2844 1360 2908 tentia
1381 2843 1415 2930 (1
1434 2843 1510 2909 Gor.
1530 2847 1580 2922 14,
1597 2843 1665 2927 40).
1710 2844 1854 2909 Tantum
1870 2863 1939 2908 vcro
1960 2845 2052 2908 abest
2072 2846 2152 2927 quin
2173 2846 2229 2911 de-

232 2925 418 3010 Septimum
439 2929 636 3012 assignasse,
664 2930 718 2996 vel
736 2931 813 3015 quia
835 2933 983 2997 sufficere
1004 2931 1204 3014 providebat,
1256 2950 1368 2994 corum
1388 2935 1423 2994 61
1443 2930 1531 3010 ordo,
1553 2930 1619 2994 nisi
1639 2930 1704 2994 ista
1719 2929 1832 3012 politia
1848 2937 1883 2993 61
1898 2928 2129 3010 moderatione,
2151 2953 2229 2997 con·

231 3013 285 3079 661
307 3020 345 3077 61
364 3015 530 3096 proposita
546 3016 687 3098 exempli
707 3019 759 3082 sui
780 3017 993 3083 similitudine
1009 3018 1127 3083 melius
1146 3039 1205 3100 po-
1255 3017 1380 3081 serrari
1399 3017 1510 3099 possit,
1527 3022 1566 3079 ut
1584 3016 1849 3098 praesentissima
1868 3014 2056 3097 impendeat
2075 3016 2230 3083 ecclesiae

231 3099 348 3180 pulum
375 3100 615 3180 exstimularet,
642 3103 695 3168 vel
717 3111 804 3169 certe
829 3102 982 3182 erudiret,
1000 3102 1026 3190 1)
1055 3125 1122 3167 666
1142 3104 1205 3169 6116
1255 3102 1456 3184 perturbatio
1479 3114 1512 3166 61
1532 3101 1638 3179 ruina,
1660 3102 1689 3166 si
1709 3100 1914 3166 dissolvatur.
1947 3098 2044 3182 Quod
2065 3104 2093 3167 si
2114 3103 2229 3169 eadem

232 3190 379 3266 spectare
406 3186 614 3266 sabbathum,
642 3188 706 3253 nisi
727 3196 771 3253 ut·
789 3210 849 3254 suo
871 3190 1010 3255 creatori
1031 3189 1205 3256 conformis
1256 3188 1349 3253 nobis
1375 3188 1552 3253 necessitas
1578 3186 1750 3264 incrunbit,
1784 3187 1877 3251 ouius
1904 3188 1940 3251 in
1967 3187 2148 3254 subsidium
2173 3191 2229 3255 Iu-

232 3269 430 3334 ncdderetur.
464 3272 590 3337 Parum
611 3276 700 3338 enim
721 3276 871 3340 interest:
894 3274 990 3339 modo
1011 3277 1204 3360 mysterium
1256 3273 1345 3338 dacis
1366 3273 1540 3339 Dominus.
1556 3272 1753 3336 sabbathum
1780 3273 2005 3352 constituerat,
2035 3296 2131 3339 nemo
2154 3297 2229 3341 cau·

230 3355 316 3440 quod
337 3357 510 3439 praecipue
532 3358 714 3425 delineatur
734 3367 882 3441 maneat,
905 3361 946 3426 de
967 3369 1125 3445 perpetua
1146 3382 1205 3427 no·
1257 3367 1346 3425 setur
1376 3358 1461 3422 nihil
1492 3356 1574 3422 illud
1612 3356 1655 3421 ad
1686 3378 1745 3422 nos
1774 3358 1946 3440 pertinere.
1997 3357 2112 3424 Voluit
2142 3363 2230 3425 enim

230 3449 375 3508 stromm
401 3452 536 3525 operum
562 3446 678 3528 quiete.
729 3447 784 3511 Ad
811 3446 897 3530 quod
919 3448 1204 3532 contemplandum
1255 3444 1558 3527 providentissimus
1593 3448 1626 3507 61
1656 3442 1961 3526 indulgentissimus
1994 3453 2089 3528 pater
2119 3453 2230 3512 noster

230 3527 409 3593 identidem
430 3531 627 3596 revocabant
647 3532 786 3597 Iudaeos
807 3533 994 3616 prophetae,
1018 3556 1060 3598 nc
1081 3535 1205 3600 carnali
1255 3538 1400 3610 nostrae,
1433 3550 1514 3594 non
1530 3528 1640 3592 minus
1670 3549 1769 3610 quam
1798 3527 2010 3610 Iudaeorum,
2044 3533 2229 3597 necessitati

232 3615 411 3679 cessatione
433 3613 601 3682 defunctos
622 3640 657 3683 se
683 3625 845 3701 putarent.
889 3619 1027 3685 Praeter
1048 3621 1205 3704 allegatos
1256 3618 1448 3699 prospicere.
1492 3613 1562 3680 Our
1587 3636 1655 3678 non
1676 3613 1833 3696 quotidie,
1855 3616 1995 3697 inquies,
2023 3618 2130 3698 potius
2152 3639 2228 3682 con·

231 3700 299 3764 iam
319 3699 406 3764 locos
426 3701 472 3764 616
493 3702 594 3768 habes
615 3705 702 3787 apud
723 3705 863 3770 Iesaiam
885 3705 951 3791 (58,
974 3708 1041 3790 13);
1065 3708 1092 3772 61
1111 3728 1204 3773 aver·
1256 3704 1421 3779 venimus,
1449 3702 1553 3765 atita
1573 3699 1709 3764 tollatur
1729 3699 1858 3764 dierum
1879 3700 2050 3766 discretio?
2093 3701 2230 3768 Utinam

232 3784 311 3849 teris
333 3804 354 3848 a
374 3786 531 3851 sabbatho
552 3789 669 3871 pedem
689 3797 798 3871 tuum,
820 3796 946 3856 utnon
966 3794 1067 3859 facias
1088 3793 1204 3857 volun·
1255 3787 1337 3852 illud
1356 3787 1487 3871 quidem
1507 3786 1655 3864 daretur3
1684 3791 1718 3850 et
1738 3807 1817 3851 sane
1839 3785 1939 3870 digna
1961 3795 2033 3853 erat
2053 3789 2229 3870 spiritualis

232 3876 334 3935 tatem
354 3877 446 3936 tuam
466 3875 501 3936 in
525 3873 576 3938 die
596 3883 708 3941 sancto
729 3897 817 3958 meo,
846 3885 880 3942 et
899 3881 1068 3945 vocaveris
1089 3880 1204 3945 sabba·
1256 3875 1430 3958 sapientia,
1462 3874 1515 3938 oui
1541 3870 1683 3954 quotidie
1710 3871 1913 3937 decideretur
1933 3874 2101 3955 'particula
2121 3874 2230 3957 aliqua

231 3955 327 4020 thum
349 3956 522 4023 delicatum
546 3966 580 4024 61
601 3968 751 4027 sanctum
766 3963 901 4028 Domini
919 3964 1059 4047 gloriosi,
1083 3970 1116 4029 et
1135 3966 1204 4050 glo·
1256 3960 1418 4043 temporis.
1469 3954 1537 4023 Sed
1564 3958 1591 4022 61
1619 3977 1639 4021 6
1670 3954 1849 4022 multorum
1874 3958 2064 4023 infirmitate
2092 3960 2229 4024 obtineri

229 4042 407 4109 rificareris
429 4066 513 4124 cum,
537 4045 616 4110 dum
636 4069 702 4113 non
721 4049 802 4114 16616
820 4051 892 4116 vias
911 4057 993 4130 tuas,
1015 4060 1048 4117 61
1072 4084 1126 4121 non
1152 4053 1204 4116 in·
1255 4068 1321 4110 non
1343 4050 1462 4128 potest,
1484 4051 1522 4107 ut
1541 4041 1720 4125 quotidiani
1741 4050 1921 4109 conventus
1943 4054 2099 4128 agantru,
2122 4054 2155 4110 61
2174 4068 2228 4111 ca·

230 4130 362 4194 venitur
387 4130 540 4196 voluntas
567 4138 640 4211 tua,
664 4142 703 4197 61
728 4134 872 4217 loquaris
894 4157 1090 4203 sermonem:
1125 4143 1204 4204 1666
1255 4133 1361 4196 1110110
1383 4131 1465 4195 10110
1486 4129 1560 4215 PIUS
1583 4130 1624 4205 ab.
1645 4128 1710 4194 illis
1733 4130 1864 4212 erigam
1885 4151 1953 4194 non
1974 4133 2148 4227 permittit,
2171 4154 2229 4196 cur

233 4212 444 4281 delectaberis
466 4238 564 4299 super
580 4219 731 4301 Domino,
754 4227 813 4286 616.
858 4220 1035 4288 Caeterum
1056 4244 1121 4287 non
1145 4223 1204 4289 du·
1255 4240 1322 4282 non
1343 4237 1515 4300 pareamus
1537 4215 1665 4294 rationi,
1687 4236 1787 4296 quam
1808 4214 1901 4281 nobis
1922 4214 2072 4281 videmus
2088 4218 2152 4282 Dei
2172 4239 2228 4282 vo-

229 4299 321 4365 bium
335 4303 421 4383 ‘quin
442 4302 578 4368 Domini
599 4304 724 4372 Christi
746 4307 903 4387 adventu,
932 4308 1019 4392 quod
1040 4331 1202 4374 caercmo·
1255 4305 1381 4369 luntate
1402 4300 1608 4383 impositam?

228 4386 317 4451 uiale
344 4386 398 4453 hic
426 4395 512 4467 erat,
540 4391 697 4457 abolitum
722 4393 828 4458 fuerit.
873 4394 950 4475 Ipse
971 4396 1060 4458 enim
1081 4397 1203 4460 veritas
1343 4394 1392 4453 55.
1435 4386 1540 4452 Paulo
1568 4387 1622 4452 hio
1643 4407 1741 4470 cogor
1762 4407 1832 4451 6666
1848 4386 1995 4471 longior,
2025 4387 2110 4470 quod
2132 4387 2228 4452 hodie

229 4480 287 4552 est,
311 4473 402 4538 cuius
423 4478 608 4556 praesentia
623 4479 748 4562 figurae
765 4499 878 4544 omnes
896 4488 1109 4560 evanescunt;
1132 4502 1202 4545 cor-
1254 4477 1294 4543 ob
1317 4476 1404 4541 diem
1425 4472 1624 4538 dominicum
1651 4473 1894 4537 tumultuantur
1914 4473 2064 4537 nonnulli
2090 4475 2226 4556 inquieti

228 4578 305 4642 pus,
334 4560 426 4626 ouius
448 4570 579 4644 aspectu
600 4566 735 4629 umbrae
756 4565 991 4646 rehnquunttm
1036 4567 1129 4648 Ipse,
1151 4568 1201 4631 in-
1254 4564 1395 4646 spiritus.
1439 4558 1575 4625 Plebem
1597 4558 1811 4624 christianam
1831 4558 2030 4640 quiritantur
2051 4559 2086 4622 in
2106 4559 2227 4622 161616-

229 4665 336 4727 quam,
359 4667 475 4711 verum
496 4649 647 4714 sabbathi
667 4651 947 4733 complementum
991 4652 1059 4716 Per
1078 4653 1201 4735 baptis·
1253 4671 1306 4714 mo
1327 4646 1445 4724 foveri,
1477 4647 1554 4727 quia
1574 4645 1694 4709 retinet
1715 4644 1859 4727 aliquam
1880 4643 2008 4709 dierum
2030 4643 2226 4707 observatio-

229 4751 320 4795 mum
346 4732 395 4796 illi
422 4734 615 4817 consepulti,
642 4736 677 4798 in
700 4737 899 4802 consortium
924 4738 1039 4802 mortis
1058 4739 1128 4803 6166
1148 4740 1201 4803 16-
1252 4757 1337 4801 nem.
1382 4734 1455 4816 Ego
1477 4739 1588 4796 autem
1608 4729 1801 4813 respondeo,
1831 4731 1913 4795 citra
1941 4728 2137 4792 iudaismum
2158 4726 2225 4791 dies

228 4817 284 4881 siti
312 4839 438 4896 sumus,
468 4826 505 4883 ut
533 4823 779 4887 resurrectionis
805 4823 980 4904 participes
999 4824 1035 4887 in
1056 4827 1201 4891 novitate
1253 4823 1332 4888 istos
1354 4844 1374 4887 a
1394 4818 1488 4886 nobis
1508 4816 1689 4894 observari3
1739 4817 1795 4881 uia
1820 4816 1875 4880 lon
1898 4836 1918 4878 o
1938 4813 2111 4877 intervallo
2133 4813 2226 4876 diffe-

123 4898 126 4903 ’
226 4902 315 4968 vitae
337 4903 540 4971 ambulemus
562 4905 671 4988 (Rem.
691 4912 720 4986 6,
739 4906 784 4992 4).
815 4906 893 4972 Ideo
915 4908 1112 4975 sabbathum
1128 4933 1201 4976 um·
1252 4909 1357 4975 rimus
1377 4909 1412 4972 in
1434 4904 1496 4968 hac
1516 4908 1610 4985 parte
1632 4922 1653 4965 a
1673 4900 1714 4964 Iu
1776 4902 1813 4966 is.
1889 4919 1932 4963 on
1953 4899 2041 4962 enim
2057 4905 2096 4962 ut
2117 4920 2226 4964 caere-

227 4987 321 5053 bram
342 4991 442 5056 fuisse
465 4992 513 5055 rei
533 4993 672 5071 1616166,
696 4993 774 5058 alibi
795 4993 908 5059 scribit
930 4996 1108 5078 apostolus3
1130 5018 1201 5064 cor·
1252 4996 1397 5059 moniam
1418 4989 1599 5057 arctissima
1627 4986 1784 5070 religione
1806 4984 2021 5063 celebramus,
2047 5005 2111 5067 qua
2132 4992 2225 5068 pute·

328 5095 329 5098 ’
1057 5104 1060 5112 ’
1253 5102 1327 5145 mus
1348 5073 1541 5165 mysterium
1567 5071 1737 5154 spirituale
1756 5069 1907 5154 figurari;
1936 5068 1994 5134 sed
2021 5072 2224 5154 suscipimus,

1251 5176 1291 5232 ut
1315 5163 1497 5232 remedium
1523 5155 1693 5222 retinendo
1719 5157 1755 5219 in
1779 5155 1916 5221 ecclesia
1943 5155 2050 5220 ordini
2078 5179 2225 5223 necessa-

228 5161 402 5170 ——-.—...-.
415 5166 431 5170 ..-

297 5261 326 5330 1)
344 5263 502 5315 admoneret
520 5261 588 5316 1550
605 5270 629 5319 et
643 5280 712 5336 seqq.
1253 5255 1348 5319 rium.
1392 5248 1495 5332 Atqui
1514 5240 1640 5309 Paulus
1662 5239 1755 5306 doceb
1772 5239 1856 5327 (001.
1876 5245 1905 5321 2,
1927 5241 1991 5327 16),
2014 5265 2170 5311 60116866
2190 5243 2224 5307 in
