4770 6030
214 347 273 409 175
857 335 1123 406 INSTITUTIO
1145 342 1249 406 REL.
1272 341 1453 407 CHRIST.
1480 346 1569 406 1536.
2157 346 2217 408 176

210 535 289 599 ferri
310 538 423 615 potest.
458 529 622 612 Equidem
643 537 676 595 et
697 531 766 612 ipse
788 528 869 594 tales
890 550 996 613 nugas
1017 529 1202 612 negligam
1241 527 1338 610 Quod
1364 530 1392 594 si
1420 537 1609 606 causentur,
1638 530 1858 596 definitionem
1885 552 1993 596 meam
2020 530 2128 614 legem
2150 553 2218 594 non

212 620 271 685 das
292 617 507 692 consulerem,
535 615 599 679 nisi
626 617 711 681 seria
737 615 902 680 ducerent.
948 613 1016 680 Sed
1043 636 1118 679 cum
1145 636 1187 679 ex
1240 637 1311 680 esse
1332 616 1385 680 eui
1411 636 1526 698 parere
1549 637 1681 681 1111111
1707 616 1866 695 habeant,
1900 617 2036 682 audiant
2057 618 2217 700 Augusti-

211 706 324 770 multis
349 701 560 784 blasphemiis
586 708 810 767 constructum
834 703 877 766 sit
903 701 1130 785 purgatorium
1155 708 1189 766 et
1240 723 1330 779 num,
1353 722 1452 783 quem
1472 709 1715 766 sacrosanctum
1738 723 1772 766 se
1790 702 1910 767 habere
1927 705 2067 784 fingunt.
2097 701 2216 768 Sacra-

212 792 306 856 novis
337 787 479 871 quotidie
511 787 679 864 fulciatur,
724 809 800 852 eum
837 788 959 851 multas
1002 794 1035 850 et
1070 807 1188 869 graves
1239 795 1359 864 menta,
1381 786 1497 870 inquit,
1520 794 1652 868 propter
1673 787 1829 865 carnales,
1855 786 1895 886 [p.
1909 786 1984 874 360]
2005 788 2145 853 visibilia
2165 789 2217 852 in·

212 876 407 940 offensiones
430 875 576 951 suscitet,
605 875 747 955 profecto
775 873 1018 937 connivendum
1039 893 1106 936 non
1128 879 1185 936 est.
1240 873 1354 936 stituta
1376 879 1467 951 sunt,
1491 880 1528 936 ut
1550 873 1590 937 ab
1612 873 1653 937 iis
1674 894 1756 955 quae
1779 873 1883 952 oeulis
1902 880 2092 953 cernuntur,
2115 875 2156 939 ad
2178 897 2218 940 ea

211 961 300 1027 Illud
321 960 404 1024 forte
425 966 592 1040 utcunque
615 958 655 1022 ad
678 967 807 1040 tempus
830 957 1029 1023 dissimulari
1053 956 1185 1043 [1318]
1240 979 1322 1041 quae
1343 958 1581 1039 intelliguntur,
1604 966 1883 1023 sacramentorum
1905 959 2060 1042 gradibus
2078 961 2185 1024 transf
2201 999 2216 1011 -

210 1053 351 1131 poterat,
379 1044 466 1127 quod
488 1046 560 1108 sine
580 1045 645 1108 Dei
671 1044 770 1109 verbo
791 1045 918 1109 curiosa
939 1043 1118 1125 audacique
1138 1050 1188 1106 te-
1240 1052 1363 1107 rantur.
1382 1042 1407 1128 ¹)
1436 1041 1526 1124 Quid
1542 1043 1607 1108 tale
1624 1051 1682 1107 aut
1695 1045 1759 1126 ipsi
1779 1044 1901 1121 vident,
1926 1055 1984 1109 aut
1999 1045 2072 1111 aliis
2093 1060 2216 1128 queunt

211 1134 361 1198 meritate
390 1131 610 1214 excogitatum
637 1136 721 1207 erat,
749 1129 836 1212 quod
863 1129 903 1194 de
929 1130 999 1212 ipso
1027 1129 1188 1194 creditum
1239 1129 1411 1199 ostendere
1433 1130 1468 1193 in
1490 1150 1537 1205 1ο,
1558 1129 1644 1210 quod
1662 1137 1904 1194 sacramentum
1920 1131 2139 1213 poenitentiae
2155 1154 2214 1198 vo·

212 1225 283 1284 erat
304 1217 412 1283 nescio
440 1216 558 1299 quibus
580 1216 834 1281 revelationibus
861 1222 995 1280 satanae
1018 1221 1088 1280 arte
1110 1236 1188 1280 con·
1240 1215 1338 1280 cant?
1367 1214 1461 1279 Idem
1483 1214 1573 1278 alibi:
1588 1214 1617 1299 ²)
1636 1223 1879 1280 sacramentum
1899 1215 1972 1281 ideo
1991 1217 2117 1295 dieitur,
2139 1220 2216 1300 quia

210 1305 311 1383 fietis,
339 1303 425 1386 quod
447 1302 489 1367 ad
516 1303 618 1385 ipsius
640 1302 920 1366 confirmationem
942 1301 1064 1383 aliquot
1086 1301 1188 1382 serip-
1239 1300 1276 1363 in
1292 1322 1331 1365 eo
1351 1300 1441 1365 eliud
1461 1299 1601 1378 videtur,
1624 1299 1712 1365 aliud
1733 1301 1936 1384 intelligitur.
1972 1300 2070 1383 Quod
2087 1303 2217 1368 videtur

212 1399 306 1454 turae
336 1389 400 1454 loci
430 1389 546 1453 inseite
579 1388 697 1453 detorti
722 1393 832 1452 erant
889 1384 1088 1469 Quanquam
1119 1407 1187 1450 uon
1240 1387 1380 1468 speeiem
1402 1386 1502 1450 habet
1522 1386 1730 1468 corporalem,
1754 1386 1840 1469 quod
1860 1387 2053 1470 intelligitur
2073 1389 2216 1454 fructum

212 1477 329 1542 leviter
360 1475 424 1539 fert
448 1475 627 1553 Dominus,
667 1473 848 1546 humanam
877 1471 1047 1536 audaciam
1079 1472 1125 1536 sio
1152 1472 1188 1534 in
1240 1472 1340 1536 habet
1364 1471 1575 1554 spiritualem.
1625 1471 1739 1554 Neque
1771 1472 1852 1538 haee
1879 1473 1945 1538 ullo
1979 1474 2075 1538 modo
2108 1496 2216 1540 saera·

214 1561 339 1628 abditos
379 1560 574 1625 iudiciorum
618 1580 752 1624 suorum
789 1579 935 1624 recessus
977 1578 1188 1640 perrumpere
1240 1563 1351 1621 mento
1370 1557 1602 1639 poenitentiae,
1632 1558 1727 1639 quale
1746 1559 1879 1642 fingunt
1899 1559 1976 1642 ipsi,
2005 1561 2214 1637 conveniunt,

215 1646 412 1733 (1111118),
441 1653 474 1710 11
501 1666 612 1710 severe
633 1645 809 1728 prohibuit,
836 1643 986 1727 neglecta
1011 1664 1089 1708 vooe
1118 1664 1187 1720 sua,
1241 1644 1297 1708 ubi
1325 1643 1417 1707 nulla
1443 1643 1564 1725 speeies
1599 1652 1649 1707 cst
1680 1644 1870 1726 corporalis,
1904 1666 1987 1727 quae
2014 1646 2217 1727 spiritualem

215 1734 372 1800 sciscitari
405 1754 425 1796 1
451 1732 588 1796 mortuis
613 1732 800 1809 veritatem;
827 1751 888 1794 nee
920 1729 1059 1795 verbum
1092 1750 1189 1794 sunm
1239 1730 1383 1793 fructum
1404 1735 1634 1810 repraesentet.

214 1828 285 1885 tam
304 1814 484 1901 irreligiose
505 1818 722 1882 contaminari
742 1816 913 1898 permittit;
936 1813 1050 1878 demus
1066 1821 1187 1892 tamon,
1325 1815 1372 1879 At
1400 1813 1452 1896 (ut
1472 1815 1552 1879 istas
1573 1815 1697 1879 belluas
1723 1815 1759 1878 in
1781 1837 1841 1880 sua
1863 1836 1963 1880 arena
1982 1817 2165 1902 conficiam)
2188 1819 2217 1882 si

212 1906 270 1970 illa
297 1905 408 1968 omnia
439 1903 571 1967 tolerari
605 1903 840 1986 aliquantisper
868 1902 1026 1983 potuisse,
1065 1908 1104 1963 ut
1135 1921 1188 1964 res
1240 1898 1345 1963 ullum
1367 1900 1421 1965 hic
1442 1912 1529 1964 esset
1548 1908 1804 1978 sacramentum,
1832 1923 1942 1966 nonne
1970 1902 2067 1985 longe
2094 1905 2216 1985 specio·

212 2011 281 2054 non
311 1990 425 2073 magni
456 1990 628 2066 momenti,
661 1996 695 2052 at
726 1988 783 2052 ubi
813 1995 1020 2070 peccatorum
1048 1986 1188 2068 expiatio
1241 1986 1309 2049 sius
1335 1987 1450 2051 iactari
1477 1993 1619 2067 poterat,
1649 1986 1884 2051 absolutionem
1910 1987 2087 2053 sacerdotis
2108 2010 2216 2055 saera-

213 2076 290 2142 alibi
312 2095 411 2158 quam
432 2075 468 2137 in
489 2073 615 2139 Christi
636 2075 796 2157 sanguine
817 2072 994 2154 quaeritur,
1015 2072 1072 2136 ubi
1094 2072 1188 2136 satis·
1240 2080 1388 2136 mentum
1413 2092 1497 2149 esse,
1532 2092 1630 2154 quam
1660 2072 1908 2154 poenitentiam,
1936 2074 1989 2138 vel
2019 2075 2215 2156 interiorem,

212 2162 309 2227 factio
336 2160 398 2224 alio
425 2162 637 2238 transfertur,
670 2156 979 2241 periculosissimum
1011 2158 1186 2221 silentium.
1240 2157 1294 2222 vel
1317 2155 1531 2222 exteriorem?
1575 2157 1771 2239 Promptum
1793 2159 1882 2222 enim
1903 2168 1974 2223 erat
1995 2160 2115 2226 dicere:
2144 2183 2217 2227 eae·

213 2245 434 2313 Olamandum
456 2267 549 2328 ergo,
571 2266 639 2309 non
660 2245 755 2309 modo
776 2245 881 2323 vocis,
905 2243 962 2308 sed
986 2245 1128 2326 gutturis
1151 2265 1188 2308 ac
1240 2245 1420 2308 remoniam
1440 2264 1511 2307 esse
1533 2242 1575 2306 ad
1603 2243 1862 2307 confirmandam
1886 2245 1986 2309 fidem
2008 2254 2156 2312 nostram
2176 2247 2216 2312 de

212 2333 353 2398 laterum
380 2332 599 2396 contentione:
633 2331 859 2414 purgatorium
890 2327 1022 2393 exitiale
1055 2336 1189 2393 satanae
1239 2337 1446 2411 peccatorum
1464 2329 1662 2406 remissione,
1685 2328 1869 2411 habereque
1886 2332 2131 2412 promissionem
2150 2333 2217 2399 ela·

213 2439 284 2484 esse
317 2424 553 2495 commentum,
594 2416 680 2499 quod
708 2415 833 2481 Christi
871 2436 1002 2480 erucem
1040 2422 1187 2494 evacuat,
1240 2416 1340 2494 vium,
1363 2427 1402 2479 ut
1422 2422 1552 2480 vocant:
1576 2414 1789 2497 quodcunque
1806 2414 1987 2498 ligaveritis
2004 2425 2061 2481 aut
2083 2419 2217 2484 solveri-

212 2503 299 2587 quod
319 2503 418 2567 fidem
439 2509 586 2567 nostram
607 2502 758 2567 labefacit
779 2508 813 2565 et
834 2502 958 2566 evertit.
1240 2501 1283 2565 tis
1305 2507 1559 2583 superterram,
1588 2501 1651 2564 erit
1672 2500 1815 2564 solutum
1838 2509 1872 2566 et
1892 2502 2029 2585 ligatum
2052 2505 2087 2567 in
2109 2506 2215 2571 coelis.

300 2587 388 2669 Quid
416 2595 527 2652 autem
553 2588 618 2652 illis
640 2596 690 2652 est
716 2587 957 2671 purgatorium,
991 2587 1056 2651 nisi
1083 2608 1189 2669 poena
1241 2584 1309 2650 Sed
1338 2587 1507 2652 obiecisset
1527 2587 1702 2668 quispiam,
1726 2587 1896 2670 plerosque
1918 2587 2088 2658 absolvia
2109 2611 2216 2655 saeer-

212 2697 312 2759 quam
343 2675 441 2738 luunt
472 2675 601 2738 animae
634 2673 862 2738 defunctorum
894 2693 954 2754 pro
980 2679 1188 2754 peccatorum
1241 2671 1383 2751 dotibus,
1419 2672 1535 2755 quibus
1556 2671 1638 2735 nihil
1661 2671 1785 2737 accedit
1810 2673 1869 2737 tali
1896 2673 2107 2753 absolutione,
2140 2697 2217 2741 cum

212 2759 453 2827 satisfactione?
503 2758 601 2840 Quod
634 2760 662 2824 si
694 2760 844 2842 proxima
870 2757 1087 2840 disptrtatione
1114 2759 1189 2840 plus
1240 2779 1283 2821 ex
1301 2780 1413 2823 eorum
1441 2758 1592 2841 dogmate
1618 2768 1824 2823 sacramenta
1851 2759 2062 2842 novaelegis
2088 2761 2216 2827 efficere

212 2866 312 2930 qnam
338 2847 547 2928 perspicuum
573 2851 636 2923 est,
670 2845 796 2910 Christi
828 2845 1024 2927 sanguinem
1057 2845 1189 2909 unicam
1242 2844 1380 2909 debeant
1406 2843 1492 2927 quod
1519 2845 1672 2926 figurant
1716 2842 1915 2909 Ridiculum.
1961 2845 2009 2912 Ut
2033 2847 2070 2910 in
2098 2847 2217 2912 eucha-

212 2953 353 3015 essepro
363 2930 510 2995 fidelium
519 2931 661 3013 peccatis
678 2930 940 3008 satisfactionem,
959 2931 1188 3011 expiationem,
1241 2931 1334 2994 ristia
1366 2930 1528 3013 duplicem
1565 2928 1849 2994 manducationem
1883 2928 1925 3016 [p.
1945 2929 2021 3018 311]
2053 2939 2216 2998 statuunt:

211 3018 455 3101 purgationem,
489 3016 568 3099 quid
595 3024 758 3099 superest,
786 3016 851 3080 nisi
872 3017 1099 3098 purgatorium
1121 3037 1188 3079 111-
1242 3016 1512 3081 sacramentalem
1533 3035 1615 3096 quae
1632 3015 1725 3081 bonis
1742 3036 1843 3097 aeque
1864 3037 1902 3082 ae
1923 3017 2018 3082 malis
2038 3020 2218 3086 communis

212 3122 286 3168 ram
322 3123 393 3167 esse
430 3103 466 3165 in
499 3101 670 3168 Christum
701 3101 959 3185 blasphemiam?
1013 3101 1189 3166 Praetereo
1242 3110 1305 3180 est,
1333 3101 1535 3185 spiritualem
1562 3122 1645 3184 quae
1671 3101 1831 3166 bonorum
1857 3107 1987 3167 tantum
2009 3111 2058 3168 est
2077 3107 2217 3188 propria,

213 3189 384 3272 sacrilegia
404 3189 522 3271 quibus
543 3188 685 3271 quotidie
709 3185 839 3274 [1319]
863 3187 1062 3266 defenditur,
1085 3188 1188 3251 offen·
1242 3211 1300 3253 eur
1320 3210 1388 3253 non
1410 3196 1443 3252 et
1465 3187 1699 3252 absolutionem
1721 3187 1871 3251 bifariam
1892 3190 2015 3270 percipi
2036 3190 2217 3273 fingerent?

214 3274 322 3340 dicula
352 3295 436 3356 quae
468 3275 505 3338 in
532 3275 688 3358 religione
714 3274 815 3356 parit,
849 3272 977 3356 aliaque
1003 3274 1188 3351 innumera,
1241 3274 1311 3340 Nec
1332 3274 1491 3339 hactenus
1508 3271 1691 3356 intelligere
1708 3273 1807 3354 potui,
1830 3273 1908 3355 quid
1925 3275 1987 3339 sibi
2004 3274 2128 3341 vellent
2144 3298 2219 3341 eum

169 3387 173 3394 ·
213 3380 296 3444 quae
319 3381 361 3424 ex
381 3360 441 3425 tali
461 3360 637 3442 impietatis
658 3360 748 3423 fonte
768 3358 899 3441 prodire
920 3360 1033 3424 solent.
1241 3361 1297 3424 illo
1319 3381 1377 3425 suo
1405 3359 1568 3442 dogmate,
1598 3358 1684 3439 quod
1707 3379 1806 3441 quam
1831 3358 1969 3446 longae
1994 3360 2059 3425 Dei
2081 3363 2218 3426 veritate

298 3446 345 3512 Ut
381 3447 482 3511 finem
514 3445 688 3528 aliquando
719 3446 891 3521 faciamus,
923 3444 1092 3509 videamus
1122 3445 1190 3509 iam
1242 3445 1405 3522 dissideat,
1430 3445 1606 3522 (1111111111,
1630 3464 1706 3509 oum
1715 3443 1750 3507 id
1761 3453 1992 3526 argumentum
2003 3447 2087 3511 serio
2099 3455 2218 3513 tracta-

213 3531 314 3618 (quod
333 3539 495 3614 postremo
512 3532 582 3597 loco
602 3532 803 3614 propositum
820 3530 905 3614 erat)
928 3530 968 3594 de
986 3538 1189 3596 sacramento
1241 3553 1360 3597 remus.
1406 3532 1549 3594 Tantum
1574 3529 1629 3595 hio
1649 3529 1821 3594 ostendere
1840 3530 1927 3610 volo,
1955 3531 2043 3597 hune
2065 3554 2218 3615 serupum

213 3620 295 3700 ipso
311 3619 539 3700 poenitentiae.
590 3618 700 3682 Anxie
734 3624 844 3681 autem
875 3616 996 3681 sudant
1028 3617 1065 3680 in
1097 3637 1190 3698 repe-
1241 3617 1324 3681 nihil
1361 3615 1532 3699 impedire,
1565 3616 1738 3698 quominus
1771 3614 2006 3682 absolutionem
2043 3617 2218 3683 sacerdotis

213 3703 327 3766 riendo
360 3710 571 3769 sacramento.
622 3703 691 3769 Nee
723 3703 861 3781 mirum,
890 3701 1014 3766 nodum
1041 3703 1129 3766 enirn
1155 3705 1190 3767 in
1241 3711 1483 3769 sacramentum
1513 3707 1712 3782 nuncupent
1761 3700 2019 3785 Respondebunt
2046 3696 2133 3768 enim
2158 3725 2219 3786 per

215 3789 321 3870 scirpo
352 3795 521 3871 quaerunt
577 3787 675 3869 Quod
711 3797 822 3853 tamen
860 3789 1020 3870 optimum
1056 3788 1188 3867 habent,
1242 3811 1278 3855 os
1299 3788 1491 3872 Augustini:
1523 3787 1812 3852 sanctificationem
1836 3809 1906 3852 esse
1933 3789 2003 3854 sine
2024 3789 2144 3854 visibili
2165 3811 2218 3854 sa·

214 3893 286 3938 rem
301 3874 500 3957 implicitam,
523 3895 724 3956 suspensam,
746 3876 915 3952 incertam,
937 3875 1189 3957 opinionumque
1242 3881 1416 3953 eramento,
1437 3880 1471 3938 et
1480 3872 1608 3939 visibile
1624 3880 1865 3938 sacramentum
1881 3875 1951 3938 sine
1962 3875 2109 3940 interiori
2124 3897 2218 3941 sano·

213 3959 371 4025 111111111
393 3962 563 4025 confusam
585 3981 622 4025 ao
649 3961 815 4025 turbatam
837 3959 1035 4041 relinquunt
1063 3961 1190 4026 Dicunt
1242 3961 1430 4039 tificatione;
1459 3960 1552 4023 item:
1576 3965 1782 4024 sacramenta
1802 3959 1838 4022 in
1860 3960 1936 4026 solis
1957 3961 2069 4026 electis
2090 3960 2218 4027 efficere

213 4064 301 4128 ergo,
313 4045 366 4108 vel
375 4046 609 4127 poenitentiam
620 4047 814 4110 exteriorem
824 4066 894 4110 esse
904 4052 1155 4123 sacramentum,
1164 4045 1189 4130 ¹)
1241 4046 1328 4129 quod
1359 4047 1516 4129 figurant;
1543 4045 1635 4109 item:
1668 4044 1811 4108 induunt
1836 4045 2006 4111 Christum
2033 4047 2088 4111 alii
2115 4067 2217 4129 usqne

214 4137 248 4196 et
268 4131 297 4195 si
318 4131 366 4194 ita
387 4138 445 4207 est,
468 4132 648 4194 existimari
666 4130 792 4206 debere,
815 4132 947 4213 signum
967 4152 1037 4195 esso
1055 4132 1189 4195 interio-
1242 4132 1284 4196 ad
1308 4132 1503 4196 sacramenti
1528 4131 1768 4213 perceptionem
1790 4130 1845 4195 alii
1872 4153 1973 4214 usque
2000 4133 2042 4197 ad
2075 4133 2218 4199 sanctifi·

213 4217 259 4282 ris
280 4216 507 4299 poenitentiae,
531 4215 564 4278 id
586 4223 644 4294 est,
667 4217 869 4281 contritionis
888 4216 1002 4295 cordis,
1026 4219 1190 4299 quaeerit
1241 4218 1415 4295 cationem3
1448 4215 1530 4280 illud
1556 4217 1632 4281 boni
1660 4225 1693 4280 et
1716 4217 1793 4280 mali
1821 4219 1943 4298 pariter
1963 4218 2102 4297 iaciunt,
2130 4219 2218 4284 istud

212 4322 266 4368 res
287 4301 483 4367 sacramenti
490 4323 498 4378 ;
521 4301 573 4365 vel
595 4307 769 4384 utramque
791 4299 888 4365 simul
910 4322 981 4365 esse
1003 4323 1187 4367 sacramen·
1219 4303 1300 4368 -soli
1322 4304 1406 4368 boni.
1420 4302 1449 4387 ⁸)
1492 4300 1581 4367 Sane
1603 4302 1793 4367 hallucinati
1816 4316 1894 4367 sunt
1918 4303 1993 4386 plus
2018 4325 2117 4386 quam
2137 4325 2217 4387 pue·

212 4393 293 4466 tum,
315 4408 375 4453 nec
395 4385 468 4465 duo,
488 4384 545 4450 sed
564 4408 669 4450 unum
685 4386 896 4468 completum;
919 4387 976 4450 sed
994 4389 1189 4452 exteriorem
1240 4389 1344 4453 riliter
1371 4397 1404 4454 et
1425 4389 1511 4454 caeci
1533 4389 1568 4451 in
1590 4389 1657 4453 sole
1678 4388 1824 4465 fuerunt,
1851 4391 1907 4471 qui
1928 4410 2004 4454 eum
2024 4391 2129 4455 multa
2154 4389 2217 4455 dif-

212 4492 284 4538 esse
305 4479 548 4539 sacramentnm
569 4471 744 4550 duntaxat,
772 4473 962 4535 interiorem
989 4484 1188 4538 111111111-
1240 4475 1385 4540 ficultate
1407 4482 1607 4551 aestuarent,
1631 4495 1703 4538 rem
1724 4474 1856 4558 planam
1878 4473 1958 4539 adeo
1980 4482 2013 4539 et
2034 4477 2138 4542 cnivis
2151 4477 2217 4554 ‚ob-

213 4567 432 4638 eramentum;
464 4558 689 4623 remissionem
721 4564 832 4622 autem
862 4564 1084 4639 peccatorum,
1118 4580 1190 4623 rem
1239 4561 1329 4626 viam
1348 4581 1414 4625 non
1435 4568 1681 4643 perspexerunt

213 4650 343 4708 tantum
363 4650 397 4709 et
416 4665 485 4709 non
506 4650 756 4709 sacramentum.
802 4641 869 4722 Qui
891 4644 1087 4708 sacramenti
1108 4642 1188 4708 defi·
1326 4646 1376 4710 Ne
1402 4653 1512 4711 tamen
1538 4647 1663 4712 animos
1690 4645 1820 4722 tollant,
1848 4666 2040 4729 quacunque
2066 4649 2102 4714 in
2122 4656 2216 4731 parte

212 4729 371 4794 nitionem
392 4751 492 4812 supra
513 4752 534 4794 a
554 4729 647 4794 nobis
668 4729 811 4812 positam⁴
825 4729 983 4793 memoria
1000 4735 1122 4808 tenent,
1145 4729 1188 4795 ad
1240 4738 1480 4797 sacramentum
1500 4732 1676 4815 posuerint,
1699 4752 1783 4814 nego
1804 4731 1875 4795 iure
1893 4729 2007 4797 haberi
2027 4754 2087 4816 pro
2107 4754 2217 4799 saera-

213 4832 287 4879 eam
313 4816 448 4899 exigant
473 4815 508 4880 id
536 4814 622 4898 quod
649 4814 765 4880 dieunt
784 4834 856 4879 esse
877 4821 1130 4895 sacramentum,
1154 4822 1188 4881 et
1239 4825 1359 4882 mento.
1402 4817 1569 4895 Primum,
1596 4815 1682 4899 quod
1711 4816 1804 4880 nulla
1829 4817 1894 4881 Dei
1920 4820 2091 4900 promissio
2117 4827 2216 4897 extet,

212 4901 394 4966 invenient:
428 4920 496 4965 non
523 4922 593 4967 esse
615 4901 853 4966 caeremoniam
880 4906 1051 4964 externam
1078 4903 1187 4967 aDo·
1240 4903 1541 4968 unicasaoramenti
1553 4902 1752 4986 hypostasim
1771 4901 2218 4989 deinde,quodquaecunquo

212 4986 301 5050 mino
332 4985 533 5064 institutam,
566 4985 608 5052 ad
635 4985 712 5051 fidei
737 4985 868 5051 nostrae
897 4987 1185 5053 confirmationem.

1310 5122 1340 5192 1)
1356 5124 1415 5176 Lib.
1433 5121 1458 5176 3.
1479 5129 1582 5192 quaest.
1601 5131 1654 5178 vet.
1673 5131 1735 5179 test.
1805 5125 1834 5191 2)
1853 5127 1886 5179 In
1904 5143 2028 5181 sermone
2047 5127 2164 5196 quodam
2183 5127 2217 5180 de

1240 5193 1315 5262 bapt.
1339 5191 1433 5245 iniant.
1521 5191 1673 5257 31111113.
1698 5200 1801 5262 quaest.
1824 5202 1878 5248 vet.
1898 5202 1975 5256 test.;
1999 5195 2039 5249 De
2057 5197 2131 5264 bapt.
2155 5213 2217 5266 par·

282 5257 388 5326 1)Lib.
407 5255 432 5311 4.
450 5264 566 5312 sentent.
585 5257 709 5313 1111121.
728 5275 750 5312 1.
768 5257 793 5311 2.
1241 5263 1294 5314 vul.
1314 5290 1348 5299 -
1365 5261 1424 5313 Lib.
1442 5260 1467 5313 b.
1486 5260 1520 5313 de
1538 5262 1612 5329 bapt.
1631 5269 1726 5315 1111111
1743 5264 1840 5317 Donat.
