4770 6030
189 328 263 413 reo'
712 344 810 410 oar.
835 343 993 428 X.(V1.)
1036 345 1100 409 uu
1125 342 1503 410 rusrrrrosrrouu
1525 345 1666 411 emm.
2126 351 2190 414 uo

186 447 604 622 ddzhddrdeddddcchffidm
626 532 861 617 quodammodo
882 534 968 598 facit.
1013 534 1061 597 At
1082 553 1160 615 quo·
1211 552 1337 613 quoque
1364 531 1442 597 locis
1469 539 1645 613 testantur,
1678 555 1777 617 quam
1798 557 1865 600 non
1886 535 2110 617 praeiudicare
2132 559 2189 601 ve-

186 628 247 690 ties
276 622 474 707 assignanda
501 629 551 687 θεῖ
571 642 651 686 vera
672 640 785 697 causa,
813 640 879 683 non
902 619 944 683 ad
965 639 1064 701 opera
1084 637 1160 709 con·
1211 617 1301 680 ritati
1323 617 1494 682 voluerint
1536 616 1593 684 Sic
1615 619 1703 684 enim
1725 621 1843 686 alicubi
1864 621 2008 703 loquitur
2029 622 2189 706 Augusti·

186 712 285 795 fugit,
315 709 372 775 sed
399 710 435 773 in
458 708 526 773 sola
550 704 789 772 misericordiae
812 705 1006 788 cogitatione
1027 725 1087 769 nos
1109 725 1160 768 re·
1212 725 1287 767 nus:
1308 701 1332 787 ¹)
1366 704 1511 768 humana
1542 706 1660 770 merita
1686 707 1739 772 hic
1761 708 1996 786 conticescant,
2026 729 2108 790 quae
2131 729 2188 791 pe-

185 798 278 863 tinet
324 794 430 877 Quale
458 795 546 859 enim
572 792 659 858 istud
688 796 751 869 est,
778 789 865 873 quod
892 812 952 873 per
980 790 1160 873 apostolum
1212 789 1340 852 rienmt
1360 809 1420 871 per
1441 789 1563 869 Adam;
1587 798 1620 854 et
1641 798 1764 876 regnet,
1787 814 1871 875 qnae
1893 800 2010 876 regnat
2026 794 2092 858 Dei
2113 816 2189 878 gra-

187 883 296 968 (Rom.
318 888 346 961 6,
367 880 422 966 23)
443 879 556 946 docet?
591 877 800 960 Stipendium
821 878 1068 974 peccatiaemorsJ
1085 896 1160 959 gra·
1213 874 1273 952 tia,
1300 896 1360 956 per
1381 874 1492 941 Iesum
1513 875 1693 942 Christum.
1739 878 1835 943 Item:
1849 879 1878 963 ²)
1905 880 2025 942 merdis
2052 881 2121 943 auis
2142 881 2190 944 γε’·

186 972 233 1034 tia
254 969 390 1035 Domini
412 968 480 1032 vita
501 973 641 1031 aeterna.
687 961 757 1027 Cur
783 984 848 1027 non
869 969 907 1026 ut
928 971 1031 1025 vrtam
1053 962 1159 1041 morti,
1212 959 1259 1024 bil
1284 960 1423 1026 mouent
1449 964 1565 1042 corda·
1590 967 1687 1028 toturn
1712 965 1838 1029 neser·
1866 965 2098 1030 misericordiae
2118 971 2190 1031 torae

186 1059 232 1122 sio
259 1063 391 1138 peccato
418 1053 576 1117 iustitiam
603 1047 759 1133 opponit?
804 1046 873 1112 Cur
900 1069 968 1111 non
990 1056 1027 1110 ut
1046 1069 1161 1130 peccu-
1212 1046 1358 1125 tribuere,
1389 1068 1406 1111 o
1438 1047 1535 1112 Deus.
1583 1049 1692 1115 Alibi:
1706 1051 1735 1135 ⁸)
1766 1056 1794 1114 et
1825 1071 1922 1131 quum
1949 1051 2061 1115 viderit
2092 1051 2188 1130 herm,

186 1150 258 1208 tum
280 1142 402 1218 mortis,
425 1140 471 1203 ita
492 1137 651 1202 iustitiam
672 1135 760 1199 vitae
782 1155 915 1199 causam
937 1132 1072 1197 statuit?
1104 1131 1160 1199 Sic
1212 1133 1367 1212 quidquid
1392 1133 1462 1198 borrr‘
1487 1132 1589 1214 boda,
1616 1155 1678 1200 noa
1699 1157 1732 1202 se
1758 1136 1977 1215 bedarese,
2004 1137 2057 1202 sed
2079 1160 2100 1201 o
2121 1137 2189 1203 Deo

186 1230 274 1294 enim
302 1228 364 1291 rite
391 1231 579 1291 constatura
605 1229 677 1286 erat
698 1220 884 1298 antithesis,
913 1241 996 1301 quae
1017 1220 1080 1284 ista
1102 1240 1160 1283 ra·
1212 1237 1278 1296 stro,
1301 1219 1384 1283 ace
1403 1220 1439 1283 r'd
1459 1224 1555 1284 totum
1576 1222 1657 1301 quod
1678 1223 1713 1286 ia
1735 1245 1767 1288 eo
1790 1224 1955 1301 medetur,
1977 1243 2038 1287 ror
2058 1223 2095 1288 dc
2117 1225 2188 1288 suis

185 1316 323 1380 riatione
356 1309 506 1377 nonnihil
537 1307 796 1387 interrumpitur.
810 1304 835 1386 ¹)
886 1302 953 1370 Sed
986 1305 1159 1386 apostolus,
1211 1305 1346 1382 madia,
1384 1306 1439 1370 scd
1475 1305 1513 1369 de
1548 1308 1766 1373 misericordia
1797 1308 1863 1374 Dei
1899 1329 1972 1374 esse.
2028 1308 2124 1374 Vides
2154 1314 2190 1373 ut

185 1401 219 1465 id
247 1398 333 1483 quod
361 1404 445 1476 erat,
475 1396 658 1478 exprimere
683 1393 746 1456 ista
774 1391 1014 1474 comparatione
1041 1391 1158 1455 voluit:
1192 1390 1356 1472 ‚measa
1391 1391 1509 1455 domiai
1542 1391 1613 1456 berre
1645 1395 1757 1476 agendi
1783 1396 1907 1472 θῖνῖαῖθ,
1942 1396 2045 1458 merda
2072 1416 2190 1477 qaoque

185 1487 312 1551 meritis
345 1483 516 1547 hominum
545 1479 655 1544 deberi
680 1484 834 1555 mortem;
867 1477 970 1542 vitam
1002 1498 1068 1541 non
1096 1477 1159 1542 nisi
1212 1475 1392 1558 cantarem
1416 1482 1602 1559 prosternat.
1652 1477 1943 1565 Chrysostomus⁴)
1973 1487 2097 1546 autem:
2130 1502 2188 1546 no·

184 1573 221 1637 in
243 1572 312 1636 sola
333 1570 398 1634 Dei
418 1565 640 1632 misericordia
660 1585 729 1628 esse
752 1564 935 1645 repositam.
1212 1566 1295 1649 stra,
1330 1563 1358 1627 si
1384 1584 1449 1646 qua
1475 1571 1657 1647 sequuntur
1682 1566 1746 1630 Dei
1780 1569 1956 1650 muriam
1985 1568 2189 1632 vocationem

271 1661 321 1720 49.
377 1653 449 1717 Iam
479 1652 565 1735 quod
590 1651 800 1733 praecipuum
827 1656 876 1713 est
907 1650 943 1711 in
974 1648 1034 1712 hac
1062 1670 1161 1714 causa
1211 1666 1323 1728 opera,
1352 1650 1524 1714 retributio
1553 1656 1631 1715 sunt
1652 1659 1686 1715 et
1707 1651 1867 1732 debitum;
1895 1659 1930 1716 ct
1951 1652 2015 1717 Dei
2037 1674 2185 1732 munera,

184 1742 424 1825 expedivimus:
444 1740 529 1821 quia,
549 1739 577 1802 si
594 1737 744 1818 operibus
762 1734 915 1799 fiiloiatur
932 1734 1064 1811 iustitia,
1088 1755 1159 1799 cor·
1211 1733 1318 1882 gutia
1356 1741 1389 1798 et
1432 1736 1646 1801 beneficentia
1686 1744 1717 1802 et
1761 1738 1944 1822 largitionis
1983 1737 2184 1821 magnitudo.

185 1850 280 1894 ruere
312 1827 459 1909 protinus
486 1846 505 1888 a
538 1828 711 1905 conspectu
742 1821 807 1885 Dei
839 1841 970 1886 necesse
1002 1820 1058 1900 sit,
1091 1820 1160 1885 sola
1244 1838 1345 1883 misso
1365 1828 1476 1885 tamen
1496 1822 1730 1910 nominarem
1749 1825 1858 1907 potius
1879 1845 2059 1890 cernamus.
2098 1824 2189 1889 Dec

184 1916 249 1980 Dei
270 1909 500 1987 misericordia,
524 1910 593 1974 sola
611 1907 736 1973 Christi
753 1906 1052 1984 communicatione,
1072 1905 1159 1970 ideo-
1211 1904 1336 1984 quidem
1361 1907 1478 1971 alteru
1508 1906 1712 1973 Bernartius:
1726 1908 1755 1994 ⁶)
1798 1915 1834 1974 at
1864 1910 1907 1975 od
1933 1911 2079 1974 metum
2106 1910 2186 1975 sotis

185 2023 248 2083 que
281 1999 349 2063 sola
378 1996 443 2061 fide
470 1997 637 2061 contineri.
687 1993 907 2074 Praecipuum
935 1999 1044 2055 autem
1071 1992 1160 2057 hunc
1211 1996 1256 2054 est
1275 1989 1313 2053 de
1332 1993 1453 2056 meritis
1473 2013 1765 2075 nermocsumere,
1788 1997 2113 2074 sacramentarius,
2137 2017 2188 2060 co·
2239 2047 2241 2050 >

185 2107 255 2150 θεεθ
288 2104 405 2149 causae
442 2081 608 2147 cardinem
640 2079 814 2162 diligenter
852 2077 1159 2157 animadvertamus,
1211 2077 1253 2140 tr‘s
1280 2081 1325 2140 est
1352 2077 1394 2142 ud
1420 2078 1591 2158 iudr'or'um5
1622 2081 1677 2145 scd
1704 2083 1844 2146 cestim
1870 2081 1979 2146 addito
2009 2083 2188 2163 interprete

185 2170 306 2237 ncilla
328 2168 532 2251 implicemur
554 2166 734 2243 communi,
760 2185 826 2226 non
848 2164 906 2228 vul
931 2165 937 2177 '
963 2165 1071 2242 modo,
1102 2163 1160 2229 sed
1210 2164 1291 2227 tione
1310 2164 1460 2228 duritiem
1480 2166 1563 2229 eoois
1583 2166 1662 2230 sutis
1682 2167 1805 2246 ealle,
1827 2189 1924 2249 quum
1944 2167 2037 2231 died:
2053 2167 2189 2248 proinde

186 2257 353 2322 doctorum
380 2255 480 2318 etiam
505 2252 766 2317 hallucinatione.
812 2247 884 2312 Sim
949 2250 1036 2313 enim
1064 2256 1159 2333 atque
1210 2251 1323 2314 merita
1353 2248 1464 2315 hebere
1490 2271 1595 2328 cures;
1627 2250 1746 2331 boddo,
1781 2253 1857 2317 dato
1884 2255 2021 2331 noverim
2050 2254 2188 2335 [rodum

184 2343 352 2424 quaeritur
379 2339 419 2404 de
447 2338 523 2403 fidei
550 2357 748 2420 operumque
770 2335 1013 2414 iustificatione,
1044 2336 1159 2401 decur-
1210 2354 1315 2416 speres
1336 2333 1400 2400 Det
1419 2337 1676 2416 maaieordium,
1700 2343 1729 2401 et
1749 2358 1837 2402 mnae
1852 2338 2028 2419 periculmrr
2050 2341 2186 2417 comesti,

184 2437 264 2492 runt
296 2426 337 2491 ad
371 2447 426 2490 eos
453 2425 555 2503 locos,
584 2424 639 2506 qui
669 2421 798 2504 aliquod
825 2421 975 2502 operibus
1005 2423 1159 2486 meritum
1204 2422 1413 2502 paupertatis
1435 2423 1683 2505 ingratitudinis,
1707 2424 1982 2506 presumptionis.
2028 2423 2122 2489 Fae
2143 2445 2187 2490 ec·

184 2535 294 2580 coram
327 2513 398 2578 Deo
431 2511 574 2576 tribuere
602 2507 767 2574 videntm:
799 2506 933 2588 perinde
960 2528 1038 2571 vero
1066 2529 1104 2572 ao
1131 2509 1160 2572 si
1210 2506 1320 2586 θῖθεῖα,
1347 2507 1399 2571 cui
1425 2527 1478 2572 aec
1503 2510 1616 2573 merito
1636 2510 1705 2574 sine
1726 2510 1992 2592 praesumptione,
2019 2530 2073 2575 rec
2094 2531 2188 2591 proe-

143 2673 147 2680 ,
184 2602 290 2666 evicta
315 2600 399 2663 foret
425 2617 560 2679 operum
580 2593 780 2671 iustificatio,
809 2592 837 2656 si
857 2592 1030 2673 probatum
1051 2594 1159 2673 fuerit,
1210 2593 1347 2674 summio
1378 2595 1446 2657 siae
1476 2595 1599 2659 cardis
1626 2594 1715 2660 deest.
1763 2594 1808 2659 Et
1833 2596 1934 2677 paulo
1966 2600 2035 2659 θεῖε
2068 2596 2187 2662 abucde

185 2687 321 2752 aliomus
351 2705 422 2748 esse
454 2681 540 2764 apud
568 2682 678 2745 Deum
704 2679 808 2761 pr'etii.
852 2678 1031 2743 Enimvero
1060 2700 1159 2761 supra
1210 2679 1390 2757 ostenderat,
1412 2700 1507 2761 quom
1523 2681 1581 2762 pio
1601 2701 1693 2746 amru
1714 2685 1856 2746 eretur.
1891 2681 1979 2745 Nom
1999 2681 2037 2745 dc
2058 2684 2186 2760 moritis,

185 2773 271 2838 clare
293 2769 507 2846 ostendimus,
529 2769 566 2831 in
586 2766 728 2848 perfecta
748 2765 974 2829 tantummodo
995 2764 1159 2831 absoluta-
1210 2765 1321 2845 taque,
1343 2766 1421 2846 quid
1441 2765 1575 2831 sodada
1594 2769 1636 2832 se
1657 2767 1797 2846 θθθῖθεόα,
1819 2768 1871 2831 cui
1893 2767 1930 2832 de
1946 2768 2104 2847 proposito
2122 2766 2188 2832 Dei

184 2879 247 2939 que
275 2857 356 2940 legis
381 2855 607 2920 observatione
629 2853 804 2917 consistere
826 2871 961 2932 operum
989 2850 1156 2916 iustitium.
1209 2850 1333 2929 firmrbr
1354 2854 1550 2933 saurimque
1575 2854 1696 2918 aaut&
1714 2853 1873 2936 pariendi
1893 2853 1999 2917 ratio?
2032 2852 2104 2917 Noa
2119 2858 2188 2933 poc

183 2943 281 3007 Unde
309 2942 468 3023 sequitur,
508 2960 573 3004 non
605 2937 774 3002 iustificari
802 2936 953 3018 operibus
981 2936 1156 3018 hominem,
1211 2941 1255 3000 eat
1275 2956 1308 3000 se
1329 2937 1435 3019 ipsum
1457 2959 1569 3021 seqare
1589 2938 1696 3004 Deus:
1721 2939 1814 3020 faciet
1835 2940 1916 3020 quod
1930 2939 2087 3020 promise.
2134 2936 2188 3003 Se

183 3029 248 3093 nisi
276 3028 331 3109 qui
358 3025 400 3091 ad
427 3047 592 3090 summum
618 3023 824 3106 perfectionis
850 3027 996 3101 eveotrrs,
1024 3023 1156 3104 nullius,
1209 3041 1271 3086 rum
1291 3027 1336 3088 est
1356 3024 1437 3104 quod
1458 3045 1607 3104 quaeras
1636 3025 1748 3106 qartus
1768 3026 1889 3090 meritis
1909 3045 2069 3107 speremus
2091 3025 2186 3104 eom
2215 3061 2218 3068 ,

184 3114 237 3178 vel
270 3114 425 3176 minimae
457 3110 726 3195 hanegressionis
759 3109 852 3190 argui
885 3115 989 3191 queat.
1042 3109 1158 3175 Altera
1203 3110 1391 3190 pracsertim
1411 3130 1508 3190 quum
1527 3111 1652 3190 cadius,
1676 3131 1738 3176 aon
1753 3116 1883 3194 propter
1903 3132 1965 3190 vos,
1988 3112 2042 3176 sed
2057 3116 2188 3194 propter

183 3201 284 3283 igitur
311 3207 343 3262 ct
373 3204 522 3279 separata
551 3204 600 3262 est
627 3196 785 3279 quaestio,
813 3202 978 3276 utcunque
999 3195 1041 3260 ad
1063 3196 1156 3261 iusti·
1208 3214 1265 3258 mc.
1312 3193 1437 3276 Sufficit
1452 3257 1454 3261 ,
1469 3196 1511 3260 od
1537 3197 1697 3276 meritum,
1725 3198 1804 3262 scire
1830 3197 1911 3278 quod
1937 3217 1998 3262 rou
2024 3198 2186 3279 sufficiant

184 3284 350 3351 ficandum
379 3284 546 3347 hominem
567 3282 702 3346 minime
728 3280 890 3346 sufficient
910 3301 1023 3362 opera,
1047 3303 1157 3347 annon
1208 3280 1329 3344 merito.

186 3379 296 3436 tamen
318 3369 375 3433 illa
396 3368 483 3450 apud
503 3369 612 3432 Deum
634 3368 776 3452 gratiam
795 3367 1062 3448 promereantur?
1296 3370 1346 3429 51.
1396 3363 1486 3446 Quid
1518 3375 1768 3450 promereantur
1799 3370 1908 3433 omnia.
1940 3376 2052 3433 nostra
2085 3390 2184 3451 opera

273 3461 323 3520 50.
366 3454 518 3519 Primum
544 3453 584 3518 de
610 3454 719 3517 meriti
744 3454 875 3516 nomine
903 3452 937 3516 id
959 3453 1042 3528 mihi
1063 3475 1157 3536 prae-
1208 3452 1372 3534 scriptura
1388 3452 1540 3532 ostendit,
1562 3475 1664 3537 quum
1680 3456 1745 3520 Dei
1762 3461 1971 3538 conspectum
1989 3454 2074 3519 ferre
2091 3476 2186 3537 posse

184 3544 246 3607 fari
274 3562 406 3606 necesse
434 3547 497 3604 est:
532 3540 715 3622 quicunque
743 3539 869 3620 primus
895 3537 978 3602 illud
1005 3541 1156 3622 operibus
1208 3545 1323 3621 neget,
1357 3538 1434 3620 quia
1465 3540 1693 3606 immunditiae
1721 3541 1788 3606 sint
1815 3541 1927 3623 plena;
1960 3538 2038 3622 quid
2065 3539 2184 3606 deinde

183 3629 345 3706 humanis,
369 3626 410 3691 ad
431 3626 496 3690 Dei
517 3625 672 3689 iudicium
695 3626 898 3706 comparatis,
924 3626 1057 3707 aptavit,
1080 3648 1156 3691 eum
1207 3624 1428 3706 promeriture
1449 3626 1492 3690 sit
1513 3627 1658 3709 perfecta
1677 3626 1761 3710 legis
1783 3627 1975 3704 observatio,
1999 3627 2027 3691 si
2049 3647 2113 3709 qua
2133 3648 2189 3692 ro·-

182 3714 258 3778 fidei
292 3713 468 3778 sinceritati
506 3711 646 3793 pessime
678 3711 887 3775 consuluisse.
939 3711 1101 3792 Equidem
1136 3735 1156 3778 a
1207 3710 1307 3791 periri
1333 3718 1455 3792 posset,
1483 3732 1584 3794 quum
1605 3713 1764 3795 praecipit
1784 3712 1880 3796 (Luc.
1903 3716 1950 3791 17,
1974 3712 2044 3796 10),
2068 3720 2105 3776 ut
2124 3733 2185 3779 nos

182 3800 394 3884 logomaohiis
415 3799 521 3863 libens
543 3797 703 3861 abstineo:
734 3796 790 3861 sed
818 3806 971 3878 cuperem
992 3819 1065 3862 eam
1087 3820 1155 3864 ser-
1208 3795 1341 3860 inutiles
1368 3817 1479 3862 servos
1505 3805 1708 3880 reputemus,
1742 3819 1843 3881 quum
1868 3798 2041 3863 fecerimus
2074 3800 2184 3864 omnia

182 3895 293 3950 vatam
314 3886 413 3950 fuisse
436 3904 564 3965 semper
584 3883 672 3946 inter
693 3882 886 3947 christianos
909 3883 1082 3966 scriptores
1104 3906 1155 3949 so·
1208 3903 1291 3964 quae
1313 3883 1560 3965 praecipiuntur
1578 3885 1685 3949 nobis:
1716 3885 1792 3966 quia
1812 3883 1896 3948 nihil
1919 3884 2099 3967 gratuitum
2120 3886 2183 3949 im·

182 3971 369 4050 brietatem,
392 3992 433 4035 nc
455 3989 628 4051 usurpare,
652 3989 753 4051 quum
774 3968 858 4031 nihil
881 3990 961 4050 opus
983 3970 1074 4048 foret,
1097 3992 1155 4035 ex·
1207 3967 1418 4050 penderimus
1444 3969 1600 4048 Domino,
1635 3970 1693 4035 sed
1721 3970 1837 4035 debitis
1864 3971 2025 4052 obsequiis
2053 3977 2183 4036 tantum

183 4064 298 4120 manea
320 4079 340 4121 a
361 4056 529 4138 scripturis
551 4054 709 4119 vocabula
726 4055 760 4117 in
778 4056 924 4118 animum
941 4055 1155 4136 induxissent,
1208 4053 1352 4119 defuncti
1385 4055 1500 4133 simus,
1540 4056 1657 4137 quibus
1691 4077 1758 4120 non
1791 4062 1841 4121 θεῖ
1878 4056 2031 4122 habenda
2063 4061 2176 4142 gratia.

183 4163 266 4223 quae
296 4142 437 4206 multum
465 4140 655 4225 pararent²)
683 4139 883 4219 offendiculi,
909 4141 1033 4207 tructus
1059 4144 1156 4208 mini-
1207 4140 1370 4205 Dominus
1398 4147 1525 4220 tamen,
1557 4162 1639 4223 quae
1666 4142 1703 4206 in
1724 4164 1783 4206 nos
1806 4142 1944 4207 contulit
1966 4143 2051 4208 bona
2072 4165 2179 4226 opera,

183 4249 283 4291 mum.
313 4226 478 4307 Quorsum
500 4226 596 4304 enim,
620 4228 760 4303 obsecro,
784 4247 864 4308 opus
885 4227 947 4290 fuit
964 4229 1077 4293 invehi
1098 4251 1157 4294 no·
1207 4236 1241 4290 et
1262 4233 1376 4290 nostra
1397 4226 1553 4309 appellat,
1583 4243 1616 4291 et
1636 4250 1704 4292 non
1726 4234 1855 4292 tantum
1876 4238 2008 4311 accepta
2029 4230 2090 4294 sibi
2112 4250 2183 4295 esse

183 4334 260 4377 men
282 4314 404 4391 meriti,
435 4333 535 4395 quum
556 4313 697 4393 pretium
720 4312 878 4376 bonorum
899 4333 1034 4395 operum
1055 4315 1157 4398 signi-
1207 4319 1362 4391 testatur,
1386 4312 1443 4376 sed
1465 4315 1762 4381 remunerationem
1784 4315 1885 4379 etiam
1906 4315 2067 4380 habitura
2113 4314 2181 4380 No-

182 4401 320 4463 fioanter
352 4398 415 4463 alio
453 4399 584 4461 nomine
617 4398 699 4463 citra
735 4396 966 4463 offendiculum
1000 4400 1157 4483 explicari
1207 4406 1313 4464 strum
1338 4406 1389 4462 est
1409 4399 1553 4464 vicissim
1579 4406 1674 4466 tanta
1694 4400 1909 4484 promissione
1932 4402 2086 4478 animari,
2110 4400 2180 4465 ani-

182 4484 313 4566 posset‘?
359 4484 529 4565 Quantum
561 4491 671 4548 autem
697 4484 805 4566 ipsum
831 4483 1019 4550 offensionis
1052 4487 1087 4550 in
1121 4509 1156 4552 se
1207 4506 1340 4567 mosque
1367 4483 1531 4569 colligere,
1559 4506 1601 4550 ne
1627 4486 1710 4566 bene
1738 4486 1864 4570 agendo
1892 4486 2120 4569 defatigemur,
2149 4493 2183 4550 et

183 4571 355 4648 contineat,
377 4590 497 4653 magno
519 4590 594 4634 cum
611 4570 698 4634 orbis
716 4568 908 4633 detrimento
926 4577 1023 4652 patet.
1058 4571 1156 4637 Certe
1207 4578 1334 4636 tantam
1354 4571 1420 4634 Dei
1443 4569 1679 4655 benignitatem
1700 4595 1779 4639 vera
1801 4570 2000 4656 gratitudine
2021 4573 2180 4654 prosequi.

183 4663 221 4718 ut
237 4664 287 4721 est
305 4656 585 4734 fastuosissimum,
603 4655 687 4720 nihil
704 4675 802 4738 quam
814 4655 986 4720 obscurare
997 4658 1063 4722 Dei
1080 4680 1155 4740 gra-
1207 4656 1359 4721 Gratiam
1379 4656 1444 4720 Dei
1466 4678 1536 4722 esse
1558 4678 1626 4721 non
1644 4658 1780 4724 dubium
1798 4667 1855 4736 est,
1878 4656 2036 4740 quidquid
2052 4658 2088 4720 in
2105 4678 2182 4741 ope.-

182 4743 277 4822 ham,
312 4750 344 4806 et
376 4743 525 4806 homines
552 4762 655 4823 prava
681 4741 833 4822 superbia
864 4742 1010 4807 imbuere
1039 4751 1153 4826 potest
1207 4743 1297 4807 ribus
1325 4749 1375 4807 θεῖ
1403 4741 1489 4824 quod
1516 4743 1647 4809 laudem
1676 4746 1836 4821 meretur,
1861 4742 1986 4806 nullam
2013 4764 2083 4808 esse
2105 4750 2180 4827 gut-

182 4826 243 4892 Usi
265 4835 351 4906 sunt,
374 4829 491 4907 fateor,
512 4828 634 4909 passim
656 4826 777 4892 vetusti
795 4826 949 4907 ecclesiae
971 4830 1154 4912 scriptores,
1206 4835 1289 4906 tam,
1319 4831 1568 4912 quamproprie
1590 4831 1685 4896 nobis
1707 4828 1890 4894 adscribere
1912 4826 2095 4893 debeamus.
2141 4828 2182 4893 Id

184 4920 279 4994 atque
301 4915 428 4980 utinam
449 4914 583 4979 voculae
603 4915 700 4978 unius
723 4913 825 4976 abusu
847 4914 966 4978 erroris
984 4917 1157 4980 materiam
1208 4915 1236 4979 si
1257 4935 1293 4977 re
1315 4934 1393 4977 vera
1414 4915 1561 4998 serioque
1584 4917 1805 4999 agnoscimus,
1833 4913 1998 4979 evanescit
2019 4914 2183 4997 quaelibet

183 5001 320 5079 posteris
342 5022 408 5065 non
425 5000 658 5082 praebuissent.
693 4997 890 5081 Quanquam
910 5001 1077 5067 nonnullis
1094 5001 1157 5084 ipsi

1279 5135 1306 5202 1)
1324 5136 1365 5187 De
1383 5137 1517 5204 praedest.
1535 5149 1618 5189 sanct.
1637 5155 1659 5190 c.
1679 5135 1719 5189 15.
1812 5135 1841 5203 2)
1865 5138 1897 5189 In
1916 5136 1985 5189 Peal.
2005 5135 2062 5189 139.
2150 5133 2185 5203 3)

183 5202 292 5323 1553l)1
294 5205 461 5326 fflmpimr
481 5205 561 5266 1543,
581 5208 751 5275 abrumpitur
770 5204 837 5258 1545
855 5223 925 5276 seqq.
981 5207 1011 5272 2)
1029 5211 1159 5275 parerent
1206 5203 1390 5329 {pmiisrgaffi
1481 5203 1511 5272 4)
1534 5205 1632 5257 Homil.
1651 5204 1693 5258 33.
1712 5209 1740 5258 in
1758 5205 1853 5259 Genea.
1925 5203 1954 5270 5)
1980 5206 2068 5274 Supra
2085 5206 2184 5259 cando.

256 5358 365 5413 Caluini
381 5375 472 5427 opera.
514 5361 569 5415 Vol.
589 5360 613 5413 1.
1943 5359 1978 5414 e
