4770 6030
214 355 276 416 219
862 345 1128 417 laturario
1151 349 1255 415 REIr.
1278 347 1459 416 Ouarsa.
1485 351 1576 415 1536.
2156 355 2220 418 220

213 542 366 624 exigunt,
390 560 488 621 quam
510 538 602 603 initio
622 544 838 619 sumpserant.
885 534 974 617 Quid
996 537 1042 602 sio
1064 536 1190 621 agendo
1243 558 1323 626 gum
1353 546 1466 621 postea
1498 538 1628 621 aliquod
1661 541 1822 605 consentit
1853 542 1985 624 imponi
2034 540 2220 623 Imponitur

213 625 426 702 contendunt,
454 624 518 688 nisi
543 623 634 688 nullo
660 621 756 688 modo
777 644 888 689 errare
914 643 1009 706 posse
1031 622 1189 689 eoncilia?
1243 631 1365 702 autem,
1389 624 1418 688 si
1444 645 1504 688 sua
1526 625 1698 690 autoritate
1721 623 1900 692 decernunt
1929 627 2079 709 apostoli,
2107 627 2219 709 prohi-

213 720 270 779 aut
291 712 318 777 si
341 717 467 787 errant,
490 711 582 774 nefas
601 718 713 774 tamen
734 731 805 775 esse
826 730 944 774 verum
964 729 1107 787 eernere,
1129 729 1190 774 666
1242 708 1385 774 bendum
1407 711 1572 793 gentibus,
1595 732 1639 775 ne
1660 709 1857 796 idolothyta,
1881 714 2076 796 sanguinem
2096 720 2130 777 et
2151 714 2219 778 suf·

213 797 372 864 assentari
399 794 584 861 erroribus?
630 794 742 876 Quare
764 795 853 860 nulla
876 794 1102 871 conciliorum,
1131 815 1188 878 pa·
1242 795 1384 860 focatum
1404 797 1578 879 attingant.
1619 796 1735 861 Manet
1754 797 1887 879 quidem
1907 796 2015 865 adhuc
2036 799 2218 881 serupulus,

211 892 352 961 stomm,
380 882 619 964 episcoporum,
649 880 802 946 ccclesiae
834 881 982 959 nomina,
1010 901 1094 963 quae
1119 887 1188 944 tam
1241 879 1327 963 quod
1348 880 1562 947 nihilominus
1585 880 1759 954 videantur
1779 883 1960 965 prohibere.
2000 885 2103 967 Atqui
2124 885 2218 951 facile

81 975 82 979 ’
211 969 293 1036 falso
312 967 453 1048 obtendi,
476 987 576 1050 quam
591 988 669 1033 vere
691 967 843 1049 uampari
863 971 1007 1050 possunt,
1030 965 1188 1049 impedire
1241 963 1450 1044 dissolvetur,
1480 968 1507 1033 si
1536 969 1609 1051 quis
1635 969 1769 1067 propius
1799 964 1844 1068 [p.
1859 966 1935 1056 452]
1965 969 2089 1035 decreti
2116 970 2219 1053 ipsius

212 1056 340 1135 debent,
363 1076 426 1137 qno
447 1054 557 1118 minus
576 1052 696 1118 talibus
714 1052 915 1119 documentis
933 1052 1057 1130 moniti
1075 1072 1188 1117 omnes
1240 1072 1374 1117 666666
1397 1052 1639 1118 animadvertat
1645 1077 1653 1133 ;
1681 1076 1775 1120 eurus
1795 1075 1939 1137 primum
1960 1054 2075 1120 ordine
2095 1062 2129 1121 et
2149 1078 2219 1122 mo-

211 1142 358 1207 omnium
379 1140 513 1223 spiritus
533 1138 576 1204 ad
598 1137 701 1203 divini
722 1138 815 1204 verbi
836 1138 985 1223 regulam
1002 1139 1187 1221 exigamus:
1240 1145 1350 1202 mento
1381 1140 1594 1222 praecipuum
1627 1146 1726 1222 caput
1763 1148 1827 1205 est:
1865 1140 2115 1223 relinquendam
2147 1164 2218 1209 esse

211 1250 275 1313 quo
296 1226 471 1310 probemus
491 1246 571 1290 num
595 1247 637 1289 ex
657 1225 730 1289 Deo
752 1226 825 1289 sint.
1240 1225 1392 1308 gentibus
1424 1246 1520 1290 suam
1553 1225 1752 1305 libertatem,
1786 1247 1847 1292 nec
1880 1226 1945 1292 illis
1977 1226 2218 1294 obturbandum

297 1313 371 1378 Iam
391 1332 471 1378 vero
497 1311 619 1375 referre
641 1309 683 1375 ad
702 1310 865 1392 apostolos
889 1308 1102 1374 traditionum
1123 1310 1188 1374 ori-
1240 1324 1324 1388 esse,
1355 1318 1414 1375 aut
1441 1310 1480 1375 de
1502 1310 1584 1394 legis
1605 1311 1884 1377 observationibus
1906 1313 2125 1380 exhibcndmn
2148 1336 2218 1378 mo-

270 1420 332 1477 em,
354 1397 472 1482 quibus
493 1396 652 1462 haetenus
673 1417 828 1480 oppressa
844 1401 894 1462 est
911 1395 1055 1474 ecclesia,
1078 1416 1187 1460 merae
1239 1394 1375 1461 lestiam.
1420 1396 1592 1463 Hactenus
1615 1396 1709 1463 nobis
1730 1399 1862 1482 egregie
1882 1399 2114 1482 patrocinatur.

210 1422 350 1638 ἔω]
370 1491 448 1550 sunt
465 1482 678 1566 imposturae:
699 1481 828 1563 quando
844 1488 914 1546 tota
929 1481 964 1544 in
982 1481 1043 1547 hoc
1061 1483 1187 1546 incum-
1211 1497 1214 1564 ς
1326 1480 1420 1562 Quae
1442 1492 1551 1547 autem
1568 1483 1716 1566 proxime
1733 1483 1880 1566 sequitur
1897 1485 2045 1567 exceptio
2056 1506 2117 1551 666
2132 1506 2219 1552 nova

234 1573 259 1635 't
284 1570 503 1654 apostolorum
530 1567 692 1646 doctrina,
722 1589 764 1632 ne
792 1568 885 1633 novis
907 1566 1186 1632 observationibus
1238 1566 1293 1632 lex
1310 1577 1360 1632 est
1381 1569 1422 1632 ab
1450 1569 1602 1650 apostolis
1629 1567 1711 1647 lata,
1735 1568 1792 1635 sed
1813 1568 1962 1636 divinum
1985 1575 2218 1655 aeternumque

210 1664 386 1722 onerentur
413 1655 642 1732 eonscientiae,
678 1660 735 1719 aut
761 1654 825 1718 Dei
854 1653 961 1720 cultus
988 1654 1108 1719 nostris
1134 1654 1185 1716 in-
1237 1653 1445 1733 mandatum,
1476 1653 1516 1718 de
1538 1653 1700 1719 servanda
1722 1656 1876 1733 caritate;
1903 1677 1964 1722 666
1992 1663 2152 1738 punctum
2173 1678 2217 1723 ex

209 1742 417 1809 ventionibus
446 1741 691 1805 contaminetur.
736 1740 782 1804 Et
809 1741 837 1805 si
858 1761 923 1822 qua
944 1739 1100 1815 historiis,
1128 1760 1185 1803 ve-
1237 1737 1294 1802 illa
1315 1739 1465 1804 libertate
1493 1739 1630 1834 delibat,
1654 1738 1711 1806 sed
1733 1749 1847 1824 gentes
1871 1740 2031 1808 duntaxat
2053 1742 2215 1821 admonet,

208 1829 369 1911 tustisqne
387 1827 607 1891 monumentis
624 1826 711 1891 inest
726 1824 816 1904 fides,
840 1824 992 1908 apostolis
1009 1847 1075 1889 non
1092 1826 1184 1909 igno-
1236 1845 1301 1906 qua
1322 1825 1447 1889 ratione
1468 1847 1539 1891 sese
1556 1825 1711 1891 fratribus
1729 1833 1954 1910 attemperant,
1976 1849 2019 1892 ne
2038 1848 2098 1893 sua
2118 1828 2215 1895 liber-

209 1922 281 1980 tum
307 1913 417 1992 modo,
446 1911 503 1977 sed
524 1910 709 1976 inauditum
730 1912 805 1988 fuit,
834 1910 920 1993 quod
939 1910 1004 1976 illis
1026 1912 1181 1976 tribuunt
1208 1881 1211 1983 l
1236 1917 1304 1975 tate
1325 1911 1359 1975 in
1382 1932 1494 1975 eorum
1512 1911 1725 1976 offensionem
1743 1914 1928 1979 abutantur.
1958 1911 2012 1979 Sit
2032 1913 2096 1980 hoc
2115 1915 2217 1999 igitur

209 2000 279 2066 Nec
301 1999 464 2084 garriant,
493 1998 647 2080 pleraque
670 2018 783 2061 eorum
808 1997 929 2079 placita
949 2019 1012 2062 usu
1033 2004 1067 2061 et
1085 1998 1184 2061 mori-
1208 2006 1211 2041 ²
1236 1995 1414 2062 secundum
1434 2006 1544 2079 caput:
1567 2003 1604 2062 ut
1624 1998 1760 2062 innoxia
1780 1998 1930 2064 libertate
1951 2005 2087 2065 utantur
2103 2008 2216 2084 gentas

210 2087 271 2152 bus
303 2092 434 2168 recepta
463 2083 577 2156 fuisse.
610 2103 692 2164 quac
720 2083 848 2165 scriptis
875 2081 996 2146 tradita
1019 2104 1086 2146 non
1107 2083 1183 2161 sint
1237 2103 1274 2154 ac
1296 2081 1379 2147 citra
1394 2085 1534 2148 fratrum
1555 2082 1775 2149 offensionem.
1812 2085 1857 2149 At
1877 2092 2003 2151 certum
2024 2092 2136 2151 tamen
2157 2086 2217 2151 ali-

209 2171 267 2238 illa
289 2170 426 2249 scilicet,
455 2189 538 2252 quae
561 2168 701 2234 Christo·
721 2167 828 2234 adhue
848 2169 980 2233 vivente
1001 2168 1184 2252 intelligere
1208 2190 1211 2229 r
1235 2166 1314 2250 quid
1334 2169 1572 2250 praescribunt:
1596 2190 1714 2252 nempe
1735 2177 1896 2252 quatenus
1916 2191 1976 2253 pro
1993 2179 2138 2254 tempore
2159 2194 2217 2238 ex·

208 2279 276 2324 non
307 2261 473 2340 poterant,
507 2261 581 2337 post
607 2255 676 2318 eins
709 2260 819 2318 autem
847 2275 1017 2319 ascensum
1051 2255 1184 2337 spiritus
1235 2253 1403 2337 pediebat,
1428 2253 1545 2319 docent
1567 2277 1604 2320 ac
1625 2254 1812 2338 designant,
1836 2256 1955 2338 quibus
1975 2257 2072 2323 rebus
2093 2257 2130 2323 in
2150 2259 2217 2324 fra·

209 2344 314 2410 sancti
335 2341 533 2409 revelatione
555 2339 735 2405 didicerint.
782 2338 1078 2422 Oimpudentiam.
1112 2340 1184 2404 Ru·
1236 2346 1325 2403 trum
1346 2339 1558 2404 offensionem
1579 2341 1705 2423 possint
1724 2343 1906 2419 incurrere,
1929 2362 1992 2425 quo
2014 2343 2055 2408 ab
2076 2343 2142 2409 illis
2163 2366 2217 2410 aa

210 2428 268 2495 des
295 2428 412 2504 adhue,
435 2426 547 2506 fateor,
576 2433 610 2491 et
630 2424 785 2490 indociles
807 2431 902 2490 erant
922 2424 1086 2508 discipuli,
1109 2447 1184 2491 cum
1236 2433 1350 2505 veant3
1379 2425 1463 2489 nihil
1485 2432 1596 2490 tamen
1617 2447 1741 2492 norum
1762 2426 1804 2509 ad
1824 2434 1993 2492 aeternam
2013 2429 2079 2494 Dei
2100 2428 2215 2514 legem,
2267 2471 2271 2477 -

209 2514 297 2582 istud
320 2514 503 2585 aDomino
525 2512 684 2577 audirent
729 2511 872 2590 Verum,
903 2511 1007 2577 hacne
1029 2511 1184 2576 tarditate
1257 2532 1319 2575 uae
1340 2511 1479 2575 fratrum
1501 2511 1713 2577 offensionem
1734 2513 1898 2595 prohibet,
1921 2513 1963 2579 de
1983 2537 2042 2580 suo
2064 2515 2215 2581 afferunt

209 2609 280 2667 tum
300 2601 399 2666 etiam
420 2598 624 2676 tenebantur,
646 2618 720 2662 cum
743 2596 924 2662 doctrinam
945 2619 1039 2662 suam
1056 2598 1185 2680 scriptis
1208 2532 1211 2675 l
1236 2532 1521 2677 Quemadmodum
1549 2599 1577 2662 si
1604 2599 1660 2680 qui
1681 2598 1829 2664 nondum
1856 2601 1939 2665 bene
1960 2601 2142 2672 constitutis
2163 2622 2216 2667 66-

209 2685 488 2753 commendarent:
520 2690 558 2748 ut
589 2684 667 2749 viva
695 2688 809 2766 postea
840 2704 919 2749 voce
945 2683 1095 2766 supplere
1126 2705 1183 2749 66-
1237 2681 1343 2748 elesiis
1363 2690 1528 2766 praesunt,
1550 2683 1663 2749 fideles
1683 2692 1846 2767 pastores,
1868 2685 2017 2752 omnibus
2038 2686 2106 2752 suis
2127 2708 2216 2753 6666

208 2793 299 2840 cesse
327 2771 516 2849 habuerint,
538 2768 625 2853 quod
652 2770 687 2834 in
714 2769 844 2852 scriptis
876 2769 1079 2853 ignorantiae
1104 2771 1183 2835 vitio
1236 2768 1380 2834 edicant:
1402 2790 1445 2833 ne
1469 2768 1570 2835 donec
1594 2770 1756 2850 imbecilli,
1779 2771 1971 2854 quibusoam
1992 2772 2217 2851 616666416-

209 2857 408 2924 omiserant?
458 2853 498 2921 Si
524 2876 603 2922 vero
630 2855 697 2920 iam
724 2876 745 2920 a
774 2855 891 2938 spiritu
916 2856 1064 2921 veritatis
1096 2855 1186 2922 ducti
1237 2853 1377 2934 lesoant,
1405 2855 1516 2937 palam
1543 2856 1696 2922 carnibus
1716 2855 1769 2921 die
1790 2857 1920 2923 veneris
1940 2863 2131 2937 vescantur,
2159 2867 2217 2924 aut

208 2945 245 3010 in
265 2964 398 3008 omnem
418 2943 592 3008 veritatem
613 2962 673 3006 sua
694 2942 815 3025 scripta
831 2940 1011 3021 ediderunt,
1034 2941 1112 3025 quid
1129 2942 1185 3007 ob·
1236 2941 1326 3005 feriis
1345 2941 1380 3005 in
1397 2941 1525 3024 publico
1542 2940 1699 3021 laborent,
1722 2948 1780 3007 aut
1796 2942 1902 3008 simile
1918 2942 2092 3026 quidpiam
2123 2943 2217 3011 Haeo

209 3031 272 3095 fuit
288 3049 351 3111 quo
368 3027 478 3093 minus
488 3027 666 3110 perfectam
677 3027 884 3110 evangelicae
897 3026 1062 3093 doctrinae
1075 3029 1185 3111 cogni-
1237 3027 1333 3105 enim,
1356 3028 1487 3092 tametsi
1508 3028 1649 3109 seposita
1670 3029 1898 3110 superstitione
1917 3028 2139 3095 indifferentia
2159 3051 2219 3114 per

209 3116 332 3180 tionem
359 3113 520 3196 complexi
547 3114 613 3178 sint
640 3114 771 3197 scriptis
791 3114 873 3192 suis,
897 3113 1185 3198 consignatarnque
1239 3110 1279 3198 [p.
1299 3110 1434 3264 mlqffl
1455 3120 1541 3192 sunt,
1563 3113 1619 3178 ubi
1640 3116 1753 3179 tamen
1772 3113 1897 3180 accedit
1916 3115 2057 3181 fratrum
2073 3117 2217 3194 offensio,

209 3199 422 3284 reliquerint?
457 3201 635 3265 Praeterea
656 3220 691 3264 66
712 3199 866 3265 ridiculos
882 3200 1015 3278 faciunt,
1038 3198 1117 3264 dum
1133 3200 1185 3265 in-
1237 3198 1307 3264 sine
1327 3197 1367 3264 de
1383 3199 1445 3264 'cto
1466 3197 1595 3263 admitti
1615 3206 1789 3283 nequeunt.
1825 3198 1883 3266 Sic
1902 3201 2014 3266 autam
2034 3210 2113 3269 6666
2132 3209 2216 3268 tern-

209 3287 322 3389 gentia
350 3285 409 3350 illa
436 3285 608 3370 mysteria,
635 3305 718 3367 quae
745 3292 838 3351 tanto
865 3298 1012 3368 tempore
1033 3285 1187 3368 apostolis
1236 3305 1329 3368 pora,
1358 3289 1397 3349 ut
1418 3284 1639 3368 spectaculum
1660 3285 1722 3351 hoc
1741 3306 1924 3369 proponere
1943 3287 2084 3353 infirmis
2105 3288 2215 3354 fratri·

208 3378 412 3456 mcomperta
427 3372 556 3450 fuerint,
575 3370 696 3455 partim
709 3370 951 3437 observationes
964 3372 1184 3455 essefingrmt,
1221 3369 1297 3436 bus
1328 3391 1394 3435 non
1425 3371 1552 3453 possint
1582 3370 1710 3451 fideles,
1744 3373 1823 3454 quin
1856 3393 1971 3437 eorum
2002 3374 2215 3439 conscientias

210 3466 268 3524 aut
283 3458 429 3524 iudaicas
447 3464 505 3525 aut
521 3456 668 3540 gentiles,
687 3477 825 3539 quarum
842 3457 918 3522 illae
934 3459 1021 3523 inter
1035 3456 1184 3536 Iudaeos,
1237 3456 1429 3540 gravissime
1450 3456 1633 3522 vulnerent.

209 3544 272 3609 hae
291 3565 370 3610 vero
391 3544 479 3609 inter
497 3551 612 3627 gentes
629 3563 742 3608 omnes
758 3543 971 3628 pervulgatae
987 3543 1091 3608 multo
1109 3550 1185 3608 ante
1322 3539 1406 3622 Quis
1424 3543 1488 3608 nisi
1515 3543 1743 3623 calumniator,
1773 3544 1820 3610 sic
1845 3565 1967 3610 novam
1993 3545 2073 3609 ferri
2099 3544 2140 3609 ab
2163 3545 2214 3610 his

208 3629 354 3709 fuerant,
389 3627 429 3716 [p.
456 3627 531 3716 461]
563 3630 683 3711 partim
709 3629 836 3713 ineptas
862 3630 1124 3715 gesticulationes
1152 3636 1186 3694 et
1235 3629 1343 3712 legem
1365 3627 1466 3707 dicat,
1489 3648 1569 3710 quos
1591 3636 1718 3695 constat
1739 3629 1900 3695 duntaxat
1920 3629 2081 3696 scandalis
2102 3650 2214 3695 occur-

210 3714 313 3780 aniles
334 3714 596 3794 eaeremoniolas‚
619 3737 699 3799 quas
717 3716 833 3781 insulsi
850 3715 1032 3793 sacrificuli,
1052 3716 1107 3798 qui
1124 3736 1184 3781 nec
1236 3736 1321 3792 rere,
1350 3735 1433 3796 quae
1460 3722 1538 3779 sunt
1565 3736 1585 3779 a
1605 3714 1747 3779 Domino
1775 3716 1856 3780 satis
1881 3714 2000 3781 diserte
2026 3715 2212 3799 prohibita?

210 3822 289 3866 nare
310 3803 418 3868 sciunt
438 3823 499 3866 666
518 3801 644 3881 literas,
667 3823 825 3885 perquam
846 3802 908 3867 rite
925 3808 1095 3886 peragunt,
1118 3803 1184 3866 imo
1236 3800 1348 3875 Nihilo
1371 3807 1480 3865 autam
1500 3800 1606 3885 magis
1628 3808 1662 3865 et
1683 3800 1723 3866 de
1745 3801 1899 3885 apostolis
1920 3800 1985 3867 diei
2004 3809 2120 3885 potest,
2142 3804 2214 3884 qui-

164 3922 169 3930 ·
210 3904 290 3969 quas
316 3889 409 3970 pueri
440 3896 473 3951 et
496 3888 659 3953 moriones
681 3886 761 3954 adeo
784 3889 929 3971 apposite
951 3888 1125 3972 effingrmt‚
1148 3893 1186 3952 nt
1236 3886 1297 3951 bus
1318 3885 1401 3950 nihil
1423 3885 1512 3951 aliud
1532 3887 1732 3970 propositum
1754 3893 1840 3964 erat,
1869 3887 2084 3952 offensionum
2111 3894 2215 3953 mate-

209 3971 314 4039 rideri
334 3974 437 4055 possit
456 3972 564 4037 nullos
581 3994 652 4038 6666
668 3975 774 4058 magis
795 3974 1060 4040 idoneostalium
1078 3995 1185 4040 sacro·
1235 3974 1320 4036 riam
1341 3970 1498 4051 tollendo,
1523 3993 1622 4055 quam
1643 3971 1789 4038 divinam
1816 3993 1933 4057 urgere
1954 3973 2075 4057 legem,
2104 3972 2144 4038 (16
2165 3975 2215 4040 vi-

209 4079 284 4123 rum
306 4058 476 4123 antistites.
1236 4056 1337 4122 tanda
1363 4058 1553 4136 offensione,
1589 4079 1627 4124 ac
1653 4060 1682 4123 si
1709 4058 1881 4125 dixissent:
1910 4064 2121 4143 praeceptam
2145 4059 2215 4125 Do-

295 4144 371 4208 Nou
387 4144 491 4208 multo
508 4145 623 4209 maiori
641 4145 835 4210 dexteritate
847 4146 1064 4229 apostolorum
1075 4166 1186 4210 exem·
1235 4144 1318 4208 mini
1339 4150 1403 4222 est,
1432 4165 1474 4209 66
1494 4145 1631 4208 hatrem
1651 4145 1820 4209 infirmum
1836 4143 1973 4210 laedatis
1979 4168 1988 4225 ;
2016 4165 2101 4228 quae
2121 4144 2215 4210 idolis

209 4229 302 4325 plpm
326 4237 538 4313 praetexunt,
566 4251 629 4312 quo
652 4252 746 4295 suam
767 4231 979 4316 tyrannidem
999 4230 1183 4296 defendant
1236 4228 1345 4294 oblata
1373 4236 1465 4308 sunt,
1499 4229 1693 4295 suffocatum
1724 4238 1757 4295 et
1792 4231 1986 4314 sangninem
2017 4230 2216 4297 manducare

209 4315 373 4399 Apostoli,
399 4315 560 4397 inquiunt,
583 4322 616 4379 et
638 4317 781 4382 seniores
802 4318 926 4399 primae
948 4317 1102 4383 ecclesiae
1129 4315 1186 4381 de-
1237 4336 1303 4379 666
1323 4316 1468 4398 potastis,
1491 4316 1569 4398 quin
1591 4314 1799 4382 offendantur
1820 4316 1942 4382 infirmi
1962 4317 2089 4382 fratres.
2133 4314 2215 4381 Edi-

210 4408 353 4480 cretum,
374 4408 506 4485 praeter
527 4400 652 4467 Christi
673 4402 876 4482 mandatum,
898 4409 1087 4477 sanxerunt
1121 4422 1185 4483 quo
1236 4401 1340 4467 cimus
1360 4401 1463 4484 igitur
1482 4400 1575 4466 vobis
1596 4402 1632 4465 in
1654 4402 1755 4467 verbo
1775 4402 1927 4481 Domini,
1955 4420 1998 4467 ne
2021 4422 2100 4467 666
2120 4422 2216 4467 scan-

208 4487 452 4571 praeeipiebant
468 4487 619 4571 gentibus
637 4487 796 4565 omnibus,
820 4510 855 4553 66
873 4489 1039 4554 continere
1057 4488 1098 4553 ab
1116 4487 1185 4552 ido-
1237 4485 1310 4551 dalo
1348 4485 1559 4553 manducetis.
1611 4486 1715 4571 quue
1754 4488 1862 4572 ipsum
1892 4496 2056 4570 spectasse
2087 4493 2216 4570 aposto-

209 4572 344 4658 lothytis
372 4580 406 4638 et
434 4573 590 4639 suffocato
616 4580 650 4638 et
676 4575 836 4658 sanguine
862 4575 950 4659 (Act.
976 4572 1039 4659 15).
1089 4571 1130 4637 Id
1157 4574 1186 4637 61
1236 4572 1293 4650 los,
1314 4572 1441 4638 Paulus
1462 4573 1604 4654 optimus
1625 4583 1677 4641 666
1695 4575 1797 4653 testis,
1840 4573 1880 4660 ui
1896 4584 1984 4639 certe
2000 4594 2069 4638 non
2088 4573 2216 4639 nisiex

208 4657 273 4724 illis
293 4659 399 4739 116616,
423 4681 482 4726 our
502 4679 569 4725 uon
589 4664 623 4723 et
643 4660 895 4740 successoribus,
918 4660 1043 4743 quoties
1063 4659 1111 4723 ita
1131 4679 1184 4724 res
1236 4657 1363 4723 66661111
1384 4659 1553 4738 sententia,
1576 4661 1622 4727 sic
1639 4659 1752 4726 scribit
1769 4659 1802 4744 (1
1817 4594 1891 4724 dor.
1904 4657 1953 4744 8):
1975 4658 2016 4724 dc
2033 4661 2115 4725 sseis
2131 4678 2216 4742 quae

208 4745 365 4828 postulat,
397 4745 486 4811 idem
501 4744 639 4810 ‘imitari
664 4745 782 4811 liceat?
830 4746 969 4813 Utinam
999 4765 1078 4811 vero
1109 4766 1184 4810 cum
1234 4743 1330 4811 idolis
1356 4744 1569 4810 immolantur
1594 4745 1730 4824 scimus,
1758 4746 1835 4827 quia
1856 4744 2068 4810 simulacrum
2087 4743 2216 4810 661166

208 4850 277 4896 sam
320 4831 449 4911 ralias,
472 4838 544 4896 tum
564 4831 627 4897 hae
644 4830 681 4895 in
697 4852 743 4910 re,
766 4852 820 4897 eos
837 4831 1053 4897 imitarentur.
1086 4829 1183 4909 Nam,
1235 4837 1286 4895 est
1325 4830 1360 4895 in
1391 4829 1522 4895 mundo.
1578 4829 1723 4911 Quidam
1762 4837 1871 4896 autem
1911 4852 1986 4897 enm
2018 4830 2217 4897 couscientia

208 4936 272 4999 quo
319 4916 430 4983 valida
451 4918 576 4982 ratione
598 4917 791 4983 confirmare
811 4925 999 5001 promptum
1019 4923 1083 4996 est,
1106 4935 1184 4998 apo-
1234 4914 1322 4994 idoli,
1340 4916 1433 4998 quasi
1448 4915 1543 4981 idolis
1558 4916 1771 4995 immolatum
1789 4914 1989 4983 manducant
2005 4923 2039 4981 et
2048 4915 2215 4983 66666166-

208 5001 308 5069 atolos
334 5024 458 5068 norum
483 5003 550 5068 illio
574 5002 751 5086 quidquam
782 5004 961 5070 instituisse
988 5011 1046 5069 aut
1072 5002 1183 5068 decre-
1235 5002 1282 5066 tia
1302 5022 1416 5066 eorum
1436 5002 1569 5067 infirma
1588 5001 1758 5085 polluitur:
1788 5001 1895 5067 videte
1923 5023 1965 5067 ne
1992 5002 2130 5068 facultas
2151 5002 2216 5068 ista

209 5087 296 5152 risse
317 5109 419 5172 nego;
437 5087 605 5171 siquidem,
628 5090 750 5155 eumin
767 5111 804 5155 eo
821 5090 956 5156 concilio
972 5091 1093 5157 Petrus
1110 5096 1183 5152 ten·
1235 5093 1345 5152 vestra
1372 5086 1604 5153 offendiculum
1631 5088 1690 5153 fiat
1715 5086 1862 5154 infirmis.
1908 5087 1972 5153 Oui
1992 5089 2094 5154 istaec
2114 5087 2215 5171 probe

208 5172 273 5236 tari
289 5173 400 5239 Deum
410 5174 613 5256 pronunciet,
631 5175 659 5239 si
677 5175 791 5259 iugum
808 5175 987 5258 imponitur
1003 5173 1183 5243 cervicibus
1233 5192 1395 5255 perpensa
1414 5172 1551 5252 hrerint,
1581 5173 1612 5239 ei
1632 5173 1768 5256 posthac
1788 5174 1882 5238 16666
1902 5193 1969 5239 666
1990 5176 2061 5253 fiet,
2080 5172 2216 5346 qualem

210 5255 450 5340 discipulorum,
474 5280 568 5326 suam
585 5261 654 5342 ipae
676 5262 873 5326 sententiam
894 5262 1063 5341 subvertit,
1086 5262 1113 5326 si
1131 5259 1183 5323 iu·
1234 5257 1372 5338 faciunt,
1399 5258 1456 5340 qui
1477 5278 1555 5324 snae
1582 5258 1749 5344 tyrannidi
1777 5258 1938 5342 apostolos
1963 5257 2079 5344 [6464
2118 5279 2216 5343 praa·
