4732 6030
215 344 277 407 939
792 336 1058 406 INSTI'PUTIO
1081 337 1185 400 ΗΕΒ.
1207 332 1388 402 ΟΗΒΙΒΤ.
1415 339 1647 400 lest-1554.
2155 339 2223 401 940

1851 447 1967 519 Α.290;
1982 450 2008 504 Β
2021 451 2097 519 397;
2114 449 2224 504 0308.

176 564 179 569 ·
213 530 387 596 secuntiae
408 528 623 608 testificatione.
675 525 855 592 Utraudidet
875 547 913 590 en
936 525 987 590 his
1008 525 1191 605 definitioni
1243 522 1388 606 spiritus.
1436 521 1523 586 Nam
1548 523 1578 586 si
1605 523 1775 603 incorporei
1802 434 1950 602 cedemus,
1979 530 2015 589 ut
2044 523 2224 608 Chrysostc-

129 674 132 682 .
213 616 271 681 tos
292 615 396 696 alipes,
419 613 457 676 at
479 612 537 677 illo
558 612 749 694 Aupustiui,
778 632 857 693 quae
878 615 1106 675 sacramentum
1127 629 1191 675 esse
1242 629 1313 673 mus
1334 609 1393 686 ait,
1410 607 1434 692 ¹)
1461 608 1548 672 nuda
1575 609 1802 689 etiucorporea
1828 610 1915 674 nobis
1936 610 2010 675 haee
2028 611 2102 692 ipsa
2121 611 2223 676 daret.

109 717 111 720 ’
213 701 310 766 uada
332 700 379 763 rei
405 717 514 762 sacrae
541 697 662 762 cultile
684 699 823 780 siquam,
853 702 910 761 aut
930 696 1101 760 tuentius
1118 716 1191 778 pra-
1245 695 1339 758 Nunc
1359 693 1435 775 quia
1456 694 1633 774 corporibus
1660 695 1795 759 insertas
1823 693 1971 761 mlestus
1991 697 2131 772 ammas,
2162 696 2222 761 surb

213 788 275 852 uae
301 783 453 848 risibilem
477 783 626 864 smmum,
654 803 747 847 seusu
773 782 854 847 rrihil
882 783 1001 863 differt
1033 801 1099 846 rem
1117 801 1190 856 ¹uero
1242 779 1416 844 visibilibus
1437 779 1620 858 spiritualia
1641 781 1745 845 tradit.
1787 781 1864 844 Non
1891 781 1969 863 quie
1990 782 2073 846 tales
2094 780 2222 846 inditae

212 873 316 953 ipsam
337 869 449 934 melius
471 888 508 933 ac
528 871 642 933 certius
662 869 804 949 explicat.
852 869 938 932 Nom
959 888 1055 949 quum
1076 867 1191 930 inille
1243 873 1322 929 sunt
1345 862 1436 927 dotes
1458 865 1587 928 naturis
1608 885 1735 943 rerum,
1759 886 1843 950 quus
1864 865 1901 930 in
1923 866 2137 932 sacramentis
2159 887 2222 932 no·

213 957 357 1023 breuitate
377 956 421 1019 sit
446 956 557 1036 aliqua
583 955 767 1033 obscuritas,
796 956 832 1018 iu
853 975 917 1035 qua
938 954 1027 1016 multi
1048 953 1190 1016 rudiores
1241 950 1293 1014 bis
1314 958 1559 1032 proponuntur:
1590 949 1647 1014 sed
1674 952 1751 1033 quie
1772 952 1808 1015 iu
1830 952 1915 1016 hunc
1942 953 2222 1036 significationem

213 1042 458 1119 hallucinatum,
487 1041 572 1104 colcu
587 1039 736 1122 plur-ibus
757 1039 856 1103 certis
872 1040 1044 1122 pleniorem
1066 1039 1191 1102 reddere
1243 1035 1357 1099 uDeo
1379 1034 1529 1117 signatae
1551 1044 1638 1099 sunt.

213 1128 401 1205 sententiam,
423 1147 460 1190 ne
481 1127 558 1207 quid
577 1125 780 1190 dubitationis
800 1125 943 1190 haereret.
1328 1129 1357 1184 4.
1402 1124 1506 1200 Atque
1537 1120 1591 1185 hoc
1619 1128 1662 1186 est
1693 1124 1773 1204 quod
1804 1123 1894 1206 culpo
1926 1125 2050 1188 duuut:
2081 1129 2223 1188 comtare

215 1255 217 1264 ·
301 1216 329 1276 2.
379 1212 449 1293 Qua
467 1212 586 1276 ratione
607 1211 785 1276 vocabalum
804 1210 858 1275 hoc
874 1211 1096 1292 usurpauerint
1116 1215 1191 1275 cete-
1241 1211 1468 1272 sacramentum
1495 1207 1598 1285 anto,
1633 1213 1808 1273 desterno
1835 1210 1931 1292 siquo.
1983 1209 2117 1274 Verbum
2137 1210 2221 1274 enim

213 1320 264 1365 res
284 1300 320 1362 iu
341 1319 374 1363 eo
396 1317 496 1375 sensu,
517 1318 578 1361 nou
596 1302 639 1361 est
660 1297 830 1361 obscurum.
876 1296 962 1360 Nam
978 1297 1191 1378 quotiesprae-
1242 1293 1409 1375 iuullipere
1430 1290 1585 1370 memus,
1614 1314 1675 1358 nou
1695 1295 1777 1375 quod
1803 1296 1870 1359 sine
1893 1315 1984 1360 smsu
2004 1296 2113 1376 attide
2132 1297 2222 1360 insu·

214 1405 283 1451 cam
304 1404 402 1448 ocem
422 1383 583 1466 μυστήριον
604 1383 700 1447 latine
724 1383 852 1447 reddere
876 1382 973 1446 coluit
993 1386 1077 1446 odas
1098 1382 1191 1445 inter·
1241 1384 1411 1456 surratum,
1433 1377 1496 1441 solo
1517 1379 1656 1459 strepitu,
1678 1380 1758 1444 uelut
1775 1382 1896 1463 mapica
1912 1382 2126 1460 inmutatione,
2153 1401 2221 1447 oon

208 1490 299 1554 pres,
317 1471 504 1552 praesertim
524 1469 579 1532 uli
601 1467 749 1534 derebus
770 1468 888 1532 divinis
908 1468 1068 1551 apebatur,
1089 1472 1191 1531 mons-
1241 1464 1384 1529 secrandi
1411 1463 1549 1527 emnem
1578 1466 1642 1528 aim
1663 1465 1786 1543 habeat;
1817 1467 1871 1531 sed
1898 1469 1979 1547 quod
2000 1468 2223 1549 praedicatum

164 1632 171 1641 ¹
214 1556 285 1620 tulit
315 1561 550 1619 sacramentum.
601 1553 655 1619 Sic
682 1555 725 1618 ad
754 1553 908 1635 Ephesios
935 1552 980 1638 (1,
1001 1560 1019 1617 9
1038 1561 1072 1617 et
1090 1556 1119 1632 3,
1138 1556 1190 1637 2).·
1241 1550 1410 1632 intdlipere
1432 1569 1487 1612 nos
1506 1549 1620 1630 saciat,
1653 1552 1729 1632 qnid
1754 1553 1876 1617 maliis
1903 1555 2028 1635 siquam
2055 1551 2117 1617 sili
2137 1553 2221 1618 uelit.

213 1648 249 1707 ut
275 1647 379 1706 rutum
403 1641 518 1722 sereret
545 1639 634 1705 nobis
659 1644 887 1704 sacramentum
913 1639 1078 1704 amentatis
1105 1660 1190 1704 suae.
1246 1636 1333 1718 Quod
1362 1653 1432 1717 erpo
1458 1633 1516 1698 sub
1538 1656 1645 1716 papae
1672 1638 1836 1718 tyrannide
1857 1639 2035 1720 factitatum
2066 1644 2124 1717 est,
2158 1659 2235 1714 nou,

215 1727 309 1792 Item:
341 1728 371 1790 si
398 1732 500 1791 tomen
527 1727 664 1790 auditis
691 1725 948 1806 dispensationem
972 1725 1095 1808 praticu
1116 1724 1189 1802 Dei,
1241 1722 1344 1786 caruit
1381 1721 1498 1802 iupeuti
1535 1723 1752 1802 mysteriorum
1776 1724 2002 1805 profanatione.
2059 1723 2223 1789 Putarunt

163 1861 167 1877 .
213 1834 292 1896 quoe
311 1813 387 1878 dato
409 1817 453 1876 cst
473 1811 552 1875 mihi
574 1812 608 1875 iu
629 1810 728 1888 cotis,
750 1811 897 1891 quoniam
915 1811 1083 1875 secundum
1109 1830 1190 1874 reoc-
1241 1809 1324 1872 cuim
1345 1806 1424 1871 satis
1453 1825 1532 1884 esse,
1559 1807 1590 1870 si
1611 1809 1767 1887 sacmdos,
1797 1810 1913 1891 populo
1930 1811 1998 1875 siue
2018 1809 2220 1893 iutellipentia

213 1899 358 1964 lationem
388 1902 494 1962 uotum
525 1897 605 1961 mihi
635 1896 753 1977 factum
782 1901 826 1960 est
854 1901 1090 1961 samanuntum.
1134 1895 1191 1960 Ad
1241 1894 1426 1973 obstupente,
1473 1894 1709 1958 emeramus
1750 1894 1921 1975 formulam
1962 1898 2219 1962 demuunuraret.

216 1983 774 2068 coussense(1,2s):mysueun
795 1982 876 2062 quod
897 1982 1107 2047 absconditum
1127 1982 1192 2063 fuit
1243 1978 1312 2044 Iruo
1339 1978 1374 2041 id
1401 1978 1477 2041 data
1503 1998 1597 2059 opero
1624 1985 1782 2058 cormunt,
1813 2001 1851 2044 ne
1872 1983 1949 2063 quid
1970 1983 2125 2047 dodrirrae
2145 1981 2221 2047 inde

213 2091 235 2134 a
255 2070 389 2134 suendis
409 2073 437 2133 et
456 2068 710 2150 peueratmmtus,
731 2087 813 2132 nunc
833 2072 935 2132 autem
955 2068 1190 2149 manifestatum
1242 2065 1285 2129 ad
1300 2064 1421 2145 plebem
1436 2064 1619 2144 perveniret.
1667 2065 1780 2130 Omnia
1806 2068 1889 2131 einim
1915 2068 2010 2132 latiore
2033 2067 2222 2150 pronuntia-

213 2161 258 2221 art
284 2155 400 2220 sannis
423 2155 503 2233 eim,
532 2154 644 2234 quihus
671 2153 768 2218 coluit
789 2151 949 2217 Dominus
976 2159 1065 2218 notas
1088 2155 1191 2236 facere
1240 2155 1313 2214 runt
1334 2149 1420 2229 apud
1441 2149 1578 2214 homiues
1599 2151 1769 2216 illiteratos.
1814 2153 1925 2217 Postea
1946 2174 1979 2218 eo
1998 2173 2096 2235 usque
2116 2154 2223 2236 erupit

214 2242 346 2305 dicitius
374 2240 559 2304 sacramenti
585 2239 694 2318 huius,
723 2244 773 2303 etc.
819 2238 899 2302 Item
926 2239 968 2303 ad
999 2239 1191 2304 Timotheum
1241 2236 1436 2316 superstitio,
1464 2240 1499 2298 ut
1520 2238 1771 2300 musceratiouem
1790 2240 1915 2303 munisi
1934 2260 2029 2304 rauco
2049 2259 2220 2321 munuum,

215 2326 250 2411 (2
269 2325 352 2390 'l'im
374 2329 402 2402 3,
424 2323 493 2410 16).·
514 2345 662 2407 maenum
677 2325 807 2406 pictatis
827 2330 1069 2389 sacramentum:
1100 2324 1192 2397 Deus
1241 2322 1323 2402 quod
1344 2341 1365 2384 a
1380 2322 1496 2401 panus
1517 2323 1732 2402 maudirctur,
1761 2325 1820 2388 rite
1836 2326 1949 2407 percpi
1970 2326 2130 2390 crederent.
2175 2325 2223 2389 At

215 2412 431 2493 manifestatus
452 2416 496 2474 cst
517 2411 552 2473 iu
573 2431 673 2475 cante
721 2410 833 2474 Noluit
853 2416 956 2474 auum
983 2412 1082 2476 dicem
1103 2431 1192 2474 arca-
1242 2409 1326 2490 torpe
1347 2407 1439 2470 aliter
1458 2407 1496 2471 de
1516 2408 1604 2472 certo
1626 2411 1844 2474 saerausentali
1861 2411 1944 2475 docet
1960 2409 2221 2496 Aupustiuus:²)

215 2517 359 2576 numne
379 2496 456 2578 quid
476 2517 582 2560 rerum
602 2495 816 2578 mapuitudiue
833 2495 970 2577 inferius
990 2498 1089 2561 dicere
1109 2497 1191 2560 mde-
1242 2494 1378 2571 accedat,
1411 2492 1526 2573 iuquit,
1560 2493 1684 2557 certum
1706 2496 1748 2560 ad
1769 2496 1963 2575 elerneutum,
1996 2498 2095 2578 etfiet
2114 2516 2222 2561 sacra-

193 2589 309 2665 retur.
355 2582 590 2647 Sacramentum
610 2603 680 2664 erpo
696 2582 805 2664 posuit
825 2602 887 2661 pro
913 2601 1041 2661 arcano,
1069 2583 1123 2647 sed
1143 2581 1192 2646 rei
1241 2583 1384 2643 mentum
1435 2578 1521 2644 Unde
1542 2580 1624 2643 enim
1643 2581 1707 2644 ista
1728 2586 1814 2646 tauta
1834 2584 1936 2646 uirtus
1957 2603 2074 2663 aquae,
2097 2588 2134 2646 ut
2154 2602 2219 2646 cor-

214 2689 329 2733 sacroe.
374 2669 417 2733 Iu
439 2688 476 2732 ea
497 2668 720 2750 sipuitcatioue
746 2668 834 2749 apud
854 2667 1071 2732 ecclesiasticos
1093 2668 1191 2750 scrip
1237 2685 1302 2748 pus
1320 2668 1433 2747 tanpat,
1457 2669 1484 2727 et
1504 2682 1555 2728 cor
1576 2664 1689 2744 abluat
1707 2667 1772 2731 nisi
1786 2667 1917 2748 fomente
1933 2668 2046 2734 ambo?
2064 2689 2124 2735 nou
2139 2668 2218 2749 quia

215 2759 294 2821 tores
314 2754 445 2819 eutlinde
465 2755 603 2818 acuunt.
647 2752 750 2834 Atque
777 2753 849 2817 hinc
868 2752 986 2833 factum
1008 2758 1066 2831 cst,
1093 2759 1129 2818 ut
1148 2754 1192 2818 ad
1242 2751 1372 2828 dieitur,
1405 2751 1459 2815 scd
1480 2751 1557 2831 qum
1588 2751 1731 2816 oreditm.
1787 2753 1874 2818 Nam
1905 2759 1933 2820 et
1964 2755 2000 2818 iu
2031 2755 2098 2836 ipso
2127 2753 2217 2818 aerbo

214 2841 306 2924 siprm
325 2840 397 2920 illa,
428 2859 507 2920 quae
528 2844 693 2922 cuprinam
714 2838 897 2903 sublirmum
918 2859 955 2902 oc
975 2840 1192 2921 spiritualium
1242 2837 1332 2900 aliud
1353 2841 1398 2900 est
1417 2856 1513 2901 sonus
1533 2839 1702 2915 transiens,
1725 2839 1815 2903 aliud
1836 2841 1938 2905 uirtus
1963 2861 2098 2905 mouens.
2148 2838 2219 2903 Hoc
2300 2839 2304 2847 ’

100 2993 104 3002 ,
214 2947 319 2991 rerum
339 2925 646 3008 repraesmtationem
667 2924 1057 3003 immunditiarum.
1105 2926 1192 3006 Quod
1242 2922 1430 2987 misertum
1448 2922 1539 3004 fidei,
1567 2924 1648 3002 quod
1663 2924 1902 3006 praedicamus,
1929 2927 2032 3008 inquit
2053 2925 2220 3008 apostolus.

213 3012 306 3077 etiarn
327 3016 412 3076 notat
427 3011 542 3075 alicubi
558 3009 770 3092 Aupustinus:
784 3010 810 3094 ¹)
828 3010 960 3093 leupum,
977 3010 1093 3092 iuquit,
1117 3015 1193 3076 esset
1251 3007 1337 3074 Unde
1364 3009 1399 3071 iu
1425 3007 1516 3072 Actis
1537 3009 1759 3090 apostolorum:
1789 3011 1851 3091 tide
1876 3012 2032 3076 mundans
2059 3011 2153 3076 corda
2174 3031 2222 3076 eo·

215 3098 377 3179 disputare
398 3097 435 3160 de
467 3098 614 3160 eamdam
636 3097 812 3178 sipuorum5
846 3116 1044 3177 quaequam
1072 3098 1114 3161 acl
1141 3116 1192 3160 res
1243 3115 1323 3157 rum.
1367 3092 1411 3157 Et
1435 3093 1549 3158 Petrus
1570 3097 1738 3174 apostolus:
1759 3098 1805 3161 sic
1826 3102 1854 3161 et
1873 3117 1929 3163 uos
1950 3096 2222 3180 baptismosalccs

214 3183 341 3247 diuinas
356 3183 518 3263 pertinent,
540 3186 734 3246 sacramenta
755 3181 961 3264 appellantur.
1139 3247 1141 3251 ,
1241 3180 1327 3262 facit,
1344 3180 1566 3261 uoudepositio
1577 3181 1717 3245 sordium
1727 3184 1840 3261 muris,
1852 3184 1905 3248 sed
1916 3184 2115 3248 commodine
2124 3183 2221 3247 lonae

304 3271 332 3330 3.
378 3266 478 3332 Porro
517 3288 556 3332 en
594 3266 652 3331 hoe
689 3287 784 3347 quam
810 3269 978 3348 posuimus
1016 3268 1191 3348 definimus
1243 3266 1455 3348 interrcpatio;
1482 3265 1536 3328 hoc
1564 3268 1751 3330 micerium
1775 3269 1849 3349 fidei
1875 3270 1956 3350 quod
1978 3270 2222 3351 masticamus:

79 3348 87 3367 ⁶
213 3353 443 3436 intelligimus,
470 3373 642 3435 nunquam
672 3352 743 3415 sine
772 3359 951 3434 praeeunte
974 3354 1191 3436 promissione
1242 3372 1302 3433 quo
1324 3351 1392 3415 sine
1413 3351 1513 3429 dubio,
1535 3356 1570 3414 ut
1591 3354 1742 3418 mundare
1756 3356 1866 3436 possit,
1890 3360 2084 3420 cousecratur
2102 3359 2129 3417 et
2145 3355 2221 3437 hap-

214 3460 285 3504 esse
307 3448 559 3503 sacramentum
594 3437 662 3503 Sed
683 3438 732 3502 illi
750 3438 869 3521 potius,
891 3445 1051 3520 tunquam
1068 3460 1190 3521 appen-
1242 3439 1362 3501 tismus.
1413 3436 1507 3501 Vides
1529 3443 1563 3500 ut
1576 3439 1839 3519 praedicationem
1859 3442 2014 3521 requirat,
2042 3441 2125 3506 unde
2145 3460 2220 3504 uus-

214 3522 320 3590 diccm
341 3523 523 3607 quendum,
552 3523 702 3606 adiungi,
729 3523 767 3586 in
788 3524 850 3587 hoc
879 3532 918 3587 ut
939 3525 1191 3606 promissionem
1242 3528 1331 3587 catur
1349 3521 1435 3603 fides.
1471 3521 1536 3588 Nec
1557 3529 1601 3587 est
1617 3525 1699 3605 quod
1715 3527 1750 3588 in
1767 3525 1824 3589 hac
1839 3527 2018 3606 probatione
2034 3526 2219 3602 luamus,

214 3610 321 3693 ipsam
332 3612 442 3674 firmet
459 3630 496 3673 ec
510 3608 669 3692 obsignet,
687 3608 884 3691 nobisqum)
902 3610 1116 3687 testationem,
1128 3612 1191 3676 imo
1241 3629 1338 3690 quum
1360 3609 1487 3673 minime
1507 3609 1667 3673 ohscurum
1685 3612 1728 3674 sit
1744 3613 1821 3692 quid
1840 3610 1984 3677 Christus
2004 3612 2119 3694 feeerit
2141 3610 2220 3693 quid

214 3700 318 3759 ratam
337 3696 557 3776 quodammodo
578 3696 691 3775 fecium
714 3716 779 3777 quc
801 3693 898 3758 modo
918 3696 1040 3759 mentis
1058 3704 1190 3760 nostrae
1242 3694 1330 3759 uobis
1355 3694 1457 3775 facere
1489 3695 1697 3774 mundaverit,
1730 3698 1807 3777 quid
1837 3699 1959 3778 sequuti
1985 3699 2049 3763 sint
2076 3696 2218 3779 apostoli,

215 3780 437 3863 ignorantiae,
471 3801 508 3844 ec
534 3781 642 3844 curnis
669 3779 855 3844 infirmitati
889 3802 971 3863 opus
998 3802 1069 3846 esse
1097 3783 1190 3846 Deus
1242 3782 1318 3862 quid
1334 3781 1450 3862 purior
1470 3781 1596 3845 ecclesia
1618 3782 1828 3847 observaverit.
1862 3783 1949 3866 Erpa
1966 3804 2062 3865 quum
2079 3783 2116 3847 de
2129 3781 2219 3847 verbo

214 3864 374 3948 providet.
418 3865 534 3948 Neque
551 3876 664 3930 tumen
684 3874 753 3929 tam
771 3874 810 3930 ut
826 3866 933 3949 ipsam
950 3868 1068 3946 firmet,
1090 3889 1190 3951 quum
1241 3867 1461 3932 sacramentali
1485 3866 1557 3948 teri
1582 3868 1763 3933 mutuum
1785 3870 1947 3946 andimus,
1972 3869 2219 3951 promissionem

215 3970 276 4014 nos
297 3949 334 4013 in
356 3951 474 4034 ipsas)
518 3949 690 4033 Siquidem
716 3951 780 4016 Dei
808 3951 931 4017 veritas
959 3973 1020 4035 per
1048 3973 1082 4017 se
1109 3955 1189 4017 satis
1232 3951 1464 4035 'iutdlipamus
1498 3972 1576 4031 miae
1609 3953 1696 4016 claro
1723 3975 1790 4018 occe
1816 3976 1837 4018 a
1864 3957 2008 4019 ministro
2031 3954 2220 4035 praedicata

216 4034 320 4100 solide
348 4043 501 4119 certeque
530 4046 593 4101 est:
631 4059 692 4102 nec
719 4035 852 4101 aliunde
880 4037 1051 4102 meliorem
1071 4041 1189 4104 confir·
1236 4037 1356 4120 plebem
1386 4058 1419 4102 eo
1451 4058 1548 4101 manu
1581 4039 1685 4116 ducat,
1719 4061 1778 4120 quo
1810 4040 1936 4122 sipuum
1967 4042 2063 4106 tendit
2093 4059 2130 4104 ac
2161 4060 2219 4104 uos

213 4121 403 4198 mationem,
427 4143 526 4204 quem
548 4144 568 4185 u
590 4143 624 4185 se
642 4123 723 4205 ipsu,
746 4124 891 4205 accipere
909 4133 1027 4206 potest.
1061 4125 1189 4189 Verum
1241 4124 1357 4206 diripit.

127 4262 136 4272 ,,
214 4206 261 4271 sic
283 4207 404 4291 exigue
426 4214 476 4272 est
498 4219 532 4272 et
552 4208 714 4272 imbecilla
735 4218 850 4273 nostre
870 4208 960 4287 fides,
984 4219 1022 4273 ut
1043 4210 1108 4273 nisi
1126 4233 1189 4275 un-
1328 4213 1356 4272 5.
1401 4209 1470 4273 Nec
1507 4207 1662 4273 audiendi
1700 4223 1778 4275 sunt
1815 4210 1961 4293 quidum,
2008 4211 2065 4294 qui
2102 4217 2220 4285 conns

214 4290 312 4376 dique
334 4293 498 4370 illiciatur,
522 4314 559 4357 ec
580 4292 686 4357 modis
709 4295 861 4359 omnibus
884 4302 1098 4374 sustentetur,
1122 4307 1189 4360 ste-
1240 4314 1389 4378 pugnare
1417 4302 1591 4373 conentur,
1628 4304 1746 4379 arguto
1774 4297 1880 4380 magis
1907 4316 2008 4379 quem
2036 4295 2139 4360 solido
2168 4294 2218 4359 di·

214 4379 275 4442 tim
312 4379 535 4457 concutietur,
572 4381 766 4459 fluctuetur,
801 4381 938 4446 vacillet.
994 4383 1106 4464 Atque
1141 4382 1190 4444 itu
1240 4382 1403 4445 lemmate.
1448 4382 1519 4444 Aut
1540 4381 1686 4456 verbum,
1709 4382 1872 4466 inquiunt,
1896 4382 1969 4460 Dei,
1998 4380 2086 4465 quod
2108 4401 2218 4446 sacrae

214 4463 346 4547 quidem
368 4465 423 4530 hic
445 4486 480 4529 se
502 4465 613 4547 captui
634 4473 748 4529 nostro
778 4474 976 4550 attemperet
1002 4466 1189 4531 misericors
1240 4477 1390 4532 mentum
1411 4465 1590 4549 praecedit,
1621 4468 1743 4533 scimus
1771 4491 1842 4534 esse
1869 4488 1983 4533 reram
2010 4467 2076 4532 Dei
2097 4467 2218 4533 volun·

214 4550 394 4629 Dominus,
428 4559 467 4614 ut
495 4550 626 4634 quenda
659 4552 816 4617 animales
846 4573 976 4630 sumus,
1009 4553 1066 4633 qui
1094 4552 1189 4616 humi
1240 4561 1357 4631 tutem,
1392 4560 1451 4616 aut
1472 4553 1644 4617 nescimus.
1691 4552 1729 4619 Si
1756 4556 1892 4633 scimus,
1927 4553 2010 4618 nihil
2037 4574 2079 4619 ex
2106 4573 2218 4618 sacra·

213 4655 343 4719 semper
375 4636 583 4719 adrepentes,
618 4644 652 4701 et
684 4637 720 4701 in
752 4657 849 4701 cerne
883 4638 1071 4715 haerentes,
1104 4638 1189 4702 mhil
1240 4647 1352 4703 mento
1380 4635 1468 4720 quod
1501 4654 1628 4721 postea.
1641 4641 1791 4724 sequitur
1815 4660 1940 4705 novum
1967 4639 2130 4704 discimus.
2178 4637 2218 4705 si

212 4721 384 4803 spirituale
414 4724 613 4806 cogitemus,
652 4743 689 4787 ac
721 4744 764 4786 ne
804 4722 1006 4804 concipimus
1067 4718 1186 4803 uidem,
1240 4724 1414 4800 nescimus,
1436 4745 1544 4806 neque
1564 4725 1598 4788 id
1619 4723 1747 4791 docebit
1768 4733 2018 4803 sacramentum,
2047 4725 2218 4791 cuiusvis

213 4806 383 4872 elementis
404 4809 504 4872 etiem
528 4808 602 4872 istis
624 4807 810 4872 cernelibus
838 4829 899 4872 nos
921 4805 963 4870 ed
985 4829 1020 4871 se
1042 4744 1188 4891 deducit;
1242 4811 1349 4876 omnis
1380 4819 1479 4893 utque
1501 4811 1635 4894 energia
1645 4812 1673 4895 ³)
1695 4813 1732 4875 in
1764 4811 1863 4877 verbo
1885 4812 1950 4876 situ
1980 4820 2038 4875 est
2084 4809 2217 4892 Quibus

212 4900 311 4975 etque
332 4894 368 4957 in
390 4895 462 4976 ipse
484 4915 582 4959 cerne
602 4894 819 4978 contemplari
840 4893 982 4973 incites,
1006 4906 1190 4977 quaesunt
1241 4898 1385 4963 breviter
1411 4916 1608 4978 responsum
1635 4898 1691 4962 sit:
1726 4898 1847 4981 sigilla,
1877 4918 1959 4980 quae
1981 4895 2218 4980 diplomatibus

284 5182 313 5247 1)
335 5185 422 5253 Epist.
441 5182 458 5236 5
476 5184 555 5266 (130)
574 5185 614 5266 ιιιί
632 5185 750 5238 Marcell.
766 5256 792 5267 ..
880 5187 910 5251 2)
935 5187 999 5241 aad.
1018 5190 1092 5242 velut
1111 5188 1186 5244 1589.
1310 5187 1339 5256 1)
1356 5189 1455 5241 Hemil.
1473 5187 1515 5241 60.
1540 5188 1575 5268 ed
1597 5189 1733 5309 pcffium.
1803 5186 1821 5238 2
1851 5183 2217 5251 Homi1.in10enn.80,t

215 5247 246 5318 3)
263 5269 344 5319 quem
362 5258 392 5305 ut
410 5270 459 5306 nos
477 5271 506 5307 ιιι
528 5271 613 5323 ipsius
631 5254 684 5306 fide
702 5256 824 5308 stsbrhot
841 5254 911 5309 1543
929 5271 998 5327 seqq.
1240 5255 1271 5323 3)
1288 5265 1371 5326 etque
1389 5272 1498 5326 energia
1515 5262 1599 5311 omitt.
1618 5258 1632 5308 l
1703 5271 1775 5325 seqq.
1814 5339 1817 5367 l
