4770 6030
195 371 255 433 561
740 363 840 431 OAP.
861 365 959 432 vm.
983 365 1075 452 (IV.)
1116 361 1333 431 SYMBOLI
1353 362 1652 433 EXPLIOATIO.
2136 377 2201 440 562

193 479 439 636 illicfflappialridt’.
455 465 659 643 ciiiilisiae
676 554 764 617 enim
790 549 868 619 suut
881 553 905 639 ¹)
932 561 1092 637 quatenus
1113 574 1170 637 po-
1223 550 1288 616 Dei
1308 551 1458 631 loquitur,
1480 550 1531 617 lie
1550 559 1688 620 nostram
1709 575 1782 639 erpa
1804 555 1909 621 Deum
1929 558 2035 639 ipsum
2050 561 2200 641 meatem

194 641 264 724 puli
296 641 345 704 sui
379 639 548 721 reliquias,
588 645 752 721 utcunque
783 641 902 704 misere
938 641 1100 724 dispersas
1133 662 1171 706 ac
1223 642 1251 700 ot
1277 637 1502 702 observantiam
1528 640 1640 721 optimo
1667 642 1835 706 testimonio
1863 643 2072 724 declaramus,
2096 646 2127 711 si
2147 649 2201 714 do-

196 727 363 803 disiectas,
385 725 452 790 illie
472 724 657 790 mirabiliter
678 726 839 791 Dominus
861 734 1046 806 conservat,
1070 730 1171 808 quate-
1223 723 1296 787 tiles
1321 743 1377 787 nos
1398 722 1574 789 exhibemus
1595 727 1664 790 eius
1684 727 1842 807 miseno,
1864 749 1961 809 quum
1986 730 2076 795 nulla
2097 737 2200 798 tamen

196 833 258 878 nus
278 818 475 895 permanent
501 812 622 894 aliquot
644 810 797 876 melesius
825 812 987 896 symbola;
1014 819 1110 895 atque
1132 834 1172 878 ea
1223 809 1259 872 in
1285 828 1321 872 re
1345 828 1402 873 nos
1427 810 1560 874 attollat.
1605 812 1678 876 Hae
1702 813 1800 895 ipitur
1827 815 1920 879 etiam
1948 835 2045 880 causa
2066 817 2202 884 coelesns
2311 869 2314 886 ,

195 897 404 983 praesertim,
432 918 571 979 quorum
598 897 776 961 efficaciam
803 917 865 962 nec
894 896 1013 963 diaboli
1041 899 1170 978 estrrtia,
1223 914 1300 958 suae
1320 895 1491 975 sapientiae
1511 895 1690 961 thesaurum
1711 900 1745 962 in
1766 901 1853 964 uasis
1867 901 2035 984 frapn'tibus
2052 922 2089 967 oc
2108 903 2201 969 luteis

196 1007 257 1050 nec
279 983 426 1047 humana
449 984 595 1065 pravitas
617 983 784 1047 destruere
806 990 920 1065 potest
966 982 1034 1048 Sed
1055 985 1170 1067 quiae
1224 979 1380 1044 adscendit
1401 979 1435 1065 (2
1455 980 1529 1046 (lor.
1549 988 1578 1062 4,
1598 983 1648 1068 7),
1676 1005 1736 1065 quo
1757 987 1869 1050 certius
1890 989 2129 1067 eaperimentum
2150 1009 2200 1054 en-

197 1089 353 1138 convcrso
376 1068 500 1133 deletae
522 1074 599 1133 sunt
619 1067 685 1133 illic
707 1076 816 1147 notae,
840 1090 923 1151 quas
942 1071 1114 1153 praecipue
1136 1072 1171 1134 in
1217 1065 1299 1146 piat,
1321 1067 1431 1146 quanti
1451 1089 1472 1130 a
1492 1067 1579 1132 nobis
1597 1070 1662 1150 fiat.
1707 1071 1762 1135 Ad
1783 1071 1856 1136 laec
1873 1071 1955 1136 nina
1976 1074 2018 1136 ad
2036 1074 2217 1155 fouendum·

196 1156 258 1222 hac
281 1154 498 1236 disputatione
519 1155 730 1236 requirimus,
753 1154 832 1218 dum
854 1154 1023 1220 ecclesiam
1044 1157 1171 1239 quaeri-
1222 1156 1364 1214 mutuam
1390 1153 1548 1216 caritatem
1577 1156 1683 1235 aptius
1702 1162 1783 1234 erat,
1812 1178 1906 1238 quam
1931 1157 1987 1223 hoc
2007 1159 2127 1224 einmalo
2148 1159 2201 1226 tio·

196 1263 270 1307 mus
291 1241 374 1305 bene
400 1242 597 1317 insutum,
629 1239 699 1305 dico
726 1262 992 1323 unumquemque
1013 1240 1171 1307 eiusmodi
1222 1238 1322 1301 mines
1343 1237 1423 1300 inter
1443 1258 1476 1302 se
1498 1238 1649 1324 collipari,
1671 1241 1747 1305 dum
1767 1264 1851 1307 renus
1867 1244 2062 1308 constituitur
2077 1250 2197 1327 pastor,

197 1335 324 1393 coetum
358 1348 468 1391 carere
500 1347 658 1410 germana
690 1326 843 1390 ecclesiae
875 1325 1027 1412 forma²)
1077 1328 1171 1392 Adeo
1222 1323 1277 1403 qui
1298 1321 1435 1403 reliquos
1455 1325 1551 1388 simul
1576 1326 1696 1405 doceat;
1726 1330 1781 1408 qui
1802 1349 1872 1394 uero
1893 1329 2041 1411 discipuli
2063 1351 2128 1395 esse
2149 1332 2200 1396 iu-

197 1412 408 1479 antichristus
438 1413 548 1476 omnia
570 1412 786 1490 conturbavit,
809 1418 847 1475 ut
863 1413 1044 1498 Babylonis
1062 1414 1170 1495 potius
1223 1407 1337 1485 lentur,
1360 1427 1548 1473 communem
1569 1432 1607 1475 ee
1628 1432 1690 1476 uno
1706 1433 1758 1478 ere
1775 1415 1945 1478 doctrinam
1961 1417 2125 1496 accipiunt.
2160 1415 2200 1482 st

196 1520 294 1582 quam
314 1498 457 1563 civitatis
478 1498 553 1562 Der
565 1503 695 1561 sanctae
714 1498 813 1563 facies
829 1505 993 1581 appareat.
1028 1497 1125 1580 Quod
1142 1501 1170 1564 si
1222 1494 1305 1557 mrim
1322 1493 1383 1557 sibi
1400 1495 1530 1577 quisque
1547 1497 1707 1578 sufficeret,
1725 1519 1778 1563 nec
1794 1499 1943 1581 indiperet
1958 1501 2088 1565 alterius
2105 1522 2199 1583 opera

197 1584 425 1650 antichristum
441 1583 508 1650 illie
524 1603 663 1667 regnare
681 1591 816 1662 constat,
834 1584 1013 1667 ecquidem
1030 1585 1100 1667 ipso
1118 1606 1170 1650 ee-
1222 1578 1316 1663 (puae
1342 1579 1489 1661 snperbia
1516 1588 1561 1646 est
1580 1582 1713 1648 nunant
1732 1583 1873 1669 inponit),
1900 1591 2094 1651 comminueret
2114 1589 2201 1669 qais-

196 1670 310 1736 clesias
334 1690 405 1733 esse
423 1669 613 1754 colligamus
629 1667 772 1752 (quando
793 1691 960 1735 sessurum
980 1671 1088 1752 ipsum
1104 1693 1177 1736 nom
1221 1685 1280 1746 que
1301 1664 1395 1743 alios,
1422 1671 1450 1730 et
1470 1667 1509 1730 ab
1530 1668 1597 1733 dlis
1619 1675 1863 1735 contemneretur.
1911 1672 2006 1753 thm
2027 1674 2124 1756 ipitur
2142 1674 2200 1754 fir-

197 1757 274 1821 alibi
301 1776 401 1838 quam
433 1757 468 1818 in
495 1755 559 1820 Dei
587 1757 770 1820 sanctuario
799 1757 961 1837 scriptura
987 1755 1168 1841 praedicat)
1221 1751 1399 1815 missionum
1417 1753 1593 1820 retinendae
1613 1757 1745 1821 unitatis
1764 1757 1879 1821 nodum
1899 1757 1964 1838 fore
1975 1759 2116 1839 prouidit
2133 1758 2201 1824 Do-

196 1843 253 1907 sed
274 1841 357 1906 tales
378 1841 538 1920 ecclesias,
561 1862 642 1923 quas
662 1840 718 1905 ille
736 1842 894 1925 sacrilega
910 1842 1076 1924 impietate
1093 1863 1168 1925 pro-
1221 1837 1341 1916 minus,
1370 1856 1403 1901 co
1429 1838 1585 1904 ecclesiam
1604 1861 1697 1906 suam
1723 1842 1905 1920 adstrineit,
1932 1843 2007 1907 dum
2027 1844 2141 1908 salutis
2162 1863 2201 1908 ac

195 1929 325 1993 sanarit.
1221 1922 1302 1986 ritae
1331 1927 1470 2003 aeternae
1502 1925 1672 1991 doctrinam
1707 1929 1793 2008 aprnd
1818 1928 1956 1993 homines
1982 1929 2135 2011 deposuit,
2164 1933 2201 1994 ut

122 2035 125 2039 ·
280 2017 330 2076 34.
377 2012 486 2096 ⁸)Iam
507 2013 545 2077 de
562 2013 669 2077 ordine
685 2015 847 2078 deeidam
865 2019 917 2091 est,
936 2034 994 2093 qao
1012 2013 1169 2078 ecetesiam
1215 2027 1275 2088 ρεν
1297 2027 1401 2072 eorum
1420 2029 1536 2073 monus
1553 2011 1683 2093 reliquis
1699 2015 1944 2079 communicaret.
1976 2015 2049 2078 Huc
2065 2015 2201 2096 respecti

194 2121 285 2164 seam
302 2098 472 2181 putenam
492 2097 589 2162 coluit
608 2098 774 2163 Dominus.
811 2100 949 2164 Tonutsi
969 2101 1051 2165 enim
1068 2099 1169 2163 solum
1224 2092 1360 2173 Paulus,
1393 2114 1489 2175 quum
1515 2095 1666 2177 Ephesiis
1687 2096 1732 2182 (4,
1751 2103 1771 2162 4
1790 2097 1892 2183 seqq.)
1915 2100 2072 2166 eniteret:
2100 2121 2199 2183 unum

193 2188 298 2267 ipsam
324 2205 426 2268 repere
447 2205 483 2248 ac
505 2204 633 2268 rmnare
657 2186 693 2248 in
713 2184 852 2263 ecelesia,
880 2190 909 2250 et
928 2187 1094 2267 imperium
1116 2185 1169 2249 hoe
1221 2199 1340 2260 corpus,
1362 2199 1445 2244 unus
1466 2181 1608 2262 spiritus,
1631 2186 1887 2264 quemadmodum
1907 2190 1935 2249 et
1953 2188 2051 2251 ooeoti
2072 2188 2147 2254 estis
2163 2186 2200 2251 in

194 2271 257 2337 solo
288 2270 356 2335 eius
387 2269 475 2335 certo
512 2271 645 2334 exerceri
675 2275 766 2352 atque
797 2272 1016 2335 administrari
1047 2275 1167 2353 oporte,
1220 2285 1286 2328 una
1307 2285 1361 2347 spe
1381 2267 1547 2332 vocationis
1568 2272 1701 2346 uestram
1728 2291 1811 2334 arins
1832 2269 2005 2350 Dominus,
2026 2293 2092 2336 una
2110 2272 2198 2353 fides,

194 2359 270 2438 quia
297 2361 400 2420 tamen
425 2355 544 2420 visibili
564 2358 745 2437 praesentio
772 2357 852 2421 iuter
878 2377 934 2420 nos
954 2378 1017 2422 reon
1042 2357 1167 2436 latitat,
1220 2371 1320 2415 unum
1341 2351 1506 2431 baptisma,
1528 2373 1613 2417 unus
1633 2353 1723 2420 Deus
1744 2360 1772 2419 et
1792 2361 1885 2437 pater
1905 2358 2056 2436 omnium,
2081 2358 2201 2439 quiesi

195 2448 230 2507 ut
255 2442 438 2507 uoluntatem
463 2441 552 2506 nobis
580 2463 672 2506 suom
699 2463 749 2507 ore
769 2463 872 2507 coram
899 2442 1043 2522 declaret,
1072 2442 1169 2508 lomi·
1220 2457 1315 2517 mper
1335 2438 1455 2516 omnia,
1481 2443 1507 2502 et
1528 2459 1589 2520 ρεν
1608 2441 1729 2519 omnia,
1760 2442 1842 2505 etm
1864 2442 2004 2506 omnibus
2025 2443 2130 2521 rmtis;
2151 2464 2201 2508 ue-

193 2549 270 2592 num
295 2529 504 2592 ministerium
535 2528 570 2591 in
598 2528 653 2593 loe
678 2528 811 2605 oetion,
846 2530 991 2609 etquasi
1016 2530 1168 2593 oicarimn
1220 2542 1292 2585 mm
1322 2523 1488 2603 unicnique
1524 2529 1664 2589 nostrum
1700 2528 1776 2591 data
1815 2532 1860 2591 est
1895 2529 2000 2608 pratia
2032 2529 2199 2593 secundnm

194 2635 333 2697 operam
362 2635 422 2678 non
443 2614 486 2678 ad
507 2634 557 2677 eos
576 2615 630 2678 ius
650 2635 743 2679 sunm
763 2614 964 2695 honoremque
984 2615 1169 2696 transferen-
1219 2628 1398 2673 mensuram
1416 2610 1590 2675 donationis
1613 2609 1741 2676 claui.
1778 2613 1968 2694 Quapropter
1989 2614 2081 2677 dicit:
2103 2634 2200 2694 ercam

195 2702 241 2780 do,
264 2702 318 2765 sed
338 2704 459 2764 tantum
479 2705 514 2763 nt
529 2721 590 2781 ρεν
611 2720 660 2764 eos
680 2721 774 2765 suum
796 2701 863 2782 ipse
884 2721 962 2782 opus
983 2705 1071 2783 apat·
1093 2720 1169 2781 qam
1221 2694 1408 2760 asseculisset
1429 2695 1465 2759 in
1485 2696 1597 2775 mom,
1618 2699 1772 2779 captiuam
1793 2698 1885 2761 duxit
1904 2698 2126 2778 captiuitatem,
2149 2701 2201 2764 de-

188 2786 264 2850 ‘liter
286 2787 328 2851 ad
349 2806 427 2868 opus
447 2806 565 2867 quoque
584 2786 763 2867 {semidam
779 2789 980 2851 instrumento
1000 2787 1101 2850 utitur
1117 2808 1169 2851 ar·
1221 2780 1267 2843 dit
1293 2780 1375 2844 douo
1402 2780 1595 2861 hominibus;
1622 2785 1677 2864 qm'
1705 2784 1871 2863 deseendit,
1903 2784 1984 2848 idem
2005 2784 2057 2849 ille
2078 2789 2122 2848 est
2142 2784 2199 2864 qui

194 2874 279 2953 tifea.
325 2871 433 2935 Posset
458 2873 493 2937 id
518 2873 642 2953 quiden
664 2873 711 2937 oel
731 2873 987 2954 perseipsum,
1016 2872 1169 2937 sincello
1221 2866 1370 2945 ascendit
1399 2872 1434 2930 nt
1460 2868 1598 2950 impleret
1618 2869 1740 2949 omnim
1765 2875 1792 2934 et
1818 2870 1900 2934 idem
1927 2870 2010 2934 dedit
2030 2869 2111 2934 alios
2131 2870 2201 2951 qni-

194 2959 305 3039 quom's
326 2963 381 3021 aut
401 2958 604 3036 adminiculo,
627 2964 682 3022 ant
703 2980 833 3041 arpano,
855 2960 1017 3024 ueletiam
1032 2980 1093 3041 ρεν
1114 2980 1169 3023 aa·
1221 2953 1289 3016 dem
1310 2952 1468 3033 apostolos,
1491 2954 1572 3018 alios
1591 2975 1662 3019 uero
1677 2955 1861 3038 prophetas,
1882 2955 1963 3021 alios
1983 2961 2085 3020 antem
2108 2975 2200 3021 evan-

192 3044 275 3126 pelos
293 3045 410 3124 faeere
432 3044 486 3108 sed
507 3044 676 3124 complures
696 3051 769 3109 sunt
789 3065 901 3109 comae
922 3066 979 3110 cur
993 3066 1054 3127 per
1073 3045 1170 3109 nomi
1219 3037 1360 3122 pelides,
1388 3038 1467 3103 ulios
1482 3045 1626 3120 pastores
1647 3061 1683 3106 ac
1704 3043 1850 3121 eomes,
1879 3042 1922 3107 od
1942 3043 2200 3107 instauraturum

194 3150 249 3194 ues
275 3129 374 3192 malit.
383 3128 413 3212 ⁴)
462 3129 530 3193 Hoc
564 3131 645 3194 enim
677 3132 765 3195 modo
791 3133 934 3213 primum
962 3133 1170 3214 diprmtionem
1221 3128 1411 3202 sanctorum,
1438 3126 1473 3188 in
1493 3145 1571 3206 opus
1593 3127 1883 3206 administratione,
1901 3129 1936 3191 in
1958 3128 2199 3210 aedificationem

194 3237 270 3297 erpa
295 3235 351 3279 nos
379 3234 471 3278 suom
498 3215 647 3295 dederat,
676 3237 772 3297 quum
798 3238 837 3281 ea
863 3217 1039 3282 lmnmidas
1065 3218 1169 3296 sumit
1222 3210 1359 3290 commis
1388 3209 1519 3290 Christi,
1547 3211 1639 3277 donec
1660 3215 1882 3295 pervertamus
1909 3234 2013 3279 omnes
2040 3216 2076 3278 in
2096 3215 2201 3279 unda·

195 3303 251 3382 qm'
266 3322 328 3382 pro
349 3320 382 3364 se
403 3302 438 3364 in
460 3301 573 3366 mundo
594 3302 740 3385 lepatione
758 3304 940 3387 funpantur,
963 3305 1018 3386 qui
1036 3325 1170 3370 arcanae
1222 3300 1280 3359 lem
1303 3295 1379 3376 fidei
1404 3301 1432 3360 et
1460 3297 1627 3381 aeditimis
1652 3299 1715 3381 filii
1736 3299 1816 3379 Dei,
1843 3301 1879 3364 ia
1900 3301 2004 3364 uirum
2019 3300 2198 3382 perfeetum,

195 3409 272 3451 suae
292 3386 457 3451 uoluntatis
477 3387 541 3451 sint
566 3389 758 3471 interpretes,
781 3391 836 3470 qni
852 3411 1021 3471 personam
1042 3392 1171 3472 delique
1222 3382 1257 3445 in
1282 3401 1461 3447 mmmm
1487 3385 1599 3467 Willis
1624 3385 1717 3468 illem
1743 3386 1881 3465 addimit
1913 3390 1948 3448 ut
1973 3405 2034 3449 ἤθη
2060 3385 2201 3467 amtllui

195 3494 288 3537 selam
321 3477 549 3554 repraesentent.
609 3474 721 3556 Sisque
756 3477 959 3558 ecperimento
991 3475 1170 3558 omnprobat,
1222 3468 1323 3532 amus
1338 3469 1447 3549 pueri,
1470 3470 1525 3550 qui
1546 3471 1802 3553 circumferamur
1823 3473 1908 3536 omni
1928 3476 2012 3535 uento
2032 3471 2199 3550 doetrinae,

196 3580 257 3623 non
283 3580 400 3622 aurnum
432 3561 604 3639 essequod
624 3561 751 3642 passim
777 3568 940 3627 nosceret
966 3564 1079 3647 ternpla
1100 3583 1169 3641 sna,
1222 3554 1276 3618 sed
1301 3555 1458 3618 aeman
1484 3561 1629 3624 sectantes
1656 3559 1691 3622 in
1717 3559 1845 3622 caritate
1872 3556 2082 3621 adolescemus
2108 3556 2143 3620 in
2161 3556 2201 3621 d-

196 3646 271 3709 dum
300 3665 338 3708 ea
365 3665 416 3709 ore
442 3644 614 3722 lominum,
639 3647 719 3711 uelut
746 3669 784 3712 ee
804 3651 995 3729 sanduario,
1023 3670 1171 3732 repausa
1222 3640 1288 3703 lum
1309 3661 1370 3721 per
1396 3643 1516 3720 carnia,
1545 3644 1600 3724 qui
1626 3648 1670 3708 est
1695 3648 1800 3726 caput,
1830 3664 1936 3725 nempe
1966 3641 2141 3722 Christum,
2164 3643 2200 3707 in

196 3731 372 3796 lomimlms
402 3731 514 3794 reddit>
563 3731 686 3796 Deinde
717 3733 771 3797 leoc
799 3736 947 3815 optimum
973 3756 1009 3801 ae
1039 3736 1172 3800 utilissi·
1222 3745 1282 3807 41⁴0
1316 3731 1410 3790 ittam
1442 3747 1552 3809 cerpus
1589 3734 1829 3812 eoapmentatum
1866 3735 1894 3793 ct
1925 3733 2113 3810 compactum
2140 3749 2201 3811 per

195 3837 282 3881 mum
304 3818 345 3880 ad
366 3816 571 3880 humilitatem
592 3820 771 3883 exercitium
792 3825 850 3899 est,
873 3822 947 3885 dum
968 3843 1024 3886 nos
1046 3823 1088 3887 ad
1109 3821 1171 3886 obe·
1223 3832 1340 3876 Omnem
1372 3815 1608 3878 wmmittutam
1632 3815 1943 3894 Submt'tlitlffliwnlt,
1979 3816 2070 3878 tuxia
2098 3819 2201 3879 “tium

196 3904 344 3967 dumam
370 3902 457 3966 umbo
484 3923 541 3966 sao
569 3905 750 3985 assuefacit,
781 3911 933 3988 almaque
952 3929 1013 3989 per
1034 3907 1171 3972 homines
1223 3899 1257 3960 in
1277 3917 1422 3963 memma
1449 3901 1695 3981 uniuscuiusque
1709 3903 1830 3983 partis,
1859 3902 2077 3966 inmenemum
2098 3919 2200 3982 corpo-

196 3989 314 4053 similes
330 3988 426 4068 nobis,
448 3989 602 4053 irderdum
623 3991 716 4055 etiam
737 3993 885 4075 dipnitate
903 3994 1065 4074 inferiores
1076 4013 1172 4075 prae·
1222 3984 1271 4046 tis
1289 3984 1373 4064 facil,
1397 3986 1433 4048 m
1453 3986 1694 4067 aedificatorem
1714 3988 1768 4051 sai
1788 3987 1892 4068 ipsius
1907 4008 1967 4069 ρεν
1989 3988 2156 4069 eardatem.

195 4077 321 4139 dicetur.
367 4074 406 4138 Si
432 4075 469 4138 de
490 4075 566 4141 coelo
588 4077 654 4157 ipse
675 4077 862 4158 loqueretur,
889 4079 970 4144 nillil
990 4080 1107 4143 mirum
1126 4080 1172 4162 fo-
1311 4072 1360 4132 35·
1406 4070 1471 4134 His
1489 4071 1590 4135 verbm
1610 4091 1679 4136 tum
1700 4073 1780 4137 illud
1800 4074 1938 4151 &lentilli
1960 4073 2119 4137 hminum
2140 4072 2200 4134 Μ’·

195 4166 251 4238 ret,
275 4160 306 4223 si
327 4180 418 4224 sacra
439 4162 508 4225 eius
534 4163 661 4226 oracula
682 4165 820 4228 omnium
841 4166 973 4230 auribus
993 4171 1082 4248 atque
1101 4166 1172 4229 ani
1222 4155 1401 4252 miletium,
1435 4175 1495 4236 (1¹⁴⁰
1520 4157 1611 4220 Dm
1642 4159 1678 4222 in
1700 4157 1901 4241 pubemmnda
1933 4158 2059 4223 &cde-tia
2089 4158 2198 4234 tillut,

195 4247 258 4309 mis
296 4251 464 4310 reverenter
495 4249 562 4312 sine
592 4269 680 4313 mora
712 4252 928 4331 acciperentur.
981 4251 1059 4335 Quis
1091 4253 1173 4315 enim
1217 4260 1426 4323 praecipuum
1451 4262 1516 4307 8880
1542 4263 1683 4323 mrumm
1703 4264 1770 4326 *quo
1796 4244 1902 4325 fideles
1929 4245 1963 4307 im
1989 4265 2050 4308 um
2076 4261 2200 4322 corpere
2323 4309 2325 4313 .

192 4336 385 4413 praescidem
406 4333 473 4397 cius
493 4339 672 4415 potestatem
690 4356 751 4399 non
772 4337 931 4402 torreret?
955 4338 1026 4419 quis
1047 4358 1108 4402 non
1129 4339 1172 4401 ad
1223 4326 1414 4406 collimati,
1439 4333 1506 4392 ium
1532 4350 1601 4394 ΜΟ
1622 4331 1716 4394 eiiam
1736 4329 1866 4410 illimis
1895 4351 1956 4395 ἤθη
1977 4329 2067 4394 allier
2084 4326 2200 4390 mill*

191 4419 335 4498 primum
367 4421 469 4482 tacitae
503 4421 677 4485 maiestatis
713 4427 869 4502 aspectum
901 4424 1172 4505 prosterneretur?
1222 4433 1302 4477 mem
1328 4414 1450 4477 servari
1476 4414 1632 4479 &edesium
1647 4436 1754 4497 posse,
1784 4437 1880 4498 quam
1900 4416 1930 4481 sl
1950 4416 2002 4479 lus
2021 4413 2199 4495 praesidiis

196 4504 269 4583 quis
290 4523 351 4568 noa
372 4503 518 4569 immenso
537 4507 592 4570 illo
611 4506 731 4589 sulpure
748 4509 1007 4589 confunderetur?
1057 4509 1172 4572 Verum
1221 4498 1385 4579 sufflatur>
1417 4500 1453 4562 in
1484 4500 1597 4581 qulbus
1627 4502 1759 4566 Saltim
1790 4504 1859 4567 W
1890 4520 2033 4582 tmere
2061 4496 2198 4562 D⁰mln⁰
2268 4563 2273 4574 .

196 4589 251 4653 ubi
273 4589 433 4654 homuncio
453 4592 610 4673 quispiam
630 4613 668 4656 εν
683 4593 811 4674 puluere
827 4615 972 4675 emersus,
994 4596 1030 4660 in
1050 4596 1172 4659 nomme
1217 4583 1348 4666 placuit.
1382 4583 1533 4652 Ascendit
1556 4585 1699 4653 Christus
1719 4589 1755 4653 ia
1776 4589 1887 4666 altum,
1909 4585 2019 4667 inquit,
2041 4588 2075 4645 ut
2091 4583 2224 4663 omnia,
2266 4595 2269 4601 '

197 4732 306 4741 W-
330 4731 401 4737 -
1223 4669 1369 4750 impleret.
1413 4671 1500 4737 Haec
1520 4678 1624 4738 autem
1644 4674 1794 4758 implendi
1814 4675 1908 4751 ratio,
1929 4670 2010 4752 quod
2024 4689 2085 4766 per
2104 4669 2198 4767 mini

267 4795 296 4862 1)
314 4797 347 4848 In
364 4813 479 4849 summa:
499 4797 624 4850 ccclesias
642 4815 701 4850 csse
719 4798 779 4851 dico
798 4797 865 4852 1543
883 4815 953 4871 seqq.
1031 4799 1062 4868 2)
1080 4801 1170 4870 dispu·
1222 4759 1310 4853 Sm'
1331 4756 1444 4837 quibus
1464 4759 1599 4857 ΟΜΝ
1619 4758 1674 4824 '⁸⁰⁶
1689 4761 1850 4857 mandavit
1868 4764 1896 4823 a
1911 4754 2198 4853 muneiwpbqund'

197 4865 299 4917 tatione
328 4866 463 4933 respicere
495 4867 637 4931 debemus,
674 4867 733 4919 dico
762 4885 978 4939 unumquemque
1006 4877 1113 4922 coctum
1143 4875 1171 4923 et
1221 4845 1518 4938 dmiwmswniullir
1547 4866 1608 4910 sua
1629 4847 1710 4911 ‘3072st
1730 4847 1889 4926 ἁψῖδα
1909 4863 1946 4907 ‘⁸⁰
1972 4840 2131 4906 dmm&
2152 4860 2197 4904 ω’

197 4941 285 4986 totum
309 4950 406 5002 corpus
434 4951 526 4987 carere
553 4937 579 4989 le
599 4936 674 4988 'tima
696 4937 824 4990 ccclesiae
847 4940 941 4992 torma
984 4936 1103 5007 Reliqua
1126 4938 1170 4992 de-
1223 4926 1347 5005 cle-§tam
1368 4949 1459 5009 seque
1480 4931 1555 4996 adeo
1574 4932 1680 5012 ipsum
1695 4935 1888 5012 prraeseniem
1909 4927 2129 5009 quodammodo
2146 4945 2198 4991 ex-

198 5007 274 5122 on
287 4999 418 5124 im
437 5002 554 5126 ..t
584 5007 866 5128 sereser
884 5005 1172 5142 tuam
1223 5011 1310 5091 re
1331 5014 1464 5113 ονε
1483 5017 1537 5113 r
1557 5017 1701 5113 rm
1721 5017 1757 5113 n
1775 5036 1837 5080 r
1857 5015 1918 5114 m
1936 5013 2125 5110 ...uua
2146 5031 2248 5076 r·

199 5139 239 5190 ita
260 5087 350 5192 timeo
371 5146 403 5193 ut
424 5112 560 5194 nonnulla
581 5159 651 5213 qnae
673 5116 762 5196 emen’
785 5092 850 5199 irini
867 5091 937 5198 inde
959 5093 1119 5198 ideiruniur
1140 5117 1171 5198 tii
1223 5098 1357 5177 κνοω
1380 5120 1418 5163 m
1439 5122 1546 5199 mmm
1566 5107 1608 5199 Sit
1629 5102 1675 5166 vd
1692 5107 1797 5200 &⁰⁸⁰⁸
1832 5101 1885 5167 εκ
1906 5102 2197 5196 Μιααναωβω

135 5235 145 5247 ·
194 5208 352 5275 prioridie
369 5208 487 5263 editione
504 5211 573 5264 aliti
588 5213 747 5278 exstiterint,
765 5229 835 5282 quae
851 5215 909 5267 suia
926 5215 993 5271 loeis
1008 5214 1171 5268 notabimus.
1223 5187 1323 5246 mm
1349 5192 1526 5269 permut>
1566 5208 1612 5251 3²⁶
1640 5188 1820 5270 WWW
1847 5206 1955 5268 mus
1986 5185 2129 5282 ommi,
2150 5203 2197 5248 Μ

198 5274 230 5344 4)
247 5276 320 5415 Iuppi}
337 5277 451 5345 August.
470 5278 559 5418 lib.Vl.
578 5280 612 5332 de
630 5281 714 5334 doctr.
733 5281 879 5336 christiana
896 5298 918 5336 c.
936 5280 972 5336 32
988 5298 1041 5353 aeq.
1223 5268 1426 5336 adolescimus
1442 5293 1501 5355 per
1521 5273 1625 5339 emnia
1646 5275 1683 5338 im
1702 5293 1773 5338 eum
1793 5275 1849 5357 qui
1869 5277 1914 5338 etl
1934 5276 2039 5355 eaput,
2069 5274 2096 5336 ei
2116 5275 2198 5335 mter

291 5363 378 5416 caini
390 5380 483 5432 opera.
543 5365 578 5418 el.
596 5365 622 5421 1.
1957 5375 1992 5428 Ο6
