4770 6030
216 357 276 421 555
504 396 506 401 ,
859 350 1125 418 msmrumo
1144 353 1249 418 aun.
1271 350 1451 417 5555555.
1476 355 1568 416 5555.
2160 305 2221 416 555

212 567 291 629 ergo
308 551 422 611 contra
443 564 501 606 555
522 540 678 606 Iacobum
700 541 815 618 citant,
845 542 900 623 qui
922 548 1090 624 tantopere
1113 564 1189 608 con·
1242 541 1293 606 nis
1312 541 1413 605 verbo
1433 541 1499 605 Dei
1528 540 1621 606 nobis
1650 539 1807 605 traditum
1829 541 1886 619 sit;
1914 539 2031 604 deinde
2053 550 2087 606 et
2109 563 2222 606 eorum

213 633 385 697 sessionem
424 627 664 693 misericordiae
695 627 759 691 Dei
799 627 975 710 urgemus?
1032 628 1190 693 Confiteri
1242 633 1426 692 commenta
1454 625 1494 690 de
1522 626 1722 692 confessione
1749 626 1971 704 subiiciemus,
2001 648 2068 691 non
2089 627 2221 710 quidem

213 725 324 783 autem
340 716 404 780 Dei
421 712 678 779 misericordiam
695 734 790 777 nemo
807 721 922 796 potest,
942 714 1006 777 5151
1023 714 1189 779 miseriam
1242 714 1352 777 omnia
1374 711 1461 797 (quis
1482 714 1570 777 enim
1590 714 1788 776 immensum
1809 710 1889 776 illud
1907 733 1999 776 mare
2016 713 2221 796 exhauriret)

213 824 308 868 suam
333 802 425 884 prius
453 800 627 865 confessus.
679 796 770 879 Quin
791 800 899 881 potius
921 800 1097 864 anathema
1119 822 1189 865 esse
1242 798 1300 863 sed
1322 820 1361 863 55
1382 797 1557 877 duntaxat,
1585 799 1702 881 quibus
1729 819 1892 862 summam
1908 818 1990 862 suae
2012 799 2222 864 confessionis

212 888 475 972 pronunciamus,
497 886 680 968 quicunque
700 906 767 949 nou
788 907 823 949 55
845 906 955 949 coram
975 886 1057 964 Deo,
1080 907 1191 950 coram
1241 884 1508 968 complectuntur,
1553 884 1629 948 Non
1649 884 1704 949 hic
1722 905 2025 962 commemorarem,
2048 885 2222 968 vulgatum

213 973 338 1057 angelis
371 974 455 1050 eius,
494 992 604 1037 coram
639 970 788 1049 ecclesia,
830 992 940 1035 coram
969 972 1118 1036 omnibus
1147 969 1188 1071 [5.
1242 992 1313 1034 esse
1334 972 1369 1034 in
1391 970 1503 1035 multis
1525 971 1705 1053 scripturae
1726 969 1889 1053 partibus,
1921 970 2158 1036 confessionem
2181 969 2222 1058 [5.

214 1058 291 1145 315]
312 1059 451 1141 denique
468 1058 663 1135 hominibus,
682 1063 884 1139 peccatorem
902 1057 1066 1122 confessus
1083 1057 1188 1122 fuant.
1244 1055 1322 1207 317)
1340 1078 1400 1139 pro
1422 1055 1518 1121 laude
1540 1056 1656 1138 accipi,
1678 1057 1743 1120 nisi
1764 1055 1845 1120 adeo
1867 1077 1921 1120 555
1943 1055 2161 1138 depuduisset,
2184 1067 2222 1121 ut

212 1144 335 1211 Omnia
362 1146 450 1210 enim
478 1143 635 1208 conclusit
659 1143 823 1207 Dominus
851 1144 911 1208 sub
937 1152 1121 1226 peccatum,
1153 1151 1191 1208 ut
1242 1142 1300 1206 tali
1324 1164 1362 1207 us
1387 1163 1514 1225 quoque
1540 1142 1619 1208 locis
1647 1163 1682 1206 se
1709 1143 1923 1220 instruerent;
1950 1143 2150 1218 5515515555
2171 1143 2222 1206 di-

212 1254 308 1298 omne
330 1253 366 1296 os
388 1231 576 1295 obstruatur
597 1236 631 1293 et
652 1228 842 1293 humilietur
864 1231 969 1294 omnis
986 1250 1062 1294 caro
1080 1250 1191 1295 coram
1243 1235 1334 1293 cunt:
1364 1229 1598 1293 confessionem
1625 1228 1735 1293 551555
1764 1227 1807 1292 ad
1833 1229 1952 1292 mentis
1974 1228 2220 1307 iucunditatem,

212 1319 293 1395 Deo,
317 1316 404 1382 solus
426 1323 536 1380 autem
556 1316 626 1398 ipse
647 1316 840 1379 iustificetur
861 1321 894 1379 et
916 1314 1079 1379 exaltetur
1097 1314 1188 1400 (Gal.
1243 1315 1335 1378 iuxta
1351 1313 1442 1393 illud,
1460 1314 1495 1378 in
1512 1335 1592 1381 voce
1601 1314 1819 1379 exultationis
1836 1321 1869 1378 55
1886 1314 2095 1378 confessionis
2116 1314 2220 1395 (Psal

168 1408 170 1412 ’
214 1401 425 1486 5115553).
1243 1399 1308 1485 42).
1350 1400 1447 1467 Hanc
1470 1421 1547 1485 ergo
1569 1401 1789 1482 acceptionem
1810 1400 1984 1465 observent
2003 1400 2168 1482 simplices
2189 1408 2225 1465 55

297 1489 404 1554 Miror
426 1494 536 1552 autem
553 1507 618 1568 qua
636 1486 742 1550 fronto
760 1486 869 1550 ausint
886 1486 1090 1565 contendere,
1113 1509 1190 1552 con·
1243 1485 1416 1568 diligenter
1444 1487 1485 1551 ab
1513 1486 1590 1574 1115
1596 1486 1813 1570 distinguant,
1842 1508 1885 1550 ne
1914 1486 1975 1550 sibi
1996 1485 2117 1551 talibus
2139 1487 2222 1552 fircis

212 1577 386 1641 sessionem
409 1574 448 1638 de
470 1593 535 1655 qua
556 1572 747 1654 loquuntur,
771 1573 851 1636 iuris
874 1593 944 1636 esse
966 1572 1077 1637 divini.
1123 1572 1190 1638 Ou-
1242 1571 1407 1636 illudatur.
2131 1636 2133 1645 ,
2190 1568 2196 1582 “

154 1663 155 1667 ’
212 1664 264 1727 ius
286 1659 436 1745 equidem
455 1659 715 1724 vetustissimum
737 1680 807 1723 osse
829 1679 925 1723 usum
949 1658 1103 1737 fatemur,
1133 1659 1191 1724 sed
1328 1658 1381 1722 De
1408 1664 1616 1741 peccatorum
1636 1658 1836 1722 confessione
1865 1658 1911 1723 sic
1933 1656 2033 1723 docet.
2076 1655 2220 1738 Quando

213 1770 310 1832 quem
331 1746 426 1811 facile
447 1745 597 1809 evincere
618 1760 800 1826 possumus,
823 1743 900 1807 olim
921 1744 1021 1809 fuisso
1040 1744 1189 1809 liberum.
1241 1744 1404 1808 Dominus
1426 1750 1490 1823 est,
1519 1745 1575 1826 qui
1595 1751 1728 1826 peccata
1750 1744 1901 1821 remittit,
1924 1744 2139 1822 obliviscitur,
2163 1743 2220 1809 de·

213 1835 312 1900 Certe
332 1832 458 1897 nullam
481 1829 522 1894 de
544 1852 583 1895 55
601 1837 721 1895 statam
742 1830 841 1895 fuisse
859 1829 974 1913 legem,
998 1841 1055 1895 aut
1072 1832 1190 1896 consti-
1242 1829 1300 1893 let:
1325 1830 1402 1895 huic
1422 1837 1556 1912 peccata
1576 1837 1690 1894 nostra
1710 1831 1932 1907 confiteamur,
1955 1838 1992 1894 ut
2012 1830 2143 1894 veniam
2161 1831 2220 1896 ob·

214 1920 382 1997 tutionem,
405 1922 481 1982 ante
497 1915 681 1981 Innocentii
698 1917 786 1980 tertii
803 1924 959 1997 tempora,
982 1937 1094 1980 eorum
1111 1939 1190 2000 quo·
1242 1916 1412 1980 tineamus.
1463 1915 1524 1979 Ille
1551 1914 1696 1981 medicus
1723 1923 1786 1995 est,
1814 1915 1953 1980 vulnera
1978 1916 2079 1998 igitur
2106 1922 2220 1980 nostra

213 2027 276 2089 que
298 2004 432 2075 annales
461 2008 612 2080 narrant,
632 2001 656 2085 ¹)
684 2011 717 2066 et
737 2001 903 2067 luculenta
924 2003 1111 2066 testimonia
1132 2025 1190 2067 ex·
1242 2001 1291 2064 illi
1313 2022 1528 2089 exponamus;
1560 2001 1616 2065 ille
1642 2002 1750 2067 laesus
1772 2007 1823 2065 est
1849 2008 1883 2065 55
1903 2001 2061 2079 offensus,
2094 2001 2219 2067 abillo

213 2095 299 2170 tant,
332 2096 404 2154 tum
441 2090 477 2152 in
509 2088 670 2166 historiis,
706 2094 778 2151 tum
810 2086 897 2170 apud
929 2089 1078 2170 antiquos
1111 2089 1191 2153 alios
1242 2109 1357 2169 paoem
1378 2094 1542 2168 petamus3
1564 2087 1620 2151 1115
1642 2096 1691 2152 555
1711 2086 1858 2152 cordium
1879 2088 2026 2170 cognitor
2048 2095 2082 2152 55
2097 2089 2220 2171 cogita·

83 2235 88 2251 ,
214 2178 396 2259 scriptores,
419 2195 501 2256 quae
523 2173 660 2238 doceant
682 2174 767 2238 hano
788 2174 887 2238 fuisse
907 2174 1073 2256 politicam
1095 2174 1191 2239 disci·
1243 2174 1370 2237 tionum
1396 2174 1542 2237 omnium
1568 2175 1729 2249 conscius,
1760 2194 1871 2238 coram
1896 2174 1967 2255 ipso
1989 2171 2088 2239 corda
2109 2180 2223 2239 nostra

214 2263 348 2347 5115555,
371 2261 412 2326 ab
432 2260 590 2342 episcopis
609 2259 802 2338 institutam,
825 2280 891 2323 non
912 2260 1028 2343 legem,
1052 2282 1072 2324 5
1093 2259 1191 2325 Chri-
1244 2258 1464 2338 effimdamns3
1498 2259 1553 2323 ille
1581 2267 1631 2324 est
1657 2260 1796 2340 denique
1820 2259 1877 2340 qui
1903 2266 2089 2340 peccatores
2115 2267 2220 2338 vocat,

215 2355 266 2414 sto
288 2354 346 2412 aut
366 2345 518 2429 apostolis
540 2346 686 2428 positam.
721 2345 835 2410 Unum
857 2343 1019 2409 duntaxat
1040 2367 1058 2410 e
1079 2346 1191 2410 multis
1244 2344 1286 2408 ad
1307 2346 1415 2427 ipsum
1437 2345 1637 2411 accedamus.
1681 2347 1860 2411 Peccatum
1879 2365 1998 2422 meum,
2025 2345 2130 2427 inquit
2150 2345 2222 2410 Da

215 2435 387 2518 proferam,
410 2431 495 2515 quod
516 2453 582 2495 non
600 2432 735 2497 obscuro
756 2432 824 2496 eius
842 2433 890 2495 rei
908 2431 1100 2496 documento
1119 2433 1189 2496 5515
1243 2429 1299 2496 vid
1332 2431 1435 2515 (Psal.
1455 2430 1527 2516 32),
1561 2433 1728 2514 cognitum
1760 2431 1819 2495 tibi
1850 2431 1928 2503 feci,
1963 2439 1997 2494 et
2027 2422 2222 2496 iniustitiam

215 2521 332 2586 Refert
353 2517 561 2594 Soaomenus,
575 2516 605 2601 ²)
631 2518 730 2581 baisse
756 2517 842 2582 15555
870 2518 1093 2600 episcoporum
1115 2539 1191 2582 eon·
1242 2537 1351 2580 meam
1372 2538 1438 2580 non
1460 2516 1622 2582 abscondi.
1666 2518 1756 2594 Dixi,
1779 2517 1956 2581 confitebor
1976 2515 2150 2581 adversum
2167 2538 2221 2581 me

88 2672 92 2686 ,
126 2592 132 2599 ’
216 2606 432 2682 stitutionem,
455 2603 629 2685 diligenter
650 2604 856 2667 observatam
878 2603 1021 2668 ecclesiis
1043 2603 1190 2668 occiden·
1242 2603 1438 2667 iniustitiam
1453 2624 1561 2667 meam
1573 2604 1725 2681 Domino,
1745 2609 1779 2666 55
1794 2610 1832 2666 tu
1848 2603 2003 2667 remisisti
2015 2603 2220 2685 iniquitatem

215 2692 335 2757 talibus
355 2690 549 2773 praesertim
569 2684 647 2783 verb
669 2688 804 2753 Romae.
839 2686 913 2769 Quo
933 2689 1104 2771 signifieat,
1125 2712 1191 2754 non
1243 2688 1349 2753 cordis
1372 2690 1446 2752 mei.
1493 2689 1583 2753 Talis
1609 2696 1659 2754 est
1682 2689 1786 2753 altera
1811 2689 1914 2771 ipsius
1929 2686 2040 2754 David
2062 2687 2221 2753 confessio
2327 2692 2335 2705 “

214 2779 314 2843 tasso
347 2775 533 2841 universale
567 2776 714 2838 omnium
746 2775 956 2845 ecclesiarum
995 2776 1189 2840 institutum.
1243 2766 1346 2860 (Psal.
1361 2773 1431 2858 51):
1460 2775 1619 2840 Miserere
1642 2777 1707 2839 mei
1723 2771 1831 2853 Deus,
1856 2773 2035 2839 secundum
2063 2793 2222 2856 magnam

96 2870 97 2875 ’
213 2864 327 2930 Unum
349 2867 460 2926 autem
487 2883 506 2925 e
533 2861 732 2945 presbyteris
759 2860 966 2942 peculiariter
994 2859 1192 2926 destinatum
1243 2860 1498 2925 misericordiam
1524 2867 1624 2925 tuam.
1675 2861 1765 2925 Talis
1792 2867 1841 2926 est
1866 2859 2016 2925 Danielis
2043 2856 2143 2943 (Dan.
2169 2859 2219 2944 9):

212 2951 312 3015 fuisse
333 2948 421 3025 dicit,
443 2948 499 3029 qui
519 2946 595 3011 huic
617 2948 744 3011 muneri
761 2954 935 3029 praeesset.
969 2945 1044 3027 Quo
1063 2948 1191 3012 abunde
1242 2947 1456 3012 Peccavimus
1472 2947 1623 3025 Domine,
1646 2968 1799 3030 perverse
1817 2947 1953 3030 egimus,
1971 2945 2155 3028 impietates
2173 2945 2222 3011 fe-

214 3037 373 3112 confutat,
400 3032 486 3115 quod
514 3033 568 3097 isti
597 3031 637 3096 de
659 3032 805 3097 clavibus
824 3033 977 3098 universo
999 3034 1192 3098 sacerdotab
1217 3081 1219 3087 r
1243 3034 1347 3098 cimus
1363 3040 1396 3097 et
1416 3032 1553 3098 rebelles
1573 3033 1704 3111 15515555,
1721 3032 1914 3097 declinando
1932 3030 2131 3096 amandatis
2146 3032 2221 3096 tuis

215 3120 321 3186 ordini
346 3119 529 3201 promiscue
556 3117 640 3182 datis
667 3120 879 3183 mentiuntur.
929 3117 1098 3201 Siquidem
1125 3140 1191 3183 non
1242 3119 1289 3182 Et
1308 3119 1406 3197 aliae,
1440 3140 1522 3201 quae
1550 3121 1672 3200 passim
1698 3120 1734 3184 in
1759 3119 1928 3201 seripturis
1955 3124 2138 3183 occurrunt.
2184 3115 2223 3182 81

214 3208 360 3271 omnium
381 3204 586 3270 sacerdotum
608 3206 789 3269 communis
807 3212 878 3270 erat
894 3205 1025 3283 1555515,
1049 3205 1191 3270 551515-
1243 3206 1457 3269 confiteamur
1477 3210 1611 3287 peccata
1638 3211 1764 3281 nostra,
1791 3204 1898 3286 inquit
1917 3203 2059 3288 Ioannes
2077 3202 2109 3286 (l
2130 3202 2221 3267 Ioan.

214 3292 344 3376 gulares
366 3291 463 3355 unius
484 3296 609 3373 partes,
638 3291 695 3371 qui
715 3290 757 3354 ad
778 3290 813 3354 id
834 3291 956 3357 electus
979 3292 1019 3356 ab
1042 3292 1190 3374 episcopo
1246 3290 1294 3375 l),
1317 3290 1423 3355 fidelis
1443 3291 1605 3356 Dominus
1636 3289 1676 3376 [p.
1697 3289 1773 3377 315]
1797 3298 1836 3375 ut
1866 3290 2012 3354 remittat
2031 3289 2125 3355 nobis
2145 3309 2222 3371 pec·

212 3379 328 3443 fuerat.
357 3374 639 3442 Sublicitdeinde:
663 3397 739 3440 emn
755 3397 881 3459 quoque
897 3376 1189 3442 morcmOonstan·
1243 3387 1316 3442 eata
1343 3384 1463 3441 nostra.
1515 3375 1578 3441 Cui
1606 3375 1841 3442 confiteamur?
1891 3376 1960 3457 Ipsi
1987 3375 2125 3452 seilicet,
2160 3373 2222 3440 hoc

214 3463 350 3546 tinopoli
361 3463 470 3540 fuisse,
492 3459 533 3548 [5.
551 3460 627 3548 316]
642 3460 744 3526 donee
764 3468 914 3528 matrona
933 3463 1093 3546 quaedam
1113 3484 1189 3528 oon·
1242 3470 1306 3541 est,
1337 3465 1364 3528 51
1387 3463 1516 3527 adflicto
1543 3470 1576 3526 et
1604 3463 1775 3528 humiliato
1796 3461 1893 3527 corde
1915 3482 2026 3526 coram
2055 3463 2125 3543 ipso
2145 3481 2222 3543 pro·

212 3552 360 3615 fitentem
382 3548 549 3627 shnulans,
569 3570 608 3613 55
630 3549 736 3630 555515
753 3548 1029 3627 consuetudinem,
1043 3548 1073 3633 ⁸)
1091 3571 1189 3632 quam
1242 3548 1398 3626 cidamus,
1421 3549 1449 3613 si
1471 3548 1558 3631 apud
1578 3549 1687 3631 ipsum
1708 3571 1768 3613 nos
1789 3571 1830 3613 ex
1854 3549 1966 3612 animo
1980 3553 2169 3613 accusantes
2188 3553 2222 3610 et

213 3636 355 3700 habebat
382 3656 457 3700 cum
484 3634 632 3713 diacono,
660 3636 884 3717 praetexuisse
906 3635 1109 3718 deprehensa
1130 3644 1187 3700 555.
1242 3634 1444 3712 damnantes,
1467 3633 1611 3699 bonitate
1633 3636 1702 3699 eius
1725 3644 1758 3699 et
1776 3632 1998 3699 misericordia
2019 3632 2142 3697 absolvi
2163 3652 2221 3714 pe·

214 3720 267 3786 Ob
288 3720 321 3783 id
341 3721 467 3785 facinus
488 3720 669 3799 Neotarius,
693 3721 745 3784 vir
766 3722 937 3786 sanctitate
955 3729 989 3786 et
1008 3721 1189 3787 eruditione
1241 3729 1358 3786 tamus.
1403 3717 1470 3800 Qui
1498 3721 1606 3785 animo
1634 3728 1667 3784 et
1693 3742 1803 3786 coram
1829 3721 1901 3784 Deo
1933 3719 2020 3784 hanc
2047 3718 2221 3784 confessio·

214 3805 330 3882 clarus,
351 3806 438 3871 illius
456 3795 610 3871 ecelesiae
629 3807 807 3889 episcopus,
826 3807 1000 3872 confitendi
1019 3809 1119 3872 ritum
1132 3809 1189 3873 ab·
1241 3829 1318 3872 nem
1336 3806 1506 3889 amplexus
1522 3808 1630 3885 1155515,
1648 3806 1782 3872 1551551515
1799 3804 1888 3870 haud
1906 3804 2003 3869 dubie
2021 3811 2055 3868 et
2071 3804 2220 3887 linguam

213 3893 350 3975 rogavit.
395 3892 475 3969 Hic,
499 3892 553 3957 hio
575 3913 670 3957 aures
692 3895 776 3958 asini
796 3893 852 3958 isti
874 3895 1029 3978 arrigant.
1075 3891 1113 3959 81
1134 3894 1190 3958 lex
1242 3893 1284 3958 ad
1306 3893 1540 3959 confessionem
1560 3899 1725 3976 paratam,
1753 3894 1879 3975 quoties
1901 3912 1982 3973 opus
2002 3890 2109 3970 155515,
2133 3888 2221 3972 apud

212 3978 278 4043 Dei
295 3985 366 4041 erat
383 3977 575 4042 auricularis
592 3978 758 4058 confessio,
777 3981 832 4061 qui
851 4002 949 4046 ausus
967 3986 1054 4044 55555
1069 3979 1189 4045 Necta-
1241 3980 1390 4044 homines
1410 3979 1475 4044 Dei
1496 3978 1752 4044 misericordiam
1773 3978 1969 4062 praedicare.
2010 3974 2124 4058 Neque
2146 3982 2219 4039 tan·

213 4064 282 4129 rius
299 4083 372 4127 eam
389 4065 527 4145 refigere
544 4085 581 4128 ac
596 4064 803 4128 convellere?
831 4065 1022 4130 Nectarium
1040 4073 1190 4131 sanetum
1241 4071 1313 4129 tum
1339 4072 1378 4128 ut
1398 4066 1454 4129 uni
1467 4073 1511 4129 et
1532 4065 1633 4129 semel
1654 4072 1688 4129 et
1714 4065 1749 4128 in
1771 4085 1900 4142 aurem,
1929 4061 2036 4128 cordis
2057 4067 2225 4128 secretum

212 4150 278 4216 Dei
295 4149 470 4227 hominem,
492 4149 641 4213 omnibus
657 4156 806 4214 veterum
825 4151 989 4233 suffragiis
1006 4153 1188 4233 probatum,
1240 4151 1438 4228 insusurret,
1470 4151 1528 4215 sed
1555 4152 1698 4233 saepius,
1732 4150 1790 4215 sed
1816 4150 1943 4233 palam,
1972 4147 2030 4212 sed
2052 4153 2120 4212 toto
2140 4147 2219 4213 orbe

213 4235 384 4300 haerescos
418 4241 451 4298 et
482 4235 667 4300 schismatis
702 4235 920 4299 accusabunt?
977 4235 1043 4300 Sed
1076 4237 1190 4301 eodem
1241 4237 1408 4316 audiente,
1437 4238 1577 4320 ingenue
1599 4246 1631 4300 et
1653 4259 1747 4302 suam
1766 4242 2006 4319 paupertatem,
2030 4240 2063 4298 et
2084 4233 2219 4312 Domini

212 4321 336 4388 calculo
363 4319 565 4385 damnabunt
597 4320 766 4385 ecclesiam
797 4322 1188 4404 constantinopolitanam,
1240 4324 1518 4408 magnificentiam
1539 4329 1777 4388 commemoret.
1810 4321 1851 4386 In
1872 4322 1961 4386 hunc
1976 4319 2120 4398 modum,
2144 4340 2220 4387 oum

211 4408 249 4477 in
269 4428 335 4490 qua
355 4405 530 4472 confitendi
551 4427 677 4469 morem
702 4428 768 4470 non
791 4405 832 4471 ad
859 4414 987 4489 tempus
1007 4407 1103 4486 modo
1123 4407 1188 4474 dis·
1240 4409 1352 4474 David
1385 4432 1405 4473 a
1437 4409 1572 4473 Nathan
1612 4417 1819 4493 argueretur,
1858 4407 2073 4473 eonscientiae
2105 4405 2218 4470 aculeo

214 4493 403 4558 simulatum
424 4492 532 4571 husee,
555 4490 612 4556 sed
634 4490 676 4555 ad
694 4513 788 4556 suam
805 4513 907 4576 usque
924 4494 1115 4557 memoriam
1133 4495 1188 4559 ob·
1240 4503 1390 4578 punctus,
1411 4503 1582 4577 peccatum
1603 4503 1637 4560 et
1657 4517 1768 4560 coram
1788 4494 1870 4571 Deo,
1893 4501 1927 4558 et
1947 4513 2057 4558 coram
2077 4490 2218 4555 homini-

214 4579 349 4643 soluisse
376 4578 519 4642 affirmat
547 4575 761 4659 Sozomonus;
789 4579 855 4643 imo
882 4601 948 4644 non
970 4580 1188 4645 constantino·
1240 4582 1302 4647 bus
1323 4582 1509 4646 confitetur:
1532 4581 1681 4660 Peccavi,
1704 4580 1819 4663 inquit,
1837 4580 1980 4644 Domino
1998 4578 2032 4662 (2
2045 4575 2136 4642 Sam
2152 4575 2217 4675 12),
2277 4577 2280 4585 '

213 4663 399 4745 politanam,
423 4662 480 4729 sed
501 4663 674 4728 orientales
696 4685 808 4731 omnes
833 4665 984 4731 ecclesias
1002 4664 1189 4730 defectionis
1241 4668 1302 4734 hoc
1324 4674 1382 4746 est,
1405 4668 1472 4732 iarn
1493 4665 1577 4732 nihil
1599 4688 1726 4746 excuso,
1749 4687 1816 4730 non
1836 4665 2218 4748 tergiversor,quom1-
2344 4675 2351 4694 “

213 4769 287 4814 reas
304 4757 403 4833 agent
419 4771 503 4832 quae
513 4749 734 4815 inviolabilem
751 4750 794 4837 (si
812 4750 928 4817 verum
939 4749 1066 4835 dicunt)
1082 4751 1188 4836 legem
1240 4777 1303 4818 nus
1325 4761 1528 4836 peccatorem
1553 4775 1607 4817 me
1634 4773 1746 4818 omnes
1772 4751 1931 4829 iudicent,
1965 4757 1999 4815 et
2018 4749 2105 4832 quod
2132 4747 2218 4814 clam

213 4841 248 4899 ot
269 4833 465 4900 Christianis
487 4835 637 4900 omnibus
658 4837 858 4916 mandatam,
880 4837 1105 4920 neglexeumt
1240 4840 1383 4904 Domino
1404 4861 1475 4904 5555
1496 4838 1595 4917 55151,
1617 4837 1803 4904 hominibus
1825 4858 1951 4920 quoque
1971 4836 2052 4919 ipsis
2074 4835 2217 4918 patefiat

298 4921 425 4985 Verum
457 4927 494 4985 ut
520 4943 573 4986 res
601 4928 670 4986 tota
695 4922 822 5005 planior
850 4929 883 4986 et
909 4921 1090 5005 expeditior
1120 4925 1188 5003 fiat,
1241 4926 1335 4990 Duas
1352 4933 1522 5008 praeterea
1538 4925 1686 5007 privatae
1703 4923 2048 4989 confessionisformas
2058 4921 2222 5003 scriptura

212 5007 356 5088 primum
376 5006 462 5071 bona
482 5007 547 5072 fido
568 5008 762 5085 referemus,
785 5008 871 5089 quod
893 5029 995 5091 genus
1017 5010 1189 5074 confessio-
1242 5012 1370 5093 probat:
1397 5032 1498 5075 unam
1524 5030 1607 5092 quae
1633 5018 1746 5075 nostra
1773 5030 1872 5074 eausa
1892 5010 1964 5087 fiat;
1993 5029 2057 5090 quo
2078 5008 2222 5090 pertinet

338 5150 341 5151 5
1241 5096 1324 5161 illud
1354 5096 1479 5174 Iacchi,
1515 5102 1553 5159 ut
1589 5095 1673 5160 alter
1705 5096 1800 5160 altori
1831 5101 1965 5178 peccata
1996 5094 2219 5160 confiteamur.

282 5209 506 5278 l)Pontif.183.
537 5213 645 5265 Plotina
662 5218 742 5266 autor
760 5218 801 5265 est
818 5214 847 5266 in
865 5214 923 5266 vita
940 5214 1098 5286 Zephyrini.
1159 5213 1190 5284 2)
1242 5182 1354 5282 Sflntdt
1374 5182 1461 5247 enim
1482 5186 1521 5244 ut
1540 5188 1670 5281 ΨΜ
1689 5182 1897 5280 infimitfloes
1919 5180 2002 5245 alter
2020 5179 2113 5244 alteri
2129 5199 2220 5279 ‚⁰⁰m‘

213 5279 331 5348 1515555.
349 5280 412 5334 hist.
430 5280 476 5333 115.
495 5280 519 5333 9.
589 5279 710 5348 155515.
727 5282 815 5349 stupri
833 5284 864 5337 in
882 5284 989 5338 555555.
1242 5275 1455 5362 mumcantes,
1478 5265 1610 5332 55555155
1632 5273 1666 5331 55
1683 5265 1899 5333 consolatore
1920 5275 2034 5330 mutuo
2050 5285 2110 5330 nos
2126 5286 2221 5330 mve-
