4770 6030
191 333 254 395 783
762 325 1029 395 msrlruslo
1049 328 1153 393 RDL.
1177 322 1358 394 olffllsr.
1386 327 1619 390 1539-1554.
2130 328 2196 389 184

143 515 145 519 ’
189 519 289 601 pitius
311 539 382 583 6666
402 524 517 600 potest,
540 518 604 582 nisi
626 517 662 582 in
680 515 813 582 Christo
833 517 938 600 magis
959 536 1058 598 quam
1075 515 1164 579 inse
1216 512 1317 591 Item,
1346 511 1432 595 apud
1459 511 1601 577 Iesaiam
1626 512 1692 598 (33,
1715 512 1784 598 14):
1811 425 2195 596 [16161511111111110111111

189 604 269 687 ipsis
291 603 503 686 amplexetur.
548 603 589 667 ln
615 602 703 668 hunc
730 602 865 668 modum
887 600 1065 684 accipiendi
1087 606 1165 665 sunt
1215 598 1293 682 igne
1322 597 1521 662 devorante?
1550 599 1605 681 qui
1632 600 1710 664 facit
1730 600 1904 677 iustitiam,
1927 599 2071 682 loquitur
2093 607 2192 680 recta,

188 689 259 768 loci,
281 690 338 772 qui
358 687 553 754 clementem
574 709 612 754 ac
633 687 875 754 misericordem
896 688 1040 752 iustitiae
1061 686 1164 752 culta
1216 691 1274 749 etc.
1319 683 1395 749 Non
1428 684 1517 748 enim
1548 685 1809 765 firmamentum,
1842 706 1905 768 quo
1938 685 2049 750 fideles
2082 707 2194 751 coram

188 776 278 841 ribus
300 775 481 839 Dominum
502 781 671 839 testantur.
715 775 855 840 Dicebat
876 774 986 839 Moses
1004 771 1163 837 Israelitis
1215 770 1358 834 Domino
1385 770 1577 848 subsistant,
1607 769 1813 851 describitur,
1840 771 1897 836 sed
1919 770 2049 850 modus,
2072 792 2135 854 quo
2155 773 2191 837 in

189 860 301 945 (Dent.
322 863 351 938 7,
371 859 421 944 9):
443 860 606 924 Dominus
627 861 719 925 Deus
737 867 812 924 tuus
830 857 1015 924 custodiens
1031 864 1164 940 pactum
1216 877 1313 920 suum
1334 856 1534 921 consortium
1556 877 1611 921 eos
1633 857 1905 922 clementissimus
1929 864 2023 938 pater
2044 856 2193 922 introdu-

188 967 226 1013 ac
253 945 510 1011 misericordiam
537 945 748 1030 diligentibus
769 966 819 1024 66,
854 953 887 1009 61
909 942 1163 1010 custodientibus
1215 942 1268 1019 cit,
1291 941 1380 1005 etin
1402 942 1472 1024 ipso
1491 948 1604 1005 tuetur
1626 950 1659 1008 et
1680 944 1859 1008 confirmat.
1905 940 1993 1022 Quia
2011 944 2098 1007 enim
2116 965 2192 1025 pec·

187 1038 362 1115 praecepta
390 1053 463 1109 sua,
492 1032 528 1094 in
549 1031 639 1096 mille
661 1032 905 1115 generationem
929 1051 1012 1112 quae
1033 1037 1163 1094 senten·
1216 1034 1326 1092 catum
1348 1026 1535 1105 detestatur,
1558 1029 1716 1092 iustitiam
1739 1035 1842 1109 amat;
1870 1050 1950 1110 quos
1972 1029 2034 1093 sibi
2056 1030 2193 1094 coniun-

187 1119 235 1182 tia
261 1118 297 1181 in
325 1118 527 1200 frequentem
553 1117 726 1181 formulam
748 1122 906 1200 usurpata
932 1122 1044 1198 postea
1066 1137 1086 1179 a
1106 1136 1163 1196 po-
1216 1113 1277 1196 git,
1308 1134 1362 1178 eos
1390 1113 1507 1194 spiritu
1534 1135 1592 1178 suo
1614 1116 1779 1197 purificat,
1804 1123 1842 1178 61
1861 1115 1922 1180 sibi
1945 1135 2110 1198 regnoque
2131 1137 2192 1180 suo

187 1204 265 1287 pulo
298 1203 367 1268 fuit.
420 1201 477 1267 Sic
505 1199 637 1267 Solomo
664 1202 696 1288 (l
720 1203 802 1286 Bag.
823 1208 859 1281 8,
880 1203 935 1287 23)
968 1202 1004 1264 in
1037 1200 1164 1265 solenni
1215 1198 1331 1263 reddat
1352 1198 1540 1263 conformes.
1585 1199 1675 1283 Ergo
1704 1201 1731 1265 si
1757 1201 1864 1282 prima
1885 1221 1983 1265 causa
2005 1207 2190 1282 quaeratur,

187 1289 385 1372 precatione:
409 1289 571 1353 Dominus
592 1289 685 1354 Deus
707 1289 820 1367 lsrael,
843 1289 899 1371 qui
920 1285 1064 1353 custodis
1087 1307 1163 1368 pac-
1215 1284 1302 1348 unde
1324 1287 1458 1367 patefiat
1480 1285 1601 1350 sanctis
1624 1307 1772 1351 accessus
1794 1287 1829 1349 in
1849 1287 1913 1351 Dei
1935 1307 2083 1369 regnum,
2103 1285 2192 1351 unde

188 1382 261 1439 tum
283 1380 317 1439 et
338 1373 593 1439 misericordiam
615 1375 718 1439 servis
740 1375 820 1452 tuis,
842 1375 897 1457 qui
919 1372 1089 1438 ambulant
1110 1393 1162 1436 eo·
1215 1369 1359 1434 habeant
1375 1375 1412 1434 ut
1430 1371 1610 1435 consistant
1627 1372 1663 1434 in
1682 1394 1719 1436 eo
1738 1392 1775 1437 66
1792 1380 2017 1455 permaneant,
2040 1379 2192 1455 prompta

187 1482 260 1525 ram
281 1466 328 1538 16,
351 1460 386 1524 16
407 1465 474 1523 1616
495 1457 592 1525 corde
620 1481 686 1525 suo.
731 1459 858 1529 Eadem
879 1460 980 1526 verba
1002 1465 1035 1523 61
1055 1479 1075 1522 6
1095 1457 1163 1522 Ne-
1214 1463 1265 1520 est
1292 1457 1474 1538 responsio:
1503 1456 1580 1538 quia
1607 1457 1769 1522 Dominus
1798 1478 1852 1522 eos
1880 1479 1940 1523 sua
1970 1457 2193 1522 misericordia

187 1544 298 1610 hemia
320 1546 364 1629 (1,
385 1545 419 1630 5)
447 1550 649 1628 repetuntur.
695 1541 866 1628 Siquidem
891 1556 929 1608 ut
956 1545 991 1607 in
1013 1544 1162 1608 omnibus
1215 1549 1248 1605 et
1277 1541 1444 1624 adoptavit
1472 1542 1587 1620 semel,
1617 1549 1651 1605 et
1675 1552 1831 1626 perpetuo
1856 1549 1974 1607 tuetur.
2021 1541 2060 1607 Si
2082 1550 2193 1607 autom

187 1630 428 1696 misericordiae
456 1651 533 1696 suae
559 1632 663 1714 pactis
684 1632 905 1714 integritatem
928 1651 966 1695 ac
988 1629 1162 1695 sanctimo-
1215 1627 1255 1693 de
1284 1628 1379 1692 modo
1406 1629 1551 1711 quaestio
1573 1634 1637 1707 est,
1666 1636 1737 1692 tum
1763 1627 1804 1692 ad
1832 1629 2113 1712 regenerationem
2142 1636 2193 1694 est

187 1718 279 1781 niam
300 1717 387 1782 11166
408 1717 552 1782 1161661111
579 1738 599 1781 6
625 1717 728 1781 661116
755 1716 821 1781 6616
842 1717 1006 1780 Dominus
1028 1715 1162 1797 stipula·
1215 1712 1477 1779 descendendum
1505 1715 1638 1796 eiusque
1660 1714 1800 1793 fructus,
1831 1716 1887 1797 qui
1908 1714 2041 1779 Psalmo
2061 1714 2116 1779 illo
2139 1736 2192 1778 re·

187 1808 251 1881 tur,
275 1824 317 1866 ne
338 1802 478 1867 ludibrio
501 1803 544 1867 sit
565 1823 625 1867 sua
646 1803 788 1880 bonitas,
810 1824 893 1867 neve
916 1803 987 1885 quis
1009 1801 1099 1865 inani
1122 1801 1162 1865 ob
1216 1806 1398 1864 censentur.

189 1909 263 1953 eam
295 1887 512 1953 exsultatione
534 1887 699 1972 turgidus,
730 1888 900 1953 benedicat
927 1887 1056 1951 animae
1075 1908 1163 1966 suae,
1303 1890 1352 1948 67.
1398 1885 1445 1948 At
1472 1905 1550 1948 vero
1578 1885 1652 1967 plus
1679 1885 1776 1970 longe
1813 1885 2014 1951 difficultatis
2043 1906 2112 1950 esse
2140 1886 2201 1962 11-ι

188 1973 360 2038 ambulans
391 1974 523 2038 interim
555 1975 591 2037 in
621 1975 782 2056 pravitate
814 1973 919 2039 cordis
951 1974 1015 2037 sui:
1050 1973 1096 2036 ita
1128 1972 1164 2036 in
1216 1969 1312 2034 detur
1332 1972 1368 2034 in
1390 1970 1442 2035 his
1464 1970 1551 2049 locis,
1574 1972 1630 2052 qui
1651 1979 1684 2035 et
1706 1971 1791 2036 bona
1812 1993 1911 2054 opera
1931 1971 2073 2036 iustitiae
2095 1971 2191 2036 titulo

187 2058 325 2124 foederis
357 2060 618 2124 communionem
650 2058 821 2137 admissos,
855 2058 927 2124 vult
959 2058 1021 2124 hac
1048 2058 1103 2124 via
1127 2058 1163 2121 in
1215 2057 1412 2139 insigniunt,
1446 2062 1479 2120 61
1516 2056 1684 2122 hominem
1719 2057 1784 2122 illis
1821 2064 1973 2123 6666111111
2011 2056 2190 2122 iustificari.

188 2145 293 2210 officio
315 2145 488 2209 continere.
521 2144 633 2209 Nihilo
655 2153 764 2209 tamen
781 2145 891 2210 minus
911 2144 1023 2209 foedus
1044 2145 1162 2226 ipsum,
1215 2142 1355 2206 Plurimi
1384 2149 1460 2206 sunt
1490 2143 1608 2224 prioris
1634 2144 1777 2226 generis,
1804 2144 1861 2208 ubi
1883 2142 2113 2207 mandatorum
2134 2144 2192 2208 ob·

150 2289 159 2306 ,
189 2237 223 2296 61
244 2231 423 2313 1161611661
444 2230 539 2294 1111116
561 2230 685 2308 feritur,
708 2237 741 2294 et
759 2237 916 2313 perpetuo
938 2230 1003 2294 tale
1024 2235 1143 2293 manet
1216 2229 1415 2293 servationes
1456 2228 1701 2294 iustificationes
1734 2236 1907 2308 vocantur,
1949 2249 2007 2293 666
2037 2229 2189 2294 iustitiae.

277 2319 326 2378 66.
384 2315 492 2398 Atque
524 2315 577 2381 hic
609 2316 713 2380 obiter
739 2322 853 2380 notare
881 2316 1052 2399 profuerit,
1085 2313 1163 2397 quid
1215 2313 1362 2378 Alterius
1406 2314 1513 2378 enoris
1541 2315 1728 2397 exemplum
1757 2321 1821 2393 est,
1850 2314 1935 2397 quod
1960 2313 2048 2397 apud
2074 2314 2192 2380 Mosen

189 2401 312 2467 distent
332 2402 414 2465 istae
435 2400 586 2483 loquendi
608 2401 730 2465 formae
752 2424 772 2466 6
796 2401 956 2485 legalibus
977 2400 1162 2482 promissio-
1214 2398 1356 2463 habetur
1383 2335 1497 2484 {Deut
1518 2402 1546 2475 6,
1567 2398 1637 2484 25):
1671 2401 1734 2466 erit
1755 2401 1836 2467 haec
1855 2401 1980 2466 iustitia
2001 2407 2128 2479 nostra,
2163 2401 2191 2466 61

188 2488 296 2552 nibus.
340 2485 480 2571 Legales
500 2487 730 2569 promissiones
747 2486 883 2570 appello,
906 2507 973 2550 non
991 2507 1073 2568 quae
1091 2485 1163 2550 ubi·
1215 2484 1462 2549 custodierimus
1483 2493 1657 2568 praecepta
1678 2487 1742 2551 ista
1766 2488 1884 2552 omnia.
1929 2488 1979 2552 Ao
2002 2487 2030 2550 si
2052 2488 2190 2569 promis-

173 2591 252 2656 ¹que
275 2593 406 2655 sparsae
428 2578 506 2636 sunt
526 2573 562 2635 in
584 2572 677 2637 libris
699 2572 849 2637 mosaicis
872 2570 1015 2656 (quando
1037 2572 1073 2635 in
1097 2570 1162 2635 illis
1215 2571 1341 2635 sionem
1367 2591 1438 2635 esse
1464 2569 1603 2654 legalem
1632 2574 1790 2656 excipias,
1819 2593 1901 2654 quae
1931 2571 2059 2636 adnexa
2080 2570 2189 2648 condi·

189 2679 316 2742 quoque
334 2657 540 2741 evangelicae
557 2658 680 2722 multas
698 2658 886 2741 occurrunt)
909 2657 968 2735 sed
988 2677 1071 2738 quae
1087 2678 1162 2738 pro-
1215 2656 1297 2720 tioni
1324 2655 1514 2738 impossibili
1543 2657 1628 2721 nihil
1649 2658 1778 2740 probet,
1808 2668 1887 2724 sunt
1915 2657 1979 2722 alia
2006 2657 2046 2722 de
2072 2657 2189 2738 quibus

187 2745 259 2828 prie
280 2743 322 2808 ad
342 2743 425 2827 legis
447 2744 667 2809 ministerium
688 2744 861 2825 pertinent
900 2741 1071 2808 Eiusmodi
1089 2763 1163 2824 pro·
1215 2740 1302 2805 idem
1324 2740 1519 2823 respondere
1540 2746 1746 2826 66111166616;
1773 2744 1868 2826 quale
1896 2751 1946 2808 661
1972 2742 2053 2807 illud
2074 2741 2189 2827 (Dent

187 2831 367 2908 missiones,
388 2850 579 2912 quocunque
595 2830 727 2894 nomine
746 2850 863 2894 vocare
880 2828 988 2907 libeat,
1009 2828 1069 2893 sub
1086 2848 1163 2893 con·
1217 2827 1361 2912 24‚13):
1392 2827 1516 2910 eritque
1538 2829 1597 2892 tibi
1616 2828 1652 2892 id
1679 2851 1738 2913 pro
1760 2830 1885 2895 iustitia
1906 2851 2016 2895 coram
2037 2829 2190 2908 Domino,

69 2922 78 2943 ⁴
189 2915 320 2994 ditione,
340 2917 369 2980 si
388 2914 502 2980 feceris
520 2913 605 2997 quod
622 2915 681 2979 tibi
699 2914 908 2998 praecipitur,
926 2919 1075 2997 paratam
1093 2934 1164 2978 6666
1216 2911 1352 2978 reddere
1372 2914 1516 2996 'pauperi
1543 2912 1739 2996 depositum,
1769 2924 1828 2981 etc.
1880 2916 1965 2980 Item
1998 2914 2083 2998 quod
2116 2936 2192 2997 pro-

187 3001 485 3085 remunerationem
507 2999 710 3065 denuntiant.
756 3001 802 3065 At
823 3021 924 3083 quum
946 2998 1072 3078 dicitur,
1094 3000 1163 3063 Do·
1215 2998 1316 3081 pheta
1348 2997 1428 3062 dicit
1459 2998 1561 3084 (Psal.
1590 3004 1659 3078 106,
1687 2999 1742 3085 30)
1775 3002 1894 3080 zelum,
1927 3002 1963 3064 in
1995 3000 2192 3066 vindicando

188 3087 318 3151 minum
339 3084 500 3151 custodire
521 3092 653 3167 pactum
673 3085 913 3151 misericordiae
930 3086 970 3150 iis
988 3086 1044 3168 qui
1062 3106 1096 3149 se
1115 3084 1164 3148 di·
1216 3084 1348 3150 israelis
1369 3085 1502 3167 probro,
1530 3085 1727 3167 imputatum
1753 3087 1852 3153 fuisse
1874 3087 2018 3152 Phineos
2040 3088 2076 3150 in
2095 3087 2190 3152 iusti-

189 3172 312 3255 ligunt,
339 3171 445 3254 magis
474 3170 715 3236 demonstratur
742 3172 854 3255 quales
882 3177 960 3237 sunt
986 3172 1073 3237 servi
1095 3172 1163 3235 Do·
1216 3171 1305 3235 tiam.
1349 3171 1464 3252 Itaque
1485 3170 1657 3236 Pharisaei
1678 3174 1782 3238 nostri
1802 3174 1958 3254 temporis
1979 3172 2123 3254 amplam
2140 3173 2191 3237 in·

190 3257 288 3335 mini,
316 3256 372 3339 qui
400 3255 483 3321 bona
509 3256 574 3321 fide
602 3258 672 3322 cius
693 3257 805 3323 foedus
827 3259 1041 3340 susceperint,
1065 3277 1164 3340 quam
1216 3256 1361 3321 sultandi
1378 3257 1550 3321 materiam
1567 3257 1622 3322 hic
1640 3279 1675 3323 66
1691 3258 1812 3324 habere
1829 3265 1954 3341 putant
1984 3258 2072 3322 Nam
2089 3280 2192 3340 quum

190 3343 394 3425 exprimatur
426 3363 539 3420 causa,
584 3365 643 3408 661
679 3343 744 3408 illis
771 3343 934 3408 Dominus
971 3343 1162 3407 benefaciat.
1217 3340 1371 3421 dicamus,
1394 3350 1502 3408 erecta
1522 3342 1599 3407 fidei
1619 3343 1758 3422 16611116,
1781 3344 1894 3409 cedere
1916 3365 2051 3426 operum
2072 3343 2190 3409 iustifi-

190 3429 283 3494 Haec
304 3449 399 3510 porro
418 3427 702 3493 demonstrationis
720 3429 818 3493 ratio:
840 3427 1113 3512 quemadmodum
1129 3429 1164 3491 in
1217 3429 1392 3506 cationem,
1422 3427 1535 3492 eodcm
1563 3429 1635 3493 iure
1657 3435 1941 3513 argumentantur:
1971 3431 2000 3495 si
2021 3451 2062 3494 ex
2085 3432 2190 3512 operi·

190 3513 280 3580 huno
300 3515 402 3578 finem
423 3519 575 3578 aeternae
596 3514 684 3579 11166
711 3515 817 3598 gratia
837 3536 897 3580 nos
918 3514 1075 3598 dignatur
1096 3514 1164 3578 Do·
1216 3512 1278 3577 bus
1305 3514 1443 3592 iustitia,
1473 3534 1551 3597 ergo
1573 3514 1705 3579 falsum-
1719 3523 1783 3595 est,
1809 3538 1869 3580 1166
1896 3515 1966 3581 6616
1986 3515 2051 3580 fide
2072 3516 2190 3580 iustifi-

189 3600 314 3676 minus,
337 3607 375 3663 ut
396 3599 565 3683 diligatur,
593 3600 761 3679 timeatur,
789 3600 915 3665 colatur
936 3622 956 3665 a
977 3601 1085 3679 nobis;
1118 3600 1165 3664 ita
1217 3600 1294 3663 cari.
1340 3598 1436 3679 Quod
1463 3599 1546 3683 16116
1573 3601 1815 3666 observationes
1843 3610 2076 3684 nuncupantur
2097 3602 2191 3666 iusti-

138 3708 143 3714 ’
190 3705 400 3768 quaecunque
420 3685 662 3751 misericordiae
683 3685 719 3750 in
747 3686 909 3769 scriptura
935 3686 1164 3769 promissiones
1217 3686 1298 3763 tiae,
1331 3684 1415 3748 nihil
1441 3684 1576 3749 mirum:
1606 3692 1684 3749 sunt
1711 3688 1799 3752 enim
1824 3709 1947 3753 revera.
1992 3687 2105 3769 Neque
2127 3687 2191 3753 hoc

190 3769 369 3847 habentur,
402 3772 517 3835 merito
539 3771 581 3837 ad
602 3771 691 3836 hunc
711 3771 898 3856 (1111166161
919 3773 1033 3850 finem,
1054 3779 1092 3836 ut
1113 3793 1164 3836 re·
1217 3769 1416 3854 denegamus
1438 3771 1503 3854 legi
1525 3772 1604 3850 Dei,
1632 3773 1711 3853 quin
1732 3774 1910 3856 perfectam
1931 3773 2090 3838 iustitiam
2113 3793 2190 3836 oon-

189 3875 363 3920 vereamur
390 3861 423 3919 et
444 3855 588 3921 colamus
614 3858 845 3923 beneficiorum
874 3864 1028 3922 autorem.
1074 3856 1165 3939 Quo·
1217 3856 1329 3921 tineat.
1360 3857 2191 3940 Τ61116161661111,(1616116111616666111666111616111

190 3941 252 4004 ties
274 3960 352 4024 ergo
381 3941 531 4007 audimus
551 3944 732 4008 Dominum
759 3944 949 4008 benefacere
976 3943 1018 4007 iis
1040 3943 1096 4026 qui
1117 3943 1164 4008 le·
1217 3963 1300 4024 quae
1322 3943 1487 4025 praecipit,
1510 3944 1609 4006 etiam
1630 3944 1728 4026 plena
1748 3946 1818 4010 61116
1839 3943 2022 4010 obedientia
2044 3942 2190 4007 defuncti

190 4047 267 4110 gem
289 4047 383 4090 suam
402 4027 584 4108 observant,
606 4029 852 4093 meminerimus
868 4029 934 4094 Dei
953 4029 1037 4094 filios
1059 4030 1100 4094 ab
1117 4029 1164 4093 of·
1217 4028 1304 4093 66111
1325 4028 1456 4093 inutiles
1477 4050 1602 4107 sumus;
1627 4031 1707 4112 ¹quia
1728 4039 1841 4095 tamen
1860 4052 1933 4095 eam
1952 4030 2076 4094 honore
2095 4029 2190 4093 iusti-

190 4113 264 4178 fioio
287 4111 465 4194 designari,
494 4113 579 4196 quod
602 4116 638 4178 in
656 4115 721 4179 illis
742 4122 937 4197 perpetuum
959 4136 1029 4180 esse
1051 4114 1162 4179 debet:
1216 4114 1282 4178 tiae
1311 4114 1473 4179 Dominus
1505 4114 1659 4198 dignatus
1680 4122 1744 4194 est,
1778 4138 1844 4181 non
1871 4115 2081 4181 detrahemus
2103 4114 2189 4198 quod

190 4196 253 4264 hac
274 4193 400 4263 ratione
420 4220 440 4262 a
460 4200 603 4264 Domino
625 4222 683 4265 nos
704 4222 774 4265 esse
796 4200 973 4283 adoptatos,
997 4207 1034 4265 61
1056 4202 1164 4283 ipsum
1216 4199 1272 4263 ille
1295 4198 1391 4263 dedit.
1435 4200 1594 4264 Patemur
1616 4223 1694 4286 ergo
1719 4202 1874 4281 libenter,
1903 4201 2084 4267 absolutam
2106 4200 2189 4283 legis

190 4285 295 4366 patris
325 4284 396 4349 loco
430 4305 634 4350 veneremur.
689 4286 740 4350 Ne
773 4308 850 4370 ergo
889 4287 950 4369 ipsi
982 4286 1163 4369 adoptionis
1216 4284 1434 4350 obedientiam
1464 4307 1534 4350 esse
1560 4287 1733 4366 iustitiam;
1761 4287 1909 4353 mandati
1935 4288 2189 4368 uniuscuiusque

190 4371 262 4434 iure
295 4392 354 4434 nos
387 4369 593 4449 abdicemus,
628 4370 692 4435 huc
719 4392 847 4454 semper
869 4372 1071 4449 enitendum,
1101 4393 1164 4454 quo
1217 4371 1491 4450 observationem,
1525 4393 1595 4436 6666
1622 4374 1766 4438 iustitiae
1793 4380 1921 4456 partem
1928 4398 1936 4453 ;
1966 4373 2126 4457 siquidem
2152 4372 2189 4436 in

191 4455 297 4520 tendit
318 4462 430 4521 nostra
451 4457 586 4520 vocatio.
631 4455 672 4519 Id
699 4464 811 4521 tamen
832 4479 963 4522 rursum
984 4465 1162 4536 teneamus,
1216 4456 1349 4539 reliquis
1371 4457 1471 4521 etiam
1491 4458 1639 4540 partibus
1661 4467 1730 4525 tota
1747 4460 1891 4525 iustitiae
1909 4481 2038 4525 summa
2055 4465 2188 4524 constet.

190 4562 259 4605 non
286 4541 429 4624 pendere
463 4542 503 4605 ab
531 4542 681 4625 operibus
713 4542 860 4607 fidehum
892 4543 1164 4625 complementum
1217 4541 1285 4607 Sed
1312 4550 1441 4607 exstare
1467 4564 1606 4626 usquam
1631 4545 1731 4610 talem
1760 4545 1906 4611 iustitiae
1927 4547 2067 4610 formam
2089 4565 2189 4628 nega·

127 4653 129 4661 ·
191 4626 431 4692 misericordiae
463 4628 611 4707 Domini;
645 4627 703 4693 sed
732 4629 913 4693 Dominum
944 4628 1017 4693 ideo
1049 4628 1173 4698 salutis.
1216 4651 1299 4692 mus.
1333 4630 1442 4710 Atque
1462 4628 1535 4693 ideo
1557 4628 1639 4713 legis
1661 4632 1820 4697 iustitiam
1840 4631 1993 4710 tollimus,
2017 4652 2083 4694 1166
2105 4629 2191 4713 quod

190 4713 438 4793 promissionem
458 4713 636 4796 adimplere
657 4714 693 4777 in
714 4714 764 4792 iis,
787 4716 844 4797 qui
863 4716 951 4780 vitae
972 4714 1164 4780 rectitudine
1216 4735 1341 4780 manca
1366 4736 1425 4795 per
1458 4736 1493 4780 66
1521 4716 1565 4779 611
1592 4737 1629 4780 ac
1656 4717 1785 4796 mutila,
1816 4717 1872 4783 sod
1900 4716 1984 4800 quod
2012 4716 2052 4779 ob
2081 4717 2190 4779 carnis

191 4819 270 4862 suae
292 4799 452 4863 vocationi
472 4800 676 4882 respondent,
700 4801 776 4882 quia
796 4802 831 4865 in
851 4801 917 4866 illis
935 4822 1092 4884 germana
1109 4800 1165 4867 de-
1216 4808 1348 4864 nostrae
1367 4799 1567 4866 debilitatem
1588 4823 1751 4885 nusquam
1772 4810 1965 4885 compareat.
1999 4800 2100 4882 Atqui
2123 4820 2190 4862 non

191 4903 283 4947 mum
305 4883 447 4948 filiorum
467 4886 610 4970 insignia
631 4887 790 4969 agnoscit,
813 4887 868 4968 qui
890 4887 1008 4971 spiritu
1030 4888 1100 4953 eius
1123 4887 1165 4952 611
1216 4886 1312 4951 modo
1339 4893 1512 4970 praecepta
1533 4887 1668 4952 Domini
1697 4880 1897 4973 simpliciter
1913 4887 2074 4967 scriptura
2094 4885 2190 4947 iusti-

191 4968 314 5033 bonum
334 4976 501 5053 161116161.
533 4971 609 5036 Η66
631 4973 791 5035 referatur
808 4971 893 5052 quod
915 4980 965 5037 cst
981 4973 1016 5036 in
1032 4972 1166 5038 Psalmo
1217 4973 1278 5037 tias
1307 4979 1415 5051 vocat,
1445 4971 1502 5038 sed
1529 4974 1681 5054 operibus
1709 4995 1833 5058 quoque
1861 4979 2048 5037 sanctorum
2076 4970 2191 5033 tribuit

193 5052 261 5137 (15,
283 5053 315 5139 1)
338 5054 378 5118 de
399 5055 525 5121 civibus
547 5056 713 5122 ecclesiae:
734 5057 890 5136 Domine,
913 5059 985 5141 quis
1006 5057 1166 5124 habitabit
1217 5057 1279 5123 hoo
1300 5079 1428 5122 nomen.
1468 5057 1515 5122 Ut
1535 5079 1637 5140 quum
1657 5060 1851 5125 Zachariam
1872 5065 1906 5122 61
1926 5057 1996 5122 6166
2018 5057 2191 5140 6611161661

192 5137 230 5201 16
251 5140 460 5205 tabernaculo
479 5149 550 5222 tuo,
577 5143 700 5224 etquis
720 5143 900 5225 requiescet
919 5144 955 5206 in
977 5149 1087 5209 monte
1109 5151 1166 5209 tuo
1217 5144 1316 5209 refert
1350 5143 1534 5208 ambulasse
1565 5145 1601 5208 in
1631 5147 1765 5211 iustitiis
1797 5144 1934 5209 Domini
1982 5143 2063 5208 Luc.
2091 5147 2117 5221 l,
2144 5141 2188 5224 6).

194 5224 327 5290 sancto?
363 5227 518 5292 innocens
554 5227 705 5292 manibus
736 5236 769 5293 61
800 5227 922 5293 mundo
955 5228 1066 5310 corde,
1104 5237 1165 5298 etc
1217 5225 1307 5295 Sane
1329 5229 1408 5294 dum
1429 5229 1477 5294 ita
1497 5229 1649 5312 loquitur,
1671 5251 1770 5316 opera
1790 5230 1896 5316 magis
1912 5251 1955 5296 ex
1985 5230 2055 5315 egis
2071 5236 2190 5294 natura
