<?xml version="1.0" encoding="UTF-8"?>
<!DOCTYPE html PUBLIC "-//W3C//DTD XHTML 1.0 Transitional//EN"
    "http://www.w3.org/TR/xhtml1/DTD/xhtml1-transitional.dtd">
<html xmlns="http://www.w3.org/1999/xhtml" xml:lang="en" lang="en">
 <head>
  <title>
</title>
<meta http-equiv="Content-Type" content="text/html;charset=utf-8" />
  <meta name='ocr-system' content='tesseract 3.04.00' />
  <meta name='ocr-capabilities' content='ocr_page ocr_carea ocr_par ocr_line ocrx_word'/>
</head>
<body>
  <div class='ocr_page' id='page_1' title='image "./ioanniscalvinio05calvgoog_0307.png"; bbox 0 0 4770 6030; ppageno 0'>
   <div class='ocr_carea' id='block_1_1' title="bbox 223 277 2225 403">
    <p class='ocr_par' dir='ltr' id='par_1_1' title="bbox 223 277 2225 403">
     <span class='ocr_line' id='line_1_1' title="bbox 223 277 2225 403; baseline -0.001 -1"><span class='ocrx_word' id='word_1_1' title='bbox 223 341 286 403; x_wconf 77' lang='lat'><strong>4⁷5</strong></span> <span class='ocrx_word' id='word_1_2' title='bbox 625 277 629 298; x_wconf 39' lang='grc' dir='ltr'>Ι</span> <span class='ocrx_word' id='word_1_3' title='bbox 684 379 688 394; x_wconf 87' lang='grc'>.</span> <span class='ocrx_word' id='word_1_4' title='bbox 794 332 1066 402; x_wconf 70' lang='lat' dir='ltr'><strong>mommerlo</strong></span> <span class='ocrx_word' id='word_1_5' title='bbox 1086 295 1193 401; x_wconf 74' lang='lat' dir='ltr'><strong>Rau.</strong></span> <span class='ocrx_word' id='word_1_6' title='bbox 1216 330 1397 401; x_wconf 79' lang='lat' dir='ltr'><strong>offlusu.</strong></span> <span class='ocrx_word' id='word_1_7' title='bbox 1423 336 1655 401; x_wconf 78' lang='lat' dir='ltr'><strong>reas-1554.</strong></span> <span class='ocrx_word' id='word_1_8' title='bbox 2161 340 2225 400; x_wconf 78' lang='lat' dir='ltr'><strong>mc</strong></span> 
     </span>
    </p>
   </div>
   <div class='ocr_carea' id='block_1_2' title="bbox 126 435 2225 3090">
    <p class='ocr_par' dir='ltr' id='par_1_2' title="bbox 126 435 2225 2832">
     <span class='ocr_line' id='line_1_2' title="bbox 1858 447 2224 519; baseline 0.005 -16"><span class='ocrx_word' id='word_1_9' title='bbox 1858 447 2224 519; x_wconf 75' lang='lat' dir='ltr'><strong>n11031311s;cr1e.</strong></span> 
     </span>
     <span class='ocr_line' id='line_1_3' title="bbox 222 435 2225 608; baseline 0 -18"><span class='ocrx_word' id='word_1_10' title='bbox 222 526 381 590; x_wconf 76' lang='lat' dir='ltr'><strong>mdeonem</strong></span> <span class='ocrx_word' id='word_1_11' title='bbox 417 525 559 608; x_wconf 86' lang='lat' dir='ltr'><strong>appellat</strong></span> <span class='ocrx_word' id='word_1_12' title='bbox 597 546 709 589; x_wconf 89' lang='lat' dir='ltr'><strong>rerum</strong></span> <span class='ocrx_word' id='word_1_13' title='bbox 741 545 808 588; x_wconf 91' lang='lat' dir='ltr'><strong>non</strong></span> <span class='ocrx_word' id='word_1_14' title='bbox 847 524 1070 606; x_wconf 85' lang='lat' dir='ltr'><strong>praesentium</strong></span> <span class='ocrx_word' id='word_1_15' title='bbox 1105 521 1197 606; x_wconf 92' lang='lat' dir='ltr'><strong>(nam</strong></span> <span class='ocrx_word' id='word_1_16' title='bbox 1249 522 1308 584; x_wconf 87' lang='lat' dir='ltr'><strong>rite</strong></span> <span class='ocrx_word' id='word_1_17' title='bbox 1329 519 1460 585; x_wconf 86' lang='lat' dir='ltr'><strong>salutem</strong></span> <span class='ocrx_word' id='word_1_18' title='bbox 1480 528 1617 587; x_wconf 74' lang='lat' dir='ltr'><strong>insuam</strong></span> <span class='ocrx_word' id='word_1_19' title='bbox 1638 525 1673 587; x_wconf 91' lang='lat' dir='ltr'><strong>in</strong></span> <span class='ocrx_word' id='word_1_20' title='bbox 1694 545 1748 606; x_wconf 85' lang='lat' dir='ltr'><strong>spe</strong></span> <span class='ocrx_word' id='word_1_21' title='bbox 1768 435 1897 589; x_wconf 78' lang='lat' dir='ltr'><strong>mllolat.</strong></span> <span class='ocrx_word' id='word_1_22' title='bbox 1927 525 2014 589; x_wconf 89' lang='lat' dir='ltr'><strong>Nam</strong></span> <span class='ocrx_word' id='word_1_23' title='bbox 2035 526 2225 591; x_wconf 86' lang='lat' dir='ltr'><strong>cadumin</strong></span> 
     </span>
     <span class='ocr_line' id='line_1_4' title="bbox 222 605 2224 695; baseline 0 -19"><span class='ocrx_word' id='word_1_24' title='bbox 222 633 338 695; x_wconf 81' lang='lat' dir='ltr'><strong>graece</strong></span> <span class='ocrx_word' id='word_1_25' title='bbox 369 617 420 675; x_wconf 87' lang='lat' dir='ltr'><strong>est</strong></span> <span class='ocrx_word' id='word_1_26' title='bbox 449 608 582 694; x_wconf 71' lang='grc' dir='ltr'><strong>ἔλεγχος)</strong></span> <span class='ocrx_word' id='word_1_27' title='bbox 609 610 745 693; x_wconf 76' lang='lat' dir='ltr'><strong>perinde</strong></span> <span class='ocrx_word' id='word_1_28' title='bbox 773 610 930 691; x_wconf 86' lang='lat' dir='ltr'><strong>loquitur,</strong></span> <span class='ocrx_word' id='word_1_29' title='bbox 960 630 997 674; x_wconf 90' lang='lat' dir='ltr'><strong>ac</strong></span> <span class='ocrx_word' id='word_1_30' title='bbox 1026 609 1055 672; x_wconf 88' lang='lat' dir='ltr'><strong>si</strong></span> <span class='ocrx_word' id='word_1_31' title='bbox 1077 607 1199 674; x_wconf 91' lang='lat' dir='ltr'><strong>diceret</strong></span> <span class='ocrx_word' id='word_1_32' title='bbox 1248 607 1368 670; x_wconf 58' lang='lat' dir='ltr'><strong>mentio</strong></span> <span class='ocrx_word' id='word_1_33' title='bbox 1395 605 1569 671; x_wconf 75' lang='lat' dir='ltr'><strong>Decumum</strong></span> <span class='ocrx_word' id='word_1_34' title='bbox 1588 615 1752 690; x_wconf 75' lang='lat' dir='ltr'><strong>exspectat,</strong></span> <span class='ocrx_word' id='word_1_35' title='bbox 1780 610 1873 690; x_wconf 77' lang='lat' dir='ltr'><strong>fidem</strong></span> <span class='ocrx_word' id='word_1_36' title='bbox 1898 613 2040 689; x_wconf 82' lang='lat' dir='ltr'><strong>continet,</strong></span> <span class='ocrx_word' id='word_1_37' title='bbox 2067 631 2105 676; x_wconf 86' lang='lat' dir='ltr'><strong>ne</strong></span> <span class='ocrx_word' id='word_1_38' title='bbox 2125 613 2224 677; x_wconf 87' lang='lat' dir='ltr'><strong>nimis</strong></span> 
     </span>
     <span class='ocr_line' id='line_1_5' title="bbox 222 691 2224 779; baseline 0 -18"><span class='ocrx_word' id='word_1_39' title='bbox 222 696 420 762; x_wconf 83' lang='lat' dir='ltr'><strong>evidentiam</strong></span> <span class='ocrx_word' id='word_1_40' title='bbox 447 718 514 761; x_wconf 93' lang='lat' dir='ltr'><strong>non</strong></span> <span class='ocrx_word' id='word_1_41' title='bbox 548 697 776 779; x_wconf 89' lang='lat' dir='ltr'><strong>apparentium</strong></span> <span class='ocrx_word' id='word_1_42' title='bbox 805 716 928 773; x_wconf 88' lang='lat' dir='ltr'><strong>rerum,</strong></span> <span class='ocrx_word' id='word_1_43' title='bbox 956 694 1116 759; x_wconf 78' lang='lat' dir='ltr'><strong>visionem</strong></span> <span class='ocrx_word' id='word_1_44' title='bbox 1143 716 1197 759; x_wconf 91' lang='lat' dir='ltr'><strong>ea-</strong></span> <span class='ocrx_word' id='word_1_45' title='bbox 1246 691 1421 773; x_wconf 67' lang='lat' dir='ltr'><strong>festinando</strong></span> <span class='ocrx_word' id='word_1_46' title='bbox 1432 693 1632 774; x_wconf 55' lang='lat' dir='ltr'><strong>praecipitem</strong></span> <span class='ocrx_word' id='word_1_47' title='bbox 1648 697 1814 776; x_wconf 72' lang='lat' dir='ltr'><strong>mnfinnct,</strong></span> <span class='ocrx_word' id='word_1_48' title='bbox 1832 716 1870 760; x_wconf 91' lang='lat' dir='ltr'><strong>ne</strong></span> <span class='ocrx_word' id='word_1_49' title='bbox 1886 696 2004 760; x_wconf 77' lang='lat' dir='ltr'><strong>cmdlet</strong></span> <span class='ocrx_word' id='word_1_50' title='bbox 2020 697 2056 760; x_wconf 90' lang='lat' dir='ltr'><strong>in</strong></span> <span class='ocrx_word' id='word_1_51' title='bbox 2072 696 2137 762; x_wconf 85' lang='lat' dir='ltr'><strong>Dei</strong></span> <span class='ocrx_word' id='word_1_52' title='bbox 2148 720 2224 779; x_wconf 89' lang='lat' dir='ltr'><strong>prc-</strong></span> 
     </span>
     <span class='ocr_line' id='line_1_6' title="bbox 221 777 2221 864; baseline 0.001 -18"><span class='ocrx_word' id='word_1_53' title='bbox 221 803 296 846; x_wconf 90' lang='lat' dir='ltr'><strong>rum</strong></span> <span class='ocrx_word' id='word_1_54' title='bbox 317 803 400 864; x_wconf 88' lang='lat' dir='ltr'><strong>quae</strong></span> <span class='ocrx_word' id='word_1_55' title='bbox 420 803 488 846; x_wconf 94' lang='lat' dir='ltr'><strong>non</strong></span> <span class='ocrx_word' id='word_1_56' title='bbox 509 781 671 859; x_wconf 86' lang='lat' dir='ltr'><strong>videntur,</strong></span> <span class='ocrx_word' id='word_1_57' title='bbox 693 782 957 864; x_wconf 79' lang='lat' dir='ltr'><strong>perspicuitatem</strong></span> <span class='ocrx_word' id='word_1_58' title='bbox 974 780 1194 858; x_wconf 87' lang='lat' dir='ltr'><strong>obscurarum,</strong></span> <span class='ocrx_word' id='word_1_59' title='bbox 1248 777 1463 855; x_wconf 76' lang='lat' dir='ltr'><strong>missionibus,</strong></span> <span class='ocrx_word' id='word_1_60' title='bbox 1493 783 1549 841; x_wconf 88' lang='lat' dir='ltr'><strong>aut</strong></span> <span class='ocrx_word' id='word_1_61' title='bbox 1567 779 1604 843; x_wconf 93' lang='lat' dir='ltr'><strong>de</strong></span> <span class='ocrx_word' id='word_1_62' title='bbox 1634 802 1741 844; x_wconf 84' lang='lat' dir='ltr'><strong>earnm</strong></span> <span class='ocrx_word' id='word_1_63' title='bbox 1762 782 1886 845; x_wconf 86' lang='lat' dir='ltr'><strong>ceritate</strong></span> <span class='ocrx_word' id='word_1_64' title='bbox 1908 781 2047 846; x_wconf 84' lang='lat' dir='ltr'><strong>dubitare</strong></span> <span class='ocrx_word' id='word_1_65' title='bbox 2074 784 2221 864; x_wconf 60' lang='lat' dir='ltr'><strong>accipiam</strong></span> 
     </span>
     <span class='ocr_line' id='line_1_7' title="bbox 220 863 2221 950; baseline 0.001 -19"><span class='ocrx_word' id='word_1_66' title='bbox 220 867 441 950; x_wconf 84' lang='lat' dir='ltr'><strong>praesentiam</strong></span> <span class='ocrx_word' id='word_1_67' title='bbox 458 868 651 945; x_wconf 90' lang='lat' dir='ltr'><strong>absentium,</strong></span> <span class='ocrx_word' id='word_1_68' title='bbox 665 867 973 932; x_wconf 78' lang='lat' dir='ltr'><strong>demonstrationem</strong></span> <span class='ocrx_word' id='word_1_69' title='bbox 985 865 1193 930; x_wconf 87' lang='lat' dir='ltr'><strong>occultarum.</strong></span> <span class='ocrx_word' id='word_1_70' title='bbox 1247 867 1371 940; x_wconf 85' lang='lat' dir='ltr'><strong>recreat,</strong></span> <span class='ocrx_word' id='word_1_71' title='bbox 1392 883 1430 927; x_wconf 88' lang='lat' dir='ltr'><strong>ne</strong></span> <span class='ocrx_word' id='word_1_72' title='bbox 1445 863 1608 946; x_wconf 72' lang='lat' dir='ltr'><strong>fatipetnr5</strong></span> <span class='ocrx_word' id='word_1_73' title='bbox 1630 867 1761 931; x_wconf 67' lang='lat' dir='ltr'><strong>eamndit</strong></span> <span class='ocrx_word' id='word_1_74' title='bbox 1778 866 1820 930; x_wconf 93' lang='lat' dir='ltr'><strong>ad</strong></span> <span class='ocrx_word' id='word_1_75' title='bbox 1836 867 1980 930; x_wconf 55' lang='lat' dir='ltr'><strong>mimam</strong></span> <span class='ocrx_word' id='word_1_76' title='bbox 1995 868 2084 932; x_wconf 79' lang='lat' dir='ltr'><strong>idam</strong></span> <span class='ocrx_word' id='word_1_77' title='bbox 2100 875 2221 948; x_wconf 76' lang='lat' dir='ltr'><strong>nutant,</strong></span> 
     </span>
     <span class='ocr_line' id='line_1_8' title="bbox 221 949 2222 1036; baseline 0.001 -18"><span class='ocrx_word' id='word_1_78' title='bbox 221 951 382 1036; x_wconf 84' lang='lat' dir='ltr'><strong>Mysteria</strong></span> <span class='ocrx_word' id='word_1_79' title='bbox 408 954 473 1017; x_wconf 91' lang='lat' dir='ltr'><strong>Dei</strong></span> <span class='ocrx_word' id='word_1_80' title='bbox 494 955 595 1032; x_wconf 88' lang='lat' dir='ltr'><strong>enim,</strong></span> <span class='ocrx_word' id='word_1_81' title='bbox 624 953 803 1018; x_wconf 91' lang='lat' dir='ltr'><strong>cuiusmodi</strong></span> <span class='ocrx_word' id='word_1_82' title='bbox 833 959 912 1016; x_wconf 89' lang='lat' dir='ltr'><strong>sant</strong></span> <span class='ocrx_word' id='word_1_83' title='bbox 932 973 1016 1033; x_wconf 88' lang='lat' dir='ltr'><strong>quae</strong></span> <span class='ocrx_word' id='word_1_84' title='bbox 1038 951 1080 1015; x_wconf 93' lang='lat' dir='ltr'><strong>ad</strong></span> <span class='ocrx_word' id='word_1_85' title='bbox 1108 951 1196 1015; x_wconf 92' lang='lat' dir='ltr'><strong>salu-</strong></span> <span class='ocrx_word' id='word_1_86' title='bbox 1247 969 1285 1011; x_wconf 90' lang='lat' dir='ltr'><strong>ne</strong></span> <span class='ocrx_word' id='word_1_87' title='bbox 1302 949 1336 1010; x_wconf 83' lang='lat' dir='ltr'><strong>in</strong></span> <span class='ocrx_word' id='word_1_88' title='bbox 1353 949 1452 1012; x_wconf 75' lang='lat' dir='ltr'><strong>laedio</strong></span> <span class='ocrx_word' id='word_1_89' title='bbox 1468 969 1562 1013; x_wconf 88' lang='lat' dir='ltr'><strong>cursa</strong></span> <span class='ocrx_word' id='word_1_90' title='bbox 1579 955 1634 1013; x_wconf 87' lang='lat' dir='ltr'><strong>aut</strong></span> <span class='ocrx_word' id='word_1_91' title='bbox 1651 953 1744 1015; x_wconf 88' lang='lat' dir='ltr'><strong>etiarn</strong></span> <span class='ocrx_word' id='word_1_92' title='bbox 1760 953 1796 1014; x_wconf 88' lang='lat' dir='ltr'><strong>in</strong></span> <span class='ocrx_word' id='word_1_93' title='bbox 1812 952 1984 1017; x_wconf 69' lang='lat' dir='ltr'><strong>carceribus</strong></span> <span class='ocrx_word' id='word_1_94' title='bbox 2002 954 2129 1034; x_wconf 62' lang='lat' dir='ltr'><strong>derium</strong></span> <span class='ocrx_word' id='word_1_95' title='bbox 2158 955 2222 1020; x_wconf 80' lang='lat' dir='ltr'><strong>De</strong></span> 
     </span>
     <span class='ocr_line' id='line_1_9' title="bbox 220 1034 2221 1122; baseline 0.001 -19"><span class='ocrx_word' id='word_1_96' title='bbox 220 1045 302 1103; x_wconf 81' lang='lat' dir='ltr'><strong>tem-</strong></span> <span class='ocrx_word' id='word_1_97' title='bbox 321 1046 467 1103; x_wconf 88' lang='lat' dir='ltr'><strong>nostrem</strong></span> <span class='ocrx_word' id='word_1_98' title='bbox 499 1039 678 1121; x_wconf 85' lang='lat' dir='ltr'><strong>pertinent,</strong></span> <span class='ocrx_word' id='word_1_99' title='bbox 710 1039 745 1102; x_wconf 91' lang='lat' dir='ltr'><strong>in</strong></span> <span class='ocrx_word' id='word_1_100' title='bbox 777 1058 958 1118; x_wconf 82' lang='lat' dir='ltr'><strong>saeuaque</strong></span> <span class='ocrx_word' id='word_1_101' title='bbox 987 1035 1039 1122; x_wconf 88' lang='lat' dir='ltr'><strong>(ut</strong></span> <span class='ocrx_word' id='word_1_102' title='bbox 1062 1035 1194 1121; x_wconf 88' lang='lat' dir='ltr'><strong>dicitur)</strong></span> <span class='ocrx_word' id='word_1_103' title='bbox 1246 1035 1354 1113; x_wconf 77' lang='lat' dir='ltr'><strong>nique,</strong></span> <span class='ocrx_word' id='word_1_104' title='bbox 1380 1034 1506 1099; x_wconf 74' lang='lat' dir='ltr'><strong>essedae</strong></span> <span class='ocrx_word' id='word_1_105' title='bbox 1531 1038 1704 1102; x_wconf 85' lang='lat' dir='ltr'><strong>renovanda</strong></span> <span class='ocrx_word' id='word_1_106' title='bbox 1733 1041 1760 1101; x_wconf 85' lang='lat' dir='ltr'><strong>et</strong></span> <span class='ocrx_word' id='word_1_107' title='bbox 1786 1038 2006 1117; x_wconf 80' lang='lat' dir='ltr'><strong>instaurando,</strong></span> <span class='ocrx_word' id='word_1_108' title='bbox 2033 1040 2111 1120; x_wconf 80' lang='lat' dir='ltr'><strong>facit</strong></span> <span class='ocrx_word' id='word_1_109' title='bbox 2131 1047 2166 1104; x_wconf 87' lang='lat' dir='ltr'><strong>ut</strong></span> <span class='ocrx_word' id='word_1_110' title='bbox 2187 1063 2221 1106; x_wconf 91' lang='lat' dir='ltr'><strong>se</strong></span> 
     </span>
     <span class='ocr_line' id='line_1_10' title="bbox 220 1119 2221 1208; baseline 0.001 -21"><span class='ocrx_word' id='word_1_111' title='bbox 220 1131 341 1188; x_wconf 84' lang='lat' dir='ltr'><strong>natura</strong></span> <span class='ocrx_word' id='word_1_112' title='bbox 361 1125 451 1189; x_wconf 90' lang='lat' dir='ltr'><strong>cerni</strong></span> <span class='ocrx_word' id='word_1_113' title='bbox 471 1147 537 1189; x_wconf 90' lang='lat' dir='ltr'><strong>non</strong></span> <span class='ocrx_word' id='word_1_114' title='bbox 554 1130 703 1207; x_wconf 81' lang='lat' dir='ltr'><strong>possunt3</strong></span> <span class='ocrx_word' id='word_1_115' title='bbox 728 1145 841 1188; x_wconf 88' lang='lat' dir='ltr'><strong>verum</strong></span> <span class='ocrx_word' id='word_1_116' title='bbox 862 1125 933 1205; x_wconf 88' lang='lat' dir='ltr'><strong>ipsa</strong></span> <span class='ocrx_word' id='word_1_117' title='bbox 954 1124 990 1185; x_wconf 89' lang='lat' dir='ltr'><strong>in</strong></span> <span class='ocrx_word' id='word_1_118' title='bbox 1008 1123 1077 1187; x_wconf 90' lang='lat' dir='ltr'><strong>eius</strong></span> <span class='ocrx_word' id='word_1_119' title='bbox 1094 1122 1194 1187; x_wconf 84' lang='lat' dir='ltr'><strong>verbo</strong></span> <span class='ocrx_word' id='word_1_120' title='bbox 1246 1121 1319 1200; x_wconf 91' lang='lat' dir='ltr'><strong>ipsa</strong></span> <span class='ocrx_word' id='word_1_121' title='bbox 1340 1119 1468 1183; x_wconf 76' lang='lat' dir='ltr'><strong>mblnde</strong></span> <span class='ocrx_word' id='word_1_122' title='bbox 1490 1121 1533 1184; x_wconf 92' lang='lat' dir='ltr'><strong>ad</strong></span> <span class='ocrx_word' id='word_1_123' title='bbox 1552 1123 1820 1202; x_wconf 78' lang='lat' dir='ltr'><strong>persermantiarn</strong></span> <span class='ocrx_word' id='word_1_124' title='bbox 1840 1125 1971 1207; x_wconf 78' lang='lat' dir='ltr'><strong>oepetmr</strong></span> <span class='ocrx_word' id='word_1_125' title='bbox 1991 1131 2131 1208; x_wconf 82' lang='lat' dir='ltr'><strong>ernerpat.</strong></span> <span class='ocrx_word' id='word_1_126' title='bbox 2163 1127 2221 1191; x_wconf 87' lang='lat' dir='ltr'><strong>At·</strong></span> 
     </span>
     <span class='ocr_line' id='line_1_11' title="bbox 221 1205 2221 1295; baseline 0.001 -22"><span class='ocrx_word' id='word_1_127' title='bbox 221 1209 382 1274; x_wconf 79' lang='lat' dir='ltr'><strong>duntaxat</strong></span> <span class='ocrx_word' id='word_1_128' title='bbox 408 1211 587 1289; x_wconf 88' lang='lat' dir='ltr'><strong>intuemur;</strong></span> <span class='ocrx_word' id='word_1_129' title='bbox 614 1211 706 1274; x_wconf 91' lang='lat' dir='ltr'><strong>ouius</strong></span> <span class='ocrx_word' id='word_1_130' title='bbox 734 1210 856 1274; x_wconf 81' lang='lat' dir='ltr'><strong>veritas</strong></span> <span class='ocrx_word' id='word_1_131' title='bbox 879 1210 925 1274; x_wconf 92' lang='lat' dir='ltr'><strong>sic</strong></span> <span class='ocrx_word' id='word_1_132' title='bbox 947 1229 1103 1289; x_wconf 87' lang='lat' dir='ltr'><strong>persuasa</strong></span> <span class='ocrx_word' id='word_1_133' title='bbox 1124 1228 1194 1272; x_wconf 88' lang='lat' dir='ltr'><strong>esse</strong></span> <span class='ocrx_word' id='word_1_134' title='bbox 1246 1225 1304 1285; x_wconf 78' lang='lat' dir='ltr'><strong>pue</strong></span> <span class='ocrx_word' id='word_1_135' title='bbox 1324 1205 1460 1295; x_wconf 72' lang='lat' dir='ltr'><strong>emninm</strong></span> <span class='ocrx_word' id='word_1_136' title='bbox 1489 1211 1560 1285; x_wconf 77' lang='lat' dir='ltr'><strong>quot</strong></span> <span class='ocrx_word' id='word_1_137' title='bbox 1586 1208 1762 1272; x_wconf 75' lang='lat' dir='ltr'><strong>nominibus</strong></span> <span class='ocrx_word' id='word_1_138' title='bbox 1783 1211 1959 1274; x_wconf 81' lang='lat' dir='ltr'><strong>necessaria</strong></span> <span class='ocrx_word' id='word_1_139' title='bbox 1978 1210 2042 1273; x_wconf 75' lang='lat' dir='ltr'><strong>snit</strong></span> <span class='ocrx_word' id='word_1_140' title='bbox 2062 1213 2129 1292; x_wconf 83' lang='lat' dir='ltr'><strong>spei</strong></span> <span class='ocrx_word' id='word_1_141' title='bbox 2150 1207 2221 1275; x_wconf 83' lang='lat' dir='ltr'><strong>sub-</strong></span> 
     </span>
     <span class='ocr_line' id='line_1_12' title="bbox 220 1290 2220 1380; baseline 0 -20"><span class='ocrx_word' id='word_1_142' title='bbox 220 1296 314 1360; x_wconf 88' lang='lat' dir='ltr'><strong>nobis</strong></span> <span class='ocrx_word' id='word_1_143' title='bbox 334 1295 443 1373; x_wconf 90' lang='lat' dir='ltr'><strong>debet,</strong></span> <span class='ocrx_word' id='word_1_144' title='bbox 472 1305 510 1359; x_wconf 88' lang='lat' dir='ltr'><strong>ut</strong></span> <span class='ocrx_word' id='word_1_145' title='bbox 536 1317 596 1378; x_wconf 89' lang='lat' dir='ltr'><strong>pro</strong></span> <span class='ocrx_word' id='word_1_146' title='bbox 617 1296 702 1360; x_wconf 84' lang='lat' dir='ltr'><strong>facto</strong></span> <span class='ocrx_word' id='word_1_147' title='bbox 724 1295 919 1378; x_wconf 86' lang='lat' dir='ltr'><strong>impletoque</strong></span> <span class='ocrx_word' id='word_1_148' title='bbox 942 1293 1130 1358; x_wconf 88' lang='lat' dir='ltr'><strong>habendum</strong></span> <span class='ocrx_word' id='word_1_149' title='bbox 1152 1295 1195 1358; x_wconf 87' lang='lat' dir='ltr'><strong>sit</strong></span> <span class='ocrx_word' id='word_1_150' title='bbox 1246 1291 1331 1355; x_wconf 80' lang='lat' dir='ltr'><strong>sidia</strong></span> <span class='ocrx_word' id='word_1_151' title='bbox 1352 1292 1395 1354; x_wconf 91' lang='lat' dir='ltr'><strong>ud</strong></span> <span class='ocrx_word' id='word_1_152' title='bbox 1412 1290 1505 1372; x_wconf 73' lang='lat' dir='ltr'><strong>fidem</strong></span> <span class='ocrx_word' id='word_1_153' title='bbox 1526 1291 1758 1371; x_wconf 76' lang='lat' dir='ltr'><strong>stabiliendam,</strong></span> <span class='ocrx_word' id='word_1_154' title='bbox 1786 1295 1899 1359; x_wconf 84' lang='lat' dir='ltr'><strong>melius</strong></span> <span class='ocrx_word' id='word_1_155' title='bbox 1920 1295 2039 1376; x_wconf 85' lang='lat' dir='ltr'><strong>patebit</strong></span> <span class='ocrx_word' id='word_1_156' title='bbox 2066 1297 2220 1380; x_wconf 72' lang='lat' dir='ltr'><strong>simpite</strong></span> 
     </span>
     <span class='ocr_line' id='line_1_13' title="bbox 220 1377 2220 1463; baseline 0.002 -19"><span class='ocrx_word' id='word_1_157' title='bbox 220 1380 376 1463; x_wconf 92' lang='lat' dir='ltr'><strong>quidquid</strong></span> <span class='ocrx_word' id='word_1_158' title='bbox 397 1380 547 1463; x_wconf 82' lang='lat' dir='ltr'><strong>loquitur.</strong></span> <span class='ocrx_word' id='word_1_159' title='bbox 591 1380 647 1445; x_wconf 88' lang='lat' dir='ltr'><strong>Ad</strong></span> <span class='ocrx_word' id='word_1_160' title='bbox 668 1381 768 1444; x_wconf 90' lang='lat' dir='ltr'><strong>talem</strong></span> <span class='ocrx_word' id='word_1_161' title='bbox 789 1402 866 1445; x_wconf 88' lang='lat' dir='ltr'><strong>vero</strong></span> <span class='ocrx_word' id='word_1_162' title='bbox 890 1379 1019 1444; x_wconf 84' lang='lat' dir='ltr'><strong>divinae</strong></span> <span class='ocrx_word' id='word_1_163' title='bbox 1039 1380 1194 1444; x_wconf 85' lang='lat' dir='ltr'><strong>bonitatis</strong></span> <span class='ocrx_word' id='word_1_164' title='bbox 1245 1395 1317 1440; x_wconf 88' lang='lat' dir='ltr'><strong>mus</strong></span> <span class='ocrx_word' id='word_1_165' title='bbox 1338 1381 1410 1456; x_wconf 73' lang='lat' dir='ltr'><strong>praet</strong></span> <span class='ocrx_word' id='word_1_166' title='bbox 1429 1377 1629 1442; x_wconf 63' lang='lat' dir='ltr'><strong>maionem</strong></span> <span class='ocrx_word' id='word_1_167' title='bbox 1653 1379 1774 1459; x_wconf 55' lang='lat' dir='ltr'><strong>formis.</strong></span> <span class='ocrx_word' id='word_1_168' title='bbox 1793 1381 1980 1460; x_wconf 84' lang='lat' dir='ltr'><strong>impetantur</strong></span> <span class='ocrx_word' id='word_1_169' title='bbox 2002 1385 2029 1445; x_wconf 89' lang='lat' dir='ltr'><strong>et</strong></span> <span class='ocrx_word' id='word_1_170' title='bbox 2049 1385 2220 1448; x_wconf 74' lang='lat' dir='ltr'><strong>concutiam</strong></span> 
     </span>
     <span class='ocr_line' id='line_1_14' title="bbox 221 1461 2219 1550; baseline 0.001 -19"><span class='ocrx_word' id='word_1_171' title='bbox 221 1474 355 1550; x_wconf 80' lang='lat' dir='ltr'><strong>gustum</strong></span> <span class='ocrx_word' id='word_1_172' title='bbox 380 1466 625 1550; x_wconf 87' lang='lat' dir='ltr'><strong>percipiendum</strong></span> <span class='ocrx_word' id='word_1_173' title='bbox 653 1465 811 1547; x_wconf 90' lang='lat' dir='ltr'><strong>quomodo</strong></span> <span class='ocrx_word' id='word_1_174' title='bbox 837 1487 872 1531; x_wconf 89' lang='lat' dir='ltr'><strong>se</strong></span> <span class='ocrx_word' id='word_1_175' title='bbox 901 1465 1028 1530; x_wconf 86' lang='lat' dir='ltr'><strong>attollat</strong></span> <span class='ocrx_word' id='word_1_176' title='bbox 1056 1465 1193 1542; x_wconf 88' lang='lat' dir='ltr'><strong>animus,</strong></span> <span class='ocrx_word' id='word_1_177' title='bbox 1245 1466 1296 1526; x_wconf 80' lang='lat' dir='ltr'><strong>an</strong></span> <span class='ocrx_word' id='word_1_178' title='bbox 1317 1463 1373 1542; x_wconf 80' lang='lat' dir='ltr'><strong>pul</strong></span> <span class='ocrx_word' id='word_1_179' title='bbox 1395 1461 1519 1526; x_wconf 82' lang='lat' dir='ltr'><strong>uerbum</strong></span> <span class='ocrx_word' id='word_1_180' title='bbox 1536 1462 1601 1527; x_wconf 85' lang='lat' dir='ltr'><strong>Dei</strong></span> <span class='ocrx_word' id='word_1_181' title='bbox 1619 1465 1755 1546; x_wconf 71' lang='lat' dir='ltr'><strong>amplexi</strong></span> <span class='ocrx_word' id='word_1_182' title='bbox 1771 1471 1851 1530; x_wconf 90' lang='lat' dir='ltr'><strong>sunt.</strong></span> <span class='ocrx_word' id='word_1_183' title='bbox 1887 1466 2036 1530; x_wconf 84' lang='lat' dir='ltr'><strong>Primum</strong></span> <span class='ocrx_word' id='word_1_184' title='bbox 2051 1468 2219 1548; x_wconf 86' lang='lat' dir='ltr'><strong>Dominus,</strong></span> 
     </span>
     <span class='ocr_line' id='line_1_15' title="bbox 221 1547 2220 1636; baseline 0.001 -19"><span class='ocrx_word' id='word_1_185' title='bbox 221 1553 300 1636; x_wconf 89' lang='lat' dir='ltr'><strong>quin</strong></span> <span class='ocrx_word' id='word_1_186' title='bbox 329 1553 427 1617; x_wconf 88' lang='lat' dir='ltr'><strong>simul</strong></span> <span class='ocrx_word' id='word_1_187' title='bbox 456 1552 499 1616; x_wconf 85' lang='lat' dir='ltr'><strong>ad</strong></span> <span class='ocrx_word' id='word_1_188' title='bbox 524 1551 760 1617; x_wconf 88' lang='lat' dir='ltr'><strong>redamandum</strong></span> <span class='ocrx_word' id='word_1_189' title='bbox 782 1552 893 1615; x_wconf 92' lang='lat' dir='ltr'><strong>Deum</strong></span> <span class='ocrx_word' id='word_1_190' title='bbox 922 1557 1014 1617; x_wconf 84' lang='lat' dir='ltr'><strong>totus</strong></span> <span class='ocrx_word' id='word_1_191' title='bbox 1036 1549 1195 1615; x_wconf 88' lang='lat' dir='ltr'><strong>accenda-</strong></span> <span class='ocrx_word' id='word_1_192' title='bbox 1239 1547 1464 1627; x_wconf 71' lang='lat' dir='ltr'><strong>presumsicnes</strong></span> <span class='ocrx_word' id='word_1_193' title='bbox 1485 1568 1563 1612; x_wconf 87' lang='lat' dir='ltr'><strong>suas</strong></span> <span class='ocrx_word' id='word_1_194' title='bbox 1584 1550 1765 1631; x_wconf 79' lang='lat' dir='ltr'><strong>differendo,</strong></span> <span class='ocrx_word' id='word_1_195' title='bbox 1794 1552 1916 1617; x_wconf 88' lang='lat' dir='ltr'><strong>diutius</strong></span> <span class='ocrx_word' id='word_1_196' title='bbox 1935 1573 2026 1634; x_wconf 87' lang='lat' dir='ltr'><strong>saepe</strong></span> <span class='ocrx_word' id='word_1_197' title='bbox 2047 1574 2142 1634; x_wconf 79' lang='lat' dir='ltr'><strong>quarn</strong></span> <span class='ocrx_word' id='word_1_198' title='bbox 2158 1576 2220 1635; x_wconf 88' lang='lat' dir='ltr'><strong>pro</strong></span> 
     </span>
     <span class='ocr_line' id='line_1_16' title="bbox 221 1634 2219 1722; baseline 0.002 -21"><span class='ocrx_word' id='word_1_199' title='bbox 221 1637 299 1701; x_wconf 78' lang='lat' dir='ltr'><strong>tur?</strong></span> <span class='ocrx_word' id='word_1_200' title='bbox 344 1638 432 1703; x_wconf 91' lang='lat' dir='ltr'><strong>Vere</strong></span> <span class='ocrx_word' id='word_1_201' title='bbox 458 1639 547 1702; x_wconf 92' lang='lat' dir='ltr'><strong>enim</strong></span> <span class='ocrx_word' id='word_1_202' title='bbox 573 1638 723 1721; x_wconf 84' lang='lat' dir='ltr'><strong>cognosci</strong></span> <span class='ocrx_word' id='word_1_203' title='bbox 750 1637 808 1701; x_wconf 89' lang='lat' dir='ltr'><strong>illa</strong></span> <span class='ocrx_word' id='word_1_204' title='bbox 828 1637 999 1702; x_wconf 84' lang='lat' dir='ltr'><strong>suavitatis</strong></span> <span class='ocrx_word' id='word_1_205' title='bbox 1027 1636 1195 1700; x_wconf 88' lang='lat' dir='ltr'><strong>affluentia</strong></span> <span class='ocrx_word' id='word_1_206' title='bbox 1245 1634 1323 1697; x_wconf 78' lang='lat' dir='ltr'><strong>oon&#39;s</strong></span> <span class='ocrx_word' id='word_1_207' title='bbox 1342 1634 1457 1696; x_wconf 78' lang='lat' dir='ltr'><strong>icastris</strong></span> <span class='ocrx_word' id='word_1_208' title='bbox 1477 1653 1641 1713; x_wconf 79' lang='lat' dir='ltr'><strong>suspensos</strong></span> <span class='ocrx_word' id='word_1_209' title='bbox 1662 1637 1763 1700; x_wconf 77' lang='lat' dir='ltr'><strong>arriani</strong></span> <span class='ocrx_word' id='word_1_210' title='bbox 1788 1658 1843 1701; x_wconf 89' lang='lat' dir='ltr'><strong>nas</strong></span> <span class='ocrx_word' id='word_1_211' title='bbox 1870 1643 1954 1702; x_wconf 89' lang='lat' dir='ltr'><strong>tenet.</strong></span> <span class='ocrx_word' id='word_1_212' title='bbox 1998 1639 2062 1703; x_wconf 81' lang='lat' dir='ltr'><strong>Hic</strong></span> <span class='ocrx_word' id='word_1_213' title='bbox 2082 1641 2219 1722; x_wconf 74' lang='lat' dir='ltr'><strong>officiam</strong></span> 
     </span>
     <span class='ocr_line' id='line_1_17' title="bbox 221 1719 2220 1809; baseline 0.002 -21"><span class='ocrx_word' id='word_1_214' title='bbox 221 1744 288 1788; x_wconf 93' lang='lat' dir='ltr'><strong>non</strong></span> <span class='ocrx_word' id='word_1_215' title='bbox 316 1731 437 1805; x_wconf 87' lang='lat' dir='ltr'><strong>potest,</strong></span> <span class='ocrx_word' id='word_1_216' title='bbox 470 1743 570 1806; x_wconf 86' lang='lat' dir='ltr'><strong>quam</strong></span> <span class='ocrx_word' id='word_1_217' title='bbox 596 1723 689 1788; x_wconf 89' lang='lat' dir='ltr'><strong>Deus</strong></span> <span class='ocrx_word' id='word_1_218' title='bbox 721 1723 911 1788; x_wconf 87' lang='lat' dir='ltr'><strong>timentibus</strong></span> <span class='ocrx_word' id='word_1_219' title='bbox 938 1744 973 1786; x_wconf 88' lang='lat' dir='ltr'><strong>se</strong></span> <span class='ocrx_word' id='word_1_220' title='bbox 1004 1721 1192 1798; x_wconf 89' lang='lat' dir='ltr'><strong>reoondidit‚</strong></span> <span class='ocrx_word' id='word_1_221' title='bbox 1245 1723 1289 1782; x_wconf 85' lang='lat' dir='ltr'><strong>est</strong></span> <span class='ocrx_word' id='word_1_222' title='bbox 1310 1719 1376 1800; x_wconf 87' lang='lat' dir='ltr'><strong>spei</strong></span> <span class='ocrx_word' id='word_1_223' title='bbox 1391 1723 1554 1798; x_wconf 87' lang='lat' dir='ltr'><strong>praestare</strong></span> <span class='ocrx_word' id='word_1_224' title='bbox 1574 1721 1655 1800; x_wconf 77' lang='lat' dir='ltr'><strong>quod</strong></span> <span class='ocrx_word' id='word_1_225' title='bbox 1674 1721 1754 1786; x_wconf 87' lang='lat' dir='ltr'><strong>iubet</strong></span> <span class='ocrx_word' id='word_1_226' title='bbox 1766 1722 1917 1803; x_wconf 75' lang='lat' dir='ltr'><strong>pncplceta</strong></span> <span class='ocrx_word' id='word_1_227' title='bbox 1939 1723 2039 1809; x_wconf 81' lang='lat' dir='ltr'><strong>(Hah.</strong></span> <span class='ocrx_word' id='word_1_228' title='bbox 2060 1728 2088 1803; x_wconf 81' lang='lat'><strong>2,</strong></span> <span class='ocrx_word' id='word_1_229' title='bbox 2109 1725 2162 1809; x_wconf 87' lang='lat'><strong>3).·</strong></span> <span class='ocrx_word' id='word_1_230' title='bbox 2184 1733 2220 1791; x_wconf 89' lang='lat' dir='ltr'><strong>ut</strong></span> 
     </span>
     <span class='ocr_line' id='line_1_18' title="bbox 221 1803 2219 1888; baseline 0.002 -15"><span class='ocrx_word' id='word_1_231' title='bbox 221 1816 348 1873; x_wconf 89' lang='lat' dir='ltr'><strong>utnon</strong></span> <span class='ocrx_word' id='word_1_232' title='bbox 369 1809 468 1874; x_wconf 91' lang='lat' dir='ltr'><strong>simul</strong></span> <span class='ocrx_word' id='word_1_233' title='bbox 488 1809 700 1873; x_wconf 84' lang='lat' dir='ltr'><strong>vehementer</strong></span> <span class='ocrx_word' id='word_1_234' title='bbox 721 1808 848 1873; x_wconf 81' lang='lat' dir='ltr'><strong>afficiat</strong></span> <span class='ocrx_word' id='word_1_235' title='bbox 883 1806 990 1887; x_wconf 79' lang='lat' dir='ltr'><strong>Quem</strong></span> <span class='ocrx_word' id='word_1_236' title='bbox 1012 1816 1122 1871; x_wconf 88' lang='lat' dir='ltr'><strong>autem</strong></span> <span class='ocrx_word' id='word_1_237' title='bbox 1143 1828 1194 1871; x_wconf 89' lang='lat' dir='ltr'><strong>se-</strong></span> <span class='ocrx_word' id='word_1_238' title='bbox 1245 1804 1275 1866; x_wconf 86' lang='lat' dir='ltr'><strong>se&#39;</strong></span> <span class='ocrx_word' id='word_1_239' title='bbox 1301 1823 1420 1868; x_wconf 88' lang='lat' dir='ltr'><strong>moram</strong></span> <span class='ocrx_word' id='word_1_240' title='bbox 1446 1803 1499 1868; x_wconf 78' lang='lat' dir='ltr'><strong>ille</strong></span> <span class='ocrx_word' id='word_1_241' title='bbox 1524 1804 1641 1885; x_wconf 73' lang='lat' dir='ltr'><strong>fecerit,</strong></span> <span class='ocrx_word' id='word_1_242' title='bbox 1669 1813 1872 1888; x_wconf 68' lang='lat' dir='ltr'><strong>respectarem</strong></span> <span class='ocrx_word' id='word_1_243' title='bbox 1898 1814 2006 1875; x_wconf 85' lang='lat' dir='ltr'><strong>tamen</strong></span> <span class='ocrx_word' id='word_1_244' title='bbox 2051 1810 2219 1876; x_wconf 76' lang='lat' dir='ltr'><strong>Interdum</strong></span> 
     </span>
     <span class='ocr_line' id='line_1_19' title="bbox 220 1889 2225 1979; baseline 0.001 -21"><span class='ocrx_word' id='word_1_245' title='bbox 220 1895 289 1959; x_wconf 87' lang='lat' dir='ltr'><strong>mel</strong></span> <span class='ocrx_word' id='word_1_246' title='bbox 309 1895 434 1973; x_wconf 86' lang='lat' dir='ltr'><strong>affecit,</strong></span> <span class='ocrx_word' id='word_1_247' title='bbox 462 1895 591 1976; x_wconf 90' lang='lat' dir='ltr'><strong>penitus</strong></span> <span class='ocrx_word' id='word_1_248' title='bbox 618 1894 661 1958; x_wconf 85' lang='lat' dir='ltr'><strong>ad</strong></span> <span class='ocrx_word' id='word_1_249' title='bbox 687 1915 722 1959; x_wconf 89' lang='lat' dir='ltr'><strong>se</strong></span> <span class='ocrx_word' id='word_1_250' title='bbox 742 1895 829 1975; x_wconf 90' lang='lat' dir='ltr'><strong>rapit</strong></span> <span class='ocrx_word' id='word_1_251' title='bbox 850 1901 884 1958; x_wconf 86' lang='lat' dir='ltr'><strong>et</strong></span> <span class='ocrx_word' id='word_1_252' title='bbox 904 1894 1006 1958; x_wconf 84' lang='lat' dir='ltr'><strong>effert</strong></span> <span class='ocrx_word' id='word_1_253' title='bbox 1050 1891 1195 1957; x_wconf 89' lang='lat' dir='ltr'><strong>Proinde</strong></span> <span class='ocrx_word' id='word_1_254' title='bbox 1244 1910 1306 1953; x_wconf 84' lang='lat' dir='ltr'><strong>non</strong></span> <span class='ocrx_word' id='word_1_255' title='bbox 1326 1889 1413 1953; x_wconf 78' lang='lat' dir='ltr'><strong>neoda</strong></span> <span class='ocrx_word' id='word_1_256' title='bbox 1441 1889 1586 1971; x_wconf 71' lang='lat' dir='ltr'><strong>lanquere</strong></span> <span class='ocrx_word' id='word_1_257' title='bbox 1606 1911 1662 1954; x_wconf 87' lang='lat' dir='ltr'><strong>nos</strong></span> <span class='ocrx_word' id='word_1_258' title='bbox 1682 1894 1775 1972; x_wconf 89' lang='lat' dir='ltr'><strong>sinit,</strong></span> <span class='ocrx_word' id='word_1_259' title='bbox 1797 1895 1852 1958; x_wconf 90' lang='lat' dir='ltr'><strong>sed</strong></span> <span class='ocrx_word' id='word_1_260' title='bbox 1872 1900 2012 1976; x_wconf 78' lang='lat' dir='ltr'><strong>apertam</strong></span> <span class='ocrx_word' id='word_1_261' title='bbox 2032 1896 2225 1979; x_wconf 65' lang='lat' dir='ltr'><strong>indipnatm</strong></span> 
     </span>
     <span class='ocr_line' id='line_1_20' title="bbox 221 1977 2218 2064; baseline 0.001 -19"><span class='ocrx_word' id='word_1_262' title='bbox 221 1981 343 2044; x_wconf 89' lang='lat' dir='ltr'><strong>mirum</strong></span> <span class='ocrx_word' id='word_1_263' title='bbox 364 2001 431 2044; x_wconf 93' lang='lat' dir='ltr'><strong>non</strong></span> <span class='ocrx_word' id='word_1_264' title='bbox 452 1987 502 2045; x_wconf 90' lang='lat' dir='ltr'><strong>est</strong></span> <span class='ocrx_word' id='word_1_265' title='bbox 523 1981 552 2044; x_wconf 89' lang='lat' dir='ltr'><strong>si</strong></span> <span class='ocrx_word' id='word_1_266' title='bbox 578 1999 769 2064; x_wconf 86' lang='lat' dir='ltr'><strong>perversum</strong></span> <span class='ocrx_word' id='word_1_267' title='bbox 790 2001 845 2044; x_wconf 89' lang='lat' dir='ltr'><strong>eor</strong></span> <span class='ocrx_word' id='word_1_268' title='bbox 866 1985 900 2043; x_wconf 92' lang='lat' dir='ltr'><strong>et</strong></span> <span class='ocrx_word' id='word_1_269' title='bbox 920 1978 1086 2060; x_wconf 88' lang='lat' dir='ltr'><strong>obliquum</strong></span> <span class='ocrx_word' id='word_1_270' title='bbox 1107 2000 1194 2041; x_wconf 93' lang='lat' dir='ltr'><strong>nun·</strong></span> <span class='ocrx_word' id='word_1_271' title='bbox 1244 1995 1314 2038; x_wconf 88' lang='lat' dir='ltr'><strong>nem</strong></span> <span class='ocrx_word' id='word_1_272' title='bbox 1329 1995 1409 2055; x_wconf 90' lang='lat' dir='ltr'><strong>prae</strong></span> <span class='ocrx_word' id='word_1_273' title='bbox 1435 1995 1468 2039; x_wconf 91' lang='lat' dir='ltr'><strong>se</strong></span> <span class='ocrx_word' id='word_1_274' title='bbox 1493 1977 1561 2056; x_wconf 79' lang='lat' dir='ltr'><strong>fert.</strong></span> <span class='ocrx_word' id='word_1_275' title='bbox 1605 1977 1669 2042; x_wconf 84' lang='lat' dir='ltr'><strong>Hic</strong></span> <span class='ocrx_word' id='word_1_276' title='bbox 1688 1999 1773 2059; x_wconf 90' lang='lat' dir='ltr'><strong>spem</strong></span> <span class='ocrx_word' id='word_1_277' title='bbox 1798 1980 1891 2044; x_wconf 85' lang='lat' dir='ltr'><strong>multo</strong></span> <span class='ocrx_word' id='word_1_278' title='bbox 1919 1982 2021 2064; x_wconf 75' lang='lat' dir='ltr'><strong>napis</strong></span> <span class='ocrx_word' id='word_1_279' title='bbox 2040 2001 2218 2047; x_wconf 86' lang='lat' dir='ltr'><strong>succurrere</strong></span> 
     </span>
     <span class='ocr_line' id='line_1_21' title="bbox 243 2064 2217 2147; baseline 0.002 -18"><span class='ocrx_word' id='word_1_280' title='bbox 243 2086 321 2129; x_wconf 88' lang='lat' dir='ltr'><strong>uam</strong></span> <span class='ocrx_word' id='word_1_281' title='bbox 342 2066 429 2130; x_wconf 84' lang='lat' dir='ltr'><strong>subit</strong></span> <span class='ocrx_word' id='word_1_282' title='bbox 450 2064 504 2131; x_wconf 91' lang='lat' dir='ltr'><strong>hio</strong></span> <span class='ocrx_word' id='word_1_283' title='bbox 526 2066 676 2144; x_wconf 88' lang='lat' dir='ltr'><strong>affectus;</strong></span> <span class='ocrx_word' id='word_1_284' title='bbox 703 2086 766 2147; x_wconf 92' lang='lat' dir='ltr'><strong>quo</strong></span> <span class='ocrx_word' id='word_1_285' title='bbox 793 2065 829 2128; x_wconf 94' lang='lat' dir='ltr'><strong>in</strong></span> <span class='ocrx_word' id='word_1_286' title='bbox 850 2065 976 2130; x_wconf 87' lang='lat' dir='ltr'><strong>coelum</strong></span> <span class='ocrx_word' id='word_1_287' title='bbox 997 2066 1105 2145; x_wconf 89' lang='lat' dir='ltr'><strong>ipsum</strong></span> <span class='ocrx_word' id='word_1_288' title='bbox 1127 2069 1194 2126; x_wconf 71' lang='lat' dir='ltr'><strong>ua</strong></span> <span class='ocrx_word' id='word_1_289' title='bbox 1244 2080 1362 2124; x_wconf 78' lang='lat' dir='ltr'><strong>maesse</strong></span> <span class='ocrx_word' id='word_1_290' title='bbox 1387 2064 1443 2138; x_wconf 84' lang='lat' dir='ltr'><strong>est,</strong></span> <span class='ocrx_word' id='word_1_291' title='bbox 1472 2081 1546 2141; x_wconf 77' lang='lat' dir='ltr'><strong>quo,</strong></span> <span class='ocrx_word' id='word_1_292' title='bbox 1574 2064 1741 2128; x_wconf 86' lang='lat' dir='ltr'><strong>secundum</strong></span> <span class='ocrx_word' id='word_1_293' title='bbox 1765 2065 1894 2130; x_wconf 71' lang='lat' dir='ltr'><strong>alnetus</strong></span> <span class='ocrx_word' id='word_1_294' title='bbox 1914 2067 2081 2147; x_wconf 78' lang='lat' dir='ltr'><strong>prophetae</strong></span> <span class='ocrx_word' id='word_1_295' title='bbox 2102 2069 2217 2132; x_wconf 86' lang='lat' dir='ltr'><strong>dictum</strong></span> 
     </span>
     <span class='ocr_line' id='line_1_22' title="bbox 221 2086 2217 2234; baseline 0.001 -19"><span class='ocrx_word' id='word_1_296' title='bbox 221 2086 311 2216; x_wconf 79' lang='lat' dir='ltr'><strong>dueti</strong></span> <span class='ocrx_word' id='word_1_297' title='bbox 333 2150 376 2215; x_wconf 88' lang='lat' dir='ltr'><strong>ad</strong></span> <span class='ocrx_word' id='word_1_298' title='bbox 401 2151 674 2216; x_wconf 90' lang='lat' dir='ltr'><strong>reconditissimos</strong></span> <span class='ocrx_word' id='word_1_299' title='bbox 697 2150 760 2215; x_wconf 90' lang='lat' dir='ltr'><strong>Dei</strong></span> <span class='ocrx_word' id='word_1_300' title='bbox 787 2151 958 2215; x_wconf 84' lang='lat' dir='ltr'><strong>thesauros</strong></span> <span class='ocrx_word' id='word_1_301' title='bbox 980 2148 1192 2226; x_wconf 84' lang='lat' dir='ltr'><strong>admittimur,</strong></span> <span class='ocrx_word' id='word_1_302' title='bbox 1245 2145 1322 2230; x_wconf 88' lang='lat' dir='ltr'><strong>(Ies.</strong></span> <span class='ocrx_word' id='word_1_303' title='bbox 1342 2148 1371 2224; x_wconf 88' lang='lat'><strong>8,</strong></span> <span class='ocrx_word' id='word_1_304' title='bbox 1393 2146 1461 2229; x_wconf 83' lang='lat' dir='ltr'><strong>l&#39;l),</strong></span> <span class='ocrx_word' id='word_1_305' title='bbox 1483 2148 1643 2226; x_wconf 77' lang='lat' dir='ltr'><strong>pessimas</strong></span> <span class='ocrx_word' id='word_1_306' title='bbox 1670 2156 1842 2231; x_wconf 71' lang='lat' dir='ltr'><strong>exspectare</strong></span> <span class='ocrx_word' id='word_1_307' title='bbox 1867 2151 2056 2232; x_wconf 87' lang='lat' dir='ltr'><strong>Dominum,</strong></span> <span class='ocrx_word' id='word_1_308' title='bbox 2083 2155 2138 2234; x_wconf 80' lang='lat' dir='ltr'><strong>pul</strong></span> <span class='ocrx_word' id='word_1_309' title='bbox 2165 2154 2217 2218; x_wconf 77' lang='lat' dir='ltr'><strong>ab</strong></span> 
     </span>
     <span class='ocr_line' id='line_1_23' title="bbox 221 2231 2217 2320; baseline 0.001 -18"><span class='ocrx_word' id='word_1_310' title='bbox 221 2243 256 2302; x_wconf 85' lang='lat' dir='ltr'><strong>et</strong></span> <span class='ocrx_word' id='word_1_311' title='bbox 274 2236 317 2300; x_wconf 92' lang='lat' dir='ltr'><strong>ad</strong></span> <span class='ocrx_word' id='word_1_312' title='bbox 336 2236 555 2302; x_wconf 86' lang='lat' dir='ltr'><strong>sacratissima</strong></span> <span class='ocrx_word' id='word_1_313' title='bbox 574 2236 667 2318; x_wconf 77' lang='lat' dir='ltr'><strong>regni</strong></span> <span class='ocrx_word' id='word_1_314' title='bbox 688 2236 758 2300; x_wconf 90' lang='lat' dir='ltr'><strong>eius</strong></span> <span class='ocrx_word' id='word_1_315' title='bbox 780 2235 894 2320; x_wconf 89' lang='lat' dir='ltr'><strong>adyta,</strong></span> <span class='ocrx_word' id='word_1_316' title='bbox 923 2255 1005 2317; x_wconf 88' lang='lat' dir='ltr'><strong>quae</strong></span> <span class='ocrx_word' id='word_1_317' title='bbox 1027 2234 1194 2317; x_wconf 85' lang='lat' dir='ltr'><strong>profanari</strong></span> <span class='ocrx_word' id='word_1_318' title='bbox 1244 2231 1395 2296; x_wconf 69' lang='lat' dir='ltr'><strong>scodra</strong></span> <span class='ocrx_word' id='word_1_319' title='bbox 1413 2231 1526 2312; x_wconf 70' lang='lat' dir='ltr'><strong>facum</strong></span> <span class='ocrx_word' id='word_1_320' title='bbox 1546 2254 1638 2297; x_wconf 88' lang='lat' dir='ltr'><strong>snam</strong></span> <span class='ocrx_word' id='word_1_321' title='bbox 1659 2256 1680 2298; x_wconf 89' lang='lat' dir='ltr'><strong>a</strong></span> <span class='ocrx_word' id='word_1_322' title='bbox 1703 2235 1803 2301; x_wconf 80' lang='lat' dir='ltr'><strong>Iacob.</strong></span> <span class='ocrx_word' id='word_1_323' title='bbox 1847 2237 2020 2320; x_wconf 80' lang='lat' dir='ltr'><strong>Insarpunt</strong></span> <span class='ocrx_word' id='word_1_324' title='bbox 2036 2241 2128 2303; x_wconf 86' lang='lat' dir='ltr'><strong>ctiam</strong></span> <span class='ocrx_word' id='word_1_325' title='bbox 2144 2240 2217 2304; x_wconf 88' lang='lat' dir='ltr'><strong>illu-</strong></span> 
     </span>
     <span class='ocr_line' id='line_1_24' title="bbox 220 2317 2216 2409; baseline 0.002 -23"><span class='ocrx_word' id='word_1_326' title='bbox 220 2322 342 2404; x_wconf 90' lang='lat' dir='ltr'><strong>impuri</strong></span> <span class='ocrx_word' id='word_1_327' title='bbox 363 2321 468 2387; x_wconf 86' lang='lat' dir='ltr'><strong>cordis</strong></span> <span class='ocrx_word' id='word_1_328' title='bbox 496 2323 645 2404; x_wconf 84' lang='lat' dir='ltr'><strong>ingressu</strong></span> <span class='ocrx_word' id='word_1_329' title='bbox 667 2343 734 2385; x_wconf 91' lang='lat' dir='ltr'><strong>non</strong></span> <span class='ocrx_word' id='word_1_330' title='bbox 756 2321 855 2385; x_wconf 87' lang='lat' dir='ltr'><strong>dccet</strong></span> <span class='ocrx_word' id='word_1_331' title='bbox 900 2320 997 2401; x_wconf 76' lang='lat' dir='ltr'><strong>Quod</strong></span> <span class='ocrx_word' id='word_1_332' title='bbox 1018 2321 1106 2385; x_wconf 87' lang='lat' dir='ltr'><strong>enim</strong></span> <span class='ocrx_word' id='word_1_333' title='bbox 1127 2327 1194 2383; x_wconf 89' lang='lat' dir='ltr'><strong>tra-</strong></span> <span class='ocrx_word' id='word_1_334' title='bbox 1244 2337 1352 2395; x_wconf 86' lang='lat' dir='ltr'><strong>sores,</strong></span> <span class='ocrx_word' id='word_1_335' title='bbox 1373 2317 1628 2397; x_wconf 80' lang='lat' dir='ltr'><strong>quemadnacdum</strong></span> <span class='ocrx_word' id='word_1_336' title='bbox 1655 2321 1701 2385; x_wconf 85' lang='lat' dir='ltr'><strong>ait</strong></span> <span class='ocrx_word' id='word_1_337' title='bbox 1729 2321 1842 2387; x_wconf 85' lang='lat' dir='ltr'><strong>Petrus</strong></span> <span class='ocrx_word' id='word_1_338' title='bbox 1869 2322 1902 2407; x_wconf 80' lang='grc'><strong>(2</strong></span> <span class='ocrx_word' id='word_1_339' title='bbox 1921 2323 2010 2388; x_wconf 90' lang='lat' dir='ltr'><strong>Petr.</strong></span> <span class='ocrx_word' id='word_1_340' title='bbox 2031 2329 2065 2403; x_wconf 89' lang='grc'><strong>3,</strong></span> <span class='ocrx_word' id='word_1_341' title='bbox 2085 2327 2137 2409; x_wconf 83' lang='lat'><strong>4),</strong></span> <span class='ocrx_word' id='word_1_342' title='bbox 2160 2327 2216 2406; x_wconf 72' lang='lat' dir='ltr'><strong>eui</strong></span> 
     </span>
     <span class='ocr_line' id='line_1_25' title="bbox 222 2402 2221 2492; baseline 0 -21"><span class='ocrx_word' id='word_1_343' title='bbox 222 2405 304 2472; x_wconf 92' lang='lat' dir='ltr'><strong>dunt</strong></span> <span class='ocrx_word' id='word_1_344' title='bbox 338 2407 528 2485; x_wconf 79' lang='lat' dir='ltr'><strong>scholastici,</strong></span> <span class='ocrx_word' id='word_1_345' title='bbox 542 2405 567 2492; x_wconf 92' lang='lat'><strong>¹)</strong></span> <span class='ocrx_word' id='word_1_346' title='bbox 596 2408 767 2472; x_wconf 86' lang='lat' dir='ltr'><strong>caritatem</strong></span> <span class='ocrx_word' id='word_1_347' title='bbox 795 2407 860 2479; x_wconf 85' lang='lat' dir='ltr'><strong>fide</strong></span> <span class='ocrx_word' id='word_1_348' title='bbox 893 2428 930 2471; x_wconf 85' lang='lat' dir='ltr'><strong>ac</strong></span> <span class='ocrx_word' id='word_1_349' title='bbox 963 2428 1020 2487; x_wconf 90' lang='lat' dir='ltr'><strong>spe</strong></span> <span class='ocrx_word' id='word_1_350' title='bbox 1052 2406 1194 2487; x_wconf 86' lang='lat' dir='ltr'><strong>priorem</strong></span> <span class='ocrx_word' id='word_1_351' title='bbox 1243 2406 1368 2485; x_wconf 80' lang='lat' dir='ltr'><strong>repant:</strong></span> <span class='ocrx_word' id='word_1_352' title='bbox 1389 2402 1442 2466; x_wconf 87' lang='lat' dir='ltr'><strong>ubi</strong></span> <span class='ocrx_word' id='word_1_353' title='bbox 1460 2407 1503 2466; x_wconf 87' lang='lat' dir='ltr'><strong>est</strong></span> <span class='ocrx_word' id='word_1_354' title='bbox 1509 2406 1678 2484; x_wconf 84' lang='lat' dir='ltr'><strong>promissio</strong></span> <span class='ocrx_word' id='word_1_355' title='bbox 1696 2408 1742 2472; x_wconf 84' lang='lat' dir='ltr'><strong>rel</strong></span> <span class='ocrx_word' id='word_1_356' title='bbox 1763 2409 1912 2473; x_wconf 73' lang='lat' dir='ltr'><strong>adonem</strong></span> <span class='ocrx_word' id='word_1_357' title='bbox 1930 2411 2021 2473; x_wconf 76' lang='lat' dir='ltr'><strong>eius?</strong></span> <span class='ocrx_word' id='word_1_358' title='bbox 2042 2413 2165 2492; x_wconf 80' lang='lat' dir='ltr'><strong>qaamlc</strong></span> <span class='ocrx_word' id='word_1_359' title='bbox 2182 2432 2221 2476; x_wconf 76' lang='lat' dir='ltr'><strong>nr</strong></span> 
     </span>
     <span class='ocr_line' id='line_1_26' title="bbox 220 2489 2220 2577; baseline 0.001 -19"><span class='ocrx_word' id='word_1_360' title='bbox 220 2514 301 2571; x_wconf 88' lang='lat' dir='ltr'><strong>esse,</strong></span> <span class='ocrx_word' id='word_1_361' title='bbox 323 2515 451 2557; x_wconf 89' lang='lat' dir='ltr'><strong>merum</strong></span> <span class='ocrx_word' id='word_1_362' title='bbox 472 2499 522 2558; x_wconf 90' lang='lat' dir='ltr'><strong>est</strong></span> <span class='ocrx_word' id='word_1_363' title='bbox 549 2491 812 2556; x_wconf 84' lang='lat' dir='ltr'><strong>deliramentum:</strong></span> <span class='ocrx_word' id='word_1_364' title='bbox 842 2491 1104 2574; x_wconf 84' lang='lat' dir='ltr'><strong>quandoquidem</strong></span> <span class='ocrx_word' id='word_1_365' title='bbox 1125 2491 1194 2555; x_wconf 85' lang='lat' dir='ltr'><strong>sola</strong></span> <span class='ocrx_word' id='word_1_366' title='bbox 1245 2508 1305 2569; x_wconf 79' lang='lat' dir='ltr'><strong>pac</strong></span> <span class='ocrx_word' id='word_1_367' title='bbox 1321 2494 1429 2570; x_wconf 86' lang='lat' dir='ltr'><strong>patres</strong></span> <span class='ocrx_word' id='word_1_368' title='bbox 1450 2489 1648 2568; x_wconf 83' lang='lat' dir='ltr'><strong>dormierunt,</strong></span> <span class='ocrx_word' id='word_1_369' title='bbox 1671 2495 1777 2559; x_wconf 89' lang='lat' dir='ltr'><strong>omnia</strong></span> <span class='ocrx_word' id='word_1_370' title='bbox 1793 2495 1841 2559; x_wconf 88' lang='lat' dir='ltr'><strong>sic</strong></span> <span class='ocrx_word' id='word_1_371' title='bbox 1855 2500 2053 2577; x_wconf 72' lang='lat' dir='ltr'><strong>pessumam</strong></span> <span class='ocrx_word' id='word_1_372' title='bbox 2069 2496 2108 2559; x_wconf 92' lang='lat' dir='ltr'><strong>ab</strong></span> <span class='ocrx_word' id='word_1_373' title='bbox 2129 2499 2220 2561; x_wconf 84' lang='lat' dir='ltr'><strong>initia</strong></span> 
     </span>
     <span class='ocr_line' id='line_1_27' title="bbox 126 2573 2220 2661; baseline 0 -17"><span class='ocrx_word' id='word_1_374' title='bbox 126 2599 132 2618; x_wconf 76' lang='lat'><strong><em>⁴</em></strong></span> <span class='ocrx_word' id='word_1_375' title='bbox 220 2586 272 2644; x_wconf 88' lang='lat' dir='ltr'><strong>est</strong></span> <span class='ocrx_word' id='word_1_376' title='bbox 295 2579 389 2656; x_wconf 86' lang='lat' dir='ltr'><strong>fides,</strong></span> <span class='ocrx_word' id='word_1_377' title='bbox 412 2599 495 2661; x_wconf 86' lang='lat' dir='ltr'><strong>quae</strong></span> <span class='ocrx_word' id='word_1_378' title='bbox 521 2579 556 2642; x_wconf 92' lang='lat' dir='ltr'><strong>in</strong></span> <span class='ocrx_word' id='word_1_379' title='bbox 577 2579 670 2644; x_wconf 89' lang='lat' dir='ltr'><strong>nobis</strong></span> <span class='ocrx_word' id='word_1_380' title='bbox 693 2579 862 2643; x_wconf 88' lang='lat' dir='ltr'><strong>caritatem</strong></span> <span class='ocrx_word' id='word_1_381' title='bbox 882 2579 1027 2660; x_wconf 88' lang='lat' dir='ltr'><strong>primum</strong></span> <span class='ocrx_word' id='word_1_382' title='bbox 1048 2587 1191 2659; x_wconf 81' lang='lat' dir='ltr'><strong>generat</strong></span> <span class='ocrx_word' id='word_1_383' title='bbox 1245 2575 1415 2639; x_wconf 72' lang='lat' dir='ltr'><strong>aramme</strong></span> <span class='ocrx_word' id='word_1_384' title='bbox 1472 2573 1542 2638; x_wconf 84' lang='lat' dir='ltr'><strong>Ima</strong></span> <span class='ocrx_word' id='word_1_385' title='bbox 1569 2577 1675 2641; x_wconf 86' lang='lat' dir='ltr'><strong>eadem</strong></span> <span class='ocrx_word' id='word_1_386' title='bbox 1702 2579 1777 2644; x_wconf 85' lang='lat' dir='ltr'><strong>lmec</strong></span> <span class='ocrx_word' id='word_1_387' title='bbox 1806 2580 1892 2644; x_wconf 74' lang='lat' dir='ltr'><strong>nobis</strong></span> <span class='ocrx_word' id='word_1_388' title='bbox 1925 2581 2128 2645; x_wconf 76' lang='lat' dir='ltr'><strong>insusurrant</strong></span> <span class='ocrx_word' id='word_1_389' title='bbox 2147 2602 2220 2645; x_wconf 87' lang='lat' dir='ltr'><strong>caro</strong></span> 
     </span>
     <span class='ocr_line' id='line_1_28' title="bbox 220 2660 2219 2746; baseline 0.001 -19"><span class='ocrx_word' id='word_1_390' title='bbox 220 2663 347 2729; x_wconf 87' lang='lat' dir='ltr'><strong>Vermn</strong></span> <span class='ocrx_word' id='word_1_391' title='bbox 365 2665 448 2730; x_wconf 88' lang='lat' dir='ltr'><strong>haec</strong></span> <span class='ocrx_word' id='word_1_392' title='bbox 470 2671 503 2728; x_wconf 88' lang='lat' dir='ltr'><strong>et</strong></span> <span class='ocrx_word' id='word_1_393' title='bbox 525 2664 589 2729; x_wconf 88' lang='lat' dir='ltr'><strong>alia</strong></span> <span class='ocrx_word' id='word_1_394' title='bbox 606 2664 673 2728; x_wconf 89' lang='lat' dir='ltr'><strong>suis</strong></span> <span class='ocrx_word' id='word_1_395' title='bbox 689 2662 768 2728; x_wconf 89' lang='lat' dir='ltr'><strong>locis</strong></span> <span class='ocrx_word' id='word_1_396' title='bbox 786 2662 956 2728; x_wconf 86' lang='lat' dir='ltr'><strong>tractanda</strong></span> <span class='ocrx_word' id='word_1_397' title='bbox 973 2675 1083 2740; x_wconf 81' lang='lat' dir='ltr'><strong>erunt3</strong></span> <span class='ocrx_word' id='word_1_398' title='bbox 1105 2684 1193 2727; x_wconf 89' lang='lat' dir='ltr'><strong>nunc</strong></span> <span class='ocrx_word' id='word_1_399' title='bbox 1246 2664 1273 2724; x_wconf 89' lang='lat' dir='ltr'><strong>ct</strong></span> <span class='ocrx_word' id='word_1_400' title='bbox 1294 2661 1445 2737; x_wconf 55' lang='lat' dir='ltr'><strong>mandem</strong></span> <span class='ocrx_word' id='word_1_401' title='bbox 1466 2660 1516 2724; x_wconf 84' lang='lat' dir='ltr'><strong>lic</strong></span> <span class='ocrx_word' id='word_1_402' title='bbox 1535 2662 1636 2742; x_wconf 72' lang='lat' dir='ltr'><strong>fidern,</strong></span> <span class='ocrx_word' id='word_1_403' title='bbox 1659 2665 1726 2744; x_wconf 81' lang='lat' dir='ltr'><strong>spei</strong></span> <span class='ocrx_word' id='word_1_404' title='bbox 1745 2665 1906 2730; x_wconf 72' lang='lat' dir='ltr'><strong>mlaantia</strong></span> <span class='ocrx_word' id='word_1_405' title='bbox 1922 2666 2090 2746; x_wconf 74' lang='lat' dir='ltr'><strong>suffldtam,</strong></span> <span class='ocrx_word' id='word_1_406' title='bbox 2113 2667 2147 2728; x_wconf 91' lang='lat' dir='ltr'><strong>in</strong></span> <span class='ocrx_word' id='word_1_407' title='bbox 2169 2689 2219 2732; x_wconf 88' lang='lat' dir='ltr'><strong>ae-</strong></span> 
     </span>
     <span class='ocr_line' id='line_1_29' title="bbox 220 2745 2220 2832; baseline 0 -18"><span class='ocrx_word' id='word_1_408' title='bbox 220 2755 350 2814; x_wconf 87' lang='lat' dir='ltr'><strong>tantum</strong></span> <span class='ocrx_word' id='word_1_409' title='bbox 372 2749 450 2832; x_wconf 91' lang='lat' dir='ltr'><strong>quid</strong></span> <span class='ocrx_word' id='word_1_410' title='bbox 471 2750 552 2814; x_wconf 87' lang='lat' dir='ltr'><strong>fides</strong></span> <span class='ocrx_word' id='word_1_411' title='bbox 571 2751 644 2832; x_wconf 91' lang='lat' dir='ltr'><strong>ipsa</strong></span> <span class='ocrx_word' id='word_1_412' title='bbox 664 2750 716 2825; x_wconf 92' lang='lat' dir='ltr'><strong>sit,</strong></span> <span class='ocrx_word' id='word_1_413' title='bbox 738 2748 859 2813; x_wconf 86' lang='lat' dir='ltr'><strong>habere</strong></span> <span class='ocrx_word' id='word_1_414' title='bbox 879 2749 1027 2813; x_wconf 87' lang='lat' dir='ltr'><strong>sufficiat</strong></span> <span class='ocrx_word' id='word_1_415' title='bbox 1066 2773 1070 2783; x_wconf 63' lang='lat'><strong><em>¹</em></strong></span> <span class='ocrx_word' id='word_1_416' title='bbox 1164 2791 1174 2800; x_wconf 84' lang='lat'><em>-</em></span> <span class='ocrx_word' id='word_1_417' title='bbox 1246 2745 1400 2809; x_wconf 82' lang='lat' dir='ltr'><strong>temitatls</strong></span> <span class='ocrx_word' id='word_1_418' title='bbox 1432 2747 1677 2827; x_wconf 84' lang='lat' dir='ltr'><strong>contenplationc</strong></span> <span class='ocrx_word' id='word_1_419' title='bbox 1703 2750 1837 2831; x_wconf 67' lang='lat' dir='ltr'><strong>defixam</strong></span> <span class='ocrx_word' id='word_1_420' title='bbox 1865 2752 1989 2814; x_wconf 88' lang='lat' dir='ltr'><strong>retineri</strong></span> <span class='ocrx_word' id='word_1_421' title='bbox 2013 2757 2220 2832; x_wconf 64' lang='lat' dir='ltr'><strong>oportetque</strong></span> 
     </span>
    </p>

    <p class='ocr_par' dir='ltr' id='par_1_3' title="bbox 307 2831 1913 2919">
     <span class='ocr_line' id='line_1_30' title="bbox 307 2831 1913 2919; baseline 0.001 -22"><span class='ocrx_word' id='word_1_422' title='bbox 307 2839 356 2898; x_wconf 89' lang='grc'><strong>37.</strong></span> <span class='ocrx_word' id='word_1_423' title='bbox 366 2835 396 2919; x_wconf 83' lang='lat'><strong>²)</strong></span> <span class='ocrx_word' id='word_1_424' title='bbox 440 2835 514 2899; x_wconf 90' lang='lat' dir='ltr'><strong>Iam</strong></span> <span class='ocrx_word' id='word_1_425' title='bbox 541 2856 611 2900; x_wconf 86' lang='lat' dir='ltr'><strong>aero</strong></span> <span class='ocrx_word' id='word_1_426' title='bbox 632 2834 801 2915; x_wconf 76' lang='lat' dir='ltr'><strong>ubicmque</strong></span> <span class='ocrx_word' id='word_1_427' title='bbox 827 2835 898 2898; x_wconf 87' lang='lat' dir='ltr'><strong>riva</strong></span> <span class='ocrx_word' id='word_1_428' title='bbox 925 2835 983 2900; x_wconf 82' lang='lat' dir='ltr'><strong>nil</strong></span> <span class='ocrx_word' id='word_1_429' title='bbox 1009 2833 1082 2898; x_wconf 83' lang='lat' dir='ltr'><strong>laec</strong></span> <span class='ocrx_word' id='word_1_430' title='bbox 1106 2834 1192 2914; x_wconf 71' lang='lat' dir='ltr'><strong>fides,</strong></span> <span class='ocrx_word' id='word_1_431' title='bbox 1245 2831 1329 2894; x_wconf 87' lang='lat' dir='ltr'><strong>mille</strong></span> <span class='ocrx_word' id='word_1_432' title='bbox 1349 2850 1446 2895; x_wconf 86' lang='lat' dir='ltr'><strong>annos</strong></span> <span class='ocrx_word' id='word_1_433' title='bbox 1467 2832 1569 2896; x_wconf 84' lang='lat' dir='ltr'><strong>instar</strong></span> <span class='ocrx_word' id='word_1_434' title='bbox 1589 2834 1653 2898; x_wconf 85' lang='lat' dir='ltr'><strong>diei</strong></span> <span class='ocrx_word' id='word_1_435' title='bbox 1673 2836 1771 2899; x_wconf 86' lang='lat' dir='ltr'><strong>unias</strong></span> <span class='ocrx_word' id='word_1_436' title='bbox 1790 2841 1913 2919; x_wconf 81' lang='lat' dir='ltr'><strong>reputet.</strong></span> 
     </span>
    </p>

    <p class='ocr_par' dir='ltr' id='par_1_4' title="bbox 218 2916 2220 3090">
     <span class='ocr_line' id='line_1_31' title="bbox 218 2916 2220 3005; baseline 0.002 -22"><span class='ocrx_word' id='word_1_437' title='bbox 218 2922 289 3002; x_wconf 74' lang='lat' dir='ltr'><strong>fieri</strong></span> <span class='ocrx_word' id='word_1_438' title='bbox 318 2941 379 2984; x_wconf 76' lang='lat' dir='ltr'><strong>raon</strong></span> <span class='ocrx_word' id='word_1_439' title='bbox 405 2922 518 3000; x_wconf 83' lang='lat' dir='ltr'><strong>poterit</strong></span> <span class='ocrx_word' id='word_1_440' title='bbox 544 2921 622 3000; x_wconf 79' lang='lat' dir='ltr'><strong>puin</strong></span> <span class='ocrx_word' id='word_1_441' title='bbox 647 2941 732 3001; x_wconf 67' lang='lat' dir='ltr'><strong>mem</strong></span> <span class='ocrx_word' id='word_1_442' title='bbox 758 2925 898 2985; x_wconf 72' lang='lat' dir='ltr'><strong>aeternae</strong></span> <span class='ocrx_word' id='word_1_443' title='bbox 926 2919 1046 2991; x_wconf 76' lang='lat' dir='ltr'><strong>salutis,</strong></span> <span class='ocrx_word' id='word_1_444' title='bbox 1059 2920 1195 2984; x_wconf 88' lang='lat' dir='ltr'><strong>mmitem</strong></span> <span class='ocrx_word' id='word_1_445' title='bbox 1333 2920 1382 2979; x_wconf 82' lang='lat'><strong>38.</strong></span> <span class='ocrx_word' id='word_1_446' title='bbox 1430 2916 1561 2997; x_wconf 81' lang='lat' dir='ltr'><strong>Propter</strong></span> <span class='ocrx_word' id='word_1_447' title='bbox 1585 2919 1665 2984; x_wconf 81' lang='lat' dir='ltr'><strong>bane</strong></span> <span class='ocrx_word' id='word_1_448' title='bbox 1692 2925 1758 2984; x_wconf 89' lang='lat' dir='ltr'><strong>tum</strong></span> <span class='ocrx_word' id='word_1_449' title='bbox 1783 2923 2031 3000; x_wconf 70' lang='lat' dir='ltr'><strong>enumerationem,</strong></span> <span class='ocrx_word' id='word_1_450' title='bbox 2062 2926 2127 2986; x_wconf 88' lang='lat' dir='ltr'><strong>tum</strong></span> <span class='ocrx_word' id='word_1_451' title='bbox 2149 2925 2220 3005; x_wconf 72' lang='lat' dir='ltr'><strong>afsl-</strong></span> 
     </span>
     <span class='ocr_line' id='line_1_32' title="bbox 219 3002 2220 3090; baseline 0.002 -20"><span class='ocrx_word' id='word_1_452' title='bbox 219 3026 322 3071; x_wconf 91' lang='lat' dir='ltr'><strong>secum</strong></span> <span class='ocrx_word' id='word_1_453' title='bbox 351 3005 459 3070; x_wconf 73' lang='lat' dir='ltr'><strong>liabent</strong></span> <span class='ocrx_word' id='word_1_454' title='bbox 486 3006 698 3085; x_wconf 85' lang='lat' dir='ltr'><strong>individuam,</strong></span> <span class='ocrx_word' id='word_1_455' title='bbox 726 3006 772 3071; x_wconf 84' lang='lat' dir='ltr'><strong>ael</strong></span> <span class='ocrx_word' id='word_1_456' title='bbox 793 3006 900 3086; x_wconf 87' lang='lat' dir='ltr'><strong>potius</strong></span> <span class='ocrx_word' id='word_1_457' title='bbox 920 3016 958 3070; x_wconf 81' lang='lat' dir='ltr'><strong>&#39;ea</strong></span> <span class='ocrx_word' id='word_1_458' title='bbox 984 3025 1016 3068; x_wconf 88' lang='lat' dir='ltr'><strong>sc</strong></span> <span class='ocrx_word' id='word_1_459' title='bbox 1040 3006 1148 3087; x_wconf 78' lang='lat' dir='ltr'><strong>plpnat</strong></span> <span class='ocrx_word' id='word_1_460' title='bbox 1168 3010 1196 3068; x_wconf 82' lang='lat' dir='ltr'><strong>et</strong></span> <span class='ocrx_word' id='word_1_461' title='bbox 1245 3003 1380 3080; x_wconf 86' lang='lat' dir='ltr'><strong>nitatem,</strong></span> <span class='ocrx_word' id='word_1_462' title='bbox 1401 3002 1557 3083; x_wconf 77' lang='lat' dir='ltr'><strong>scriptura</strong></span> <span class='ocrx_word' id='word_1_463' title='bbox 1579 3006 1734 3070; x_wconf 86' lang='lat' dir='ltr'><strong>interdum</strong></span> <span class='ocrx_word' id='word_1_464' title='bbox 1753 3007 1828 3087; x_wconf 74' lang='lat' dir='ltr'><strong>{idei</strong></span> <span class='ocrx_word' id='word_1_465' title='bbox 1848 3013 1876 3072; x_wconf 87' lang='lat' dir='ltr'><strong>et</strong></span> <span class='ocrx_word' id='word_1_466' title='bbox 1896 3009 1964 3090; x_wconf 80' lang='lat' dir='ltr'><strong>spei</strong></span> <span class='ocrx_word' id='word_1_467' title='bbox 1984 3008 2132 3074; x_wconf 64' lang='lat' dir='ltr'><strong>acedula</strong></span> <span class='ocrx_word' id='word_1_468' title='bbox 2152 3029 2220 3073; x_wconf 84' lang='grc' dir='ltr'><em>ννν-</em></span> 
     </span>
    </p>
   </div>
   <div class='ocr_carea' id='block_1_3' title="bbox 102 3078 2219 3178">
    <p class='ocr_par' dir='ltr' id='par_1_5' title="bbox 102 3078 2219 3178">
     <span class='ocr_line' id='line_1_33' title="bbox 102 3078 2219 3178; baseline 0.002 -24"><span class='ocrx_word' id='word_1_469' title='bbox 102 3091 110 3108; x_wconf 79' lang='grc'><strong>“</strong></span> <span class='ocrx_word' id='word_1_470' title='bbox 221 3095 357 3169; x_wconf 76' lang='lat' dir='ltr'><strong>arserat,</strong></span> <span class='ocrx_word' id='word_1_471' title='bbox 387 3111 450 3170; x_wconf 80' lang='lat' dir='ltr'><strong>qua</strong></span> <span class='ocrx_word' id='word_1_472' title='bbox 478 3090 615 3170; x_wconf 86' lang='lat' dir='ltr'><strong>sublata,</strong></span> <span class='ocrx_word' id='word_1_473' title='bbox 648 3091 812 3171; x_wconf 80' lang='lat' dir='ltr'><strong>qaandlbet</strong></span> <span class='ocrx_word' id='word_1_474' title='bbox 837 3091 948 3156; x_wconf 72' lang='lat' dir='ltr'><strong>dnerte</strong></span> <span class='ocrx_word' id='word_1_475' title='bbox 975 3096 1064 3171; x_wconf 80' lang='lat' dir='ltr'><strong>ctpcce</strong></span> <span class='ocrx_word' id='word_1_476' title='bbox 1091 3096 1196 3154; x_wconf 88' lang='lat' dir='ltr'><strong>ornate</strong></span> <span class='ocrx_word' id='word_1_477' title='bbox 1243 3087 1357 3168; x_wconf 73' lang='lat' dir='ltr'><strong>fundit.</strong></span> <span class='ocrx_word' id='word_1_478' title='bbox 1402 3087 1488 3152; x_wconf 89' lang='lat' dir='ltr'><strong>Nam</strong></span> <span class='ocrx_word' id='word_1_479' title='bbox 1513 3078 1609 3168; x_wconf 77' lang='lat' dir='ltr'><strong>quum</strong></span> <span class='ocrx_word' id='word_1_480' title='bbox 1633 3091 1746 3156; x_wconf 85' lang='lat' dir='ltr'><strong>Petrus</strong></span> <span class='ocrx_word' id='word_1_481' title='bbox 1773 3092 1855 3157; x_wconf 86' lang='lat' dir='ltr'><strong>docet</strong></span> <span class='ocrx_word' id='word_1_482' title='bbox 1880 3094 1913 3178; x_wconf 83' lang='lat'><strong>(1</strong></span> <span class='ocrx_word' id='word_1_483' title='bbox 1933 3093 2024 3157; x_wconf 87' lang='lat' dir='ltr'><strong>Petr.</strong></span> <span class='ocrx_word' id='word_1_484' title='bbox 2048 3101 2073 3171; x_wconf 88' lang='lat' dir='ltr'><strong>l,</strong></span> <span class='ocrx_word' id='word_1_485' title='bbox 2094 3098 2128 3175; x_wconf 86' lang='lat'><strong>5)</strong></span> <span class='ocrx_word' id='word_1_486' title='bbox 2156 3097 2219 3158; x_wconf 87' lang='lat' dir='ltr'><strong>rir-</strong></span> 
     </span>
    </p>
   </div>
   <div class='ocr_carea' id='block_1_4' title="bbox 193 3172 2243 5093">
    <p class='ocr_par' dir='ltr' id='par_1_6' title="bbox 193 3172 2243 5093">
     <span class='ocr_line' id='line_1_34' title="bbox 193 3172 2221 3260; baseline 0.001 -19"><span class='ocrx_word' id='word_1_487' title='bbox 193 3195 198 3216; x_wconf 90' lang='lat'><strong>·</strong></span> <span class='ocrx_word' id='word_1_488' title='bbox 221 3176 259 3241; x_wconf 87' lang='lat' dir='ltr'><strong>de</strong></span> <span class='ocrx_word' id='word_1_489' title='bbox 277 3176 339 3258; x_wconf 71' lang='lat' dir='ltr'><strong>fide</strong></span> <span class='ocrx_word' id='word_1_490' title='bbox 358 3176 557 3255; x_wconf 78' lang='lat' dir='ltr'><strong>disseramus,</strong></span> <span class='ocrx_word' id='word_1_491' title='bbox 579 3177 699 3240; x_wconf 90' lang='lat' dir='ltr'><strong>nullam</strong></span> <span class='ocrx_word' id='word_1_492' title='bbox 720 3176 830 3242; x_wconf 80' lang='lat' dir='ltr'><strong>babere</strong></span> <span class='ocrx_word' id='word_1_493' title='bbox 851 3178 1067 3242; x_wconf 76' lang='lat' dir='ltr'><strong>convincimur.</strong></span> <span class='ocrx_word' id='word_1_494' title='bbox 1109 3175 1196 3239; x_wconf 86' lang='lat' dir='ltr'><strong>Nam</strong></span> <span class='ocrx_word' id='word_1_495' title='bbox 1246 3179 1307 3237; x_wconf 91' lang='lat' dir='ltr'><strong>tute</strong></span> <span class='ocrx_word' id='word_1_496' title='bbox 1327 3172 1391 3236; x_wconf 87' lang='lat' dir='ltr'><strong>Dei</strong></span> <span class='ocrx_word' id='word_1_497' title='bbox 1412 3193 1468 3237; x_wconf 90' lang='lat' dir='ltr'><strong>nos</strong></span> <span class='ocrx_word' id='word_1_498' title='bbox 1483 3195 1544 3254; x_wconf 91' lang='lat' dir='ltr'><strong>per</strong></span> <span class='ocrx_word' id='word_1_499' title='bbox 1563 3176 1656 3256; x_wconf 67' lang='lat' dir='ltr'><strong>pidem</strong></span> <span class='ocrx_word' id='word_1_500' title='bbox 1676 3177 1834 3258; x_wconf 67' lang='lat' dir='ltr'><strong>mandiri,</strong></span> <span class='ocrx_word' id='word_1_501' title='bbox 1857 3190 1954 3260; x_wconf 80' lang='lat' dir='ltr'><strong>usqne</strong></span> <span class='ocrx_word' id='word_1_502' title='bbox 1976 3180 2019 3244; x_wconf 92' lang='lat' dir='ltr'><strong>ad</strong></span> <span class='ocrx_word' id='word_1_503' title='bbox 2040 3180 2154 3244; x_wconf 86' lang='lat' dir='ltr'><strong>salutis</strong></span> <span class='ocrx_word' id='word_1_504' title='bbox 2174 3202 2221 3245; x_wconf 86' lang='lat' dir='ltr'><strong>re-</strong></span> 
     </span>
     <span class='ocr_line' id='line_1_35' title="bbox 221 3259 2220 3346; baseline 0.002 -20"><span class='ocrx_word' id='word_1_505' title='bbox 221 3263 251 3326; x_wconf 90' lang='lat' dir='ltr'><strong>si</strong></span> <span class='ocrx_word' id='word_1_506' title='bbox 271 3262 349 3343; x_wconf 74' lang='lat' dir='ltr'><strong>fides</strong></span> <span class='ocrx_word' id='word_1_507' title='bbox 371 3261 420 3343; x_wconf 87' lang='lat' dir='ltr'><strong>(ut</strong></span> <span class='ocrx_word' id='word_1_508' title='bbox 440 3261 583 3326; x_wconf 85' lang='lat' dir='ltr'><strong>auditam</strong></span> <span class='ocrx_word' id='word_1_509' title='bbox 605 3260 662 3345; x_wconf 86' lang='lat' dir='ltr'><strong>cst)</strong></span> <span class='ocrx_word' id='word_1_510' title='bbox 685 3268 767 3327; x_wconf 86' lang='lat' dir='ltr'><strong>certa</strong></span> <span class='ocrx_word' id='word_1_511' title='bbox 783 3268 827 3327; x_wconf 84' lang='lat' dir='ltr'><strong>est</strong></span> <span class='ocrx_word' id='word_1_512' title='bbox 847 3264 885 3327; x_wconf 84' lang='lat' dir='ltr'><strong>de</strong></span> <span class='ocrx_word' id='word_1_513' title='bbox 901 3264 1027 3327; x_wconf 82' lang='lat' dir='ltr'><strong>veritate</strong></span> <span class='ocrx_word' id='word_1_514' title='bbox 1042 3261 1106 3326; x_wconf 87' lang='lat' dir='ltr'><strong>Dei</strong></span> <span class='ocrx_word' id='word_1_515' title='bbox 1122 3282 1196 3343; x_wconf 89' lang='lat' dir='ltr'><strong>pcr-</strong></span> <span class='ocrx_word' id='word_1_516' title='bbox 1246 3259 1438 3337; x_wconf 78' lang='lat' dir='ltr'><strong>palatiorum,</strong></span> <span class='ocrx_word' id='word_1_517' title='bbox 1467 3260 1549 3340; x_wconf 78' lang='lat' dir='ltr'><strong>qaod</strong></span> <span class='ocrx_word' id='word_1_518' title='bbox 1569 3262 1637 3342; x_wconf 82' lang='lat' dir='ltr'><strong>spel</strong></span> <span class='ocrx_word' id='word_1_519' title='bbox 1665 3264 1766 3345; x_wconf 80' lang='lat' dir='ltr'><strong>napis</strong></span> <span class='ocrx_word' id='word_1_520' title='bbox 1787 3264 1977 3346; x_wconf 79' lang='lat' dir='ltr'><strong>quadrabat,</strong></span> <span class='ocrx_word' id='word_1_521' title='bbox 2001 3265 2076 3346; x_wconf 71' lang='lat' dir='ltr'><strong>fidei</strong></span> <span class='ocrx_word' id='word_1_522' title='bbox 2096 3265 2220 3345; x_wconf 57' lang='lat' dir='ltr'><strong>tributu</strong></span> 
     </span>
     <span class='ocr_line' id='line_1_36' title="bbox 220 3345 2220 3431; baseline 0.001 -18"><span class='ocrx_word' id='word_1_523' title='bbox 220 3348 341 3425; x_wconf 78' lang='lat' dir='ltr'><strong>maen,</strong></span> <span class='ocrx_word' id='word_1_524' title='bbox 364 3347 444 3428; x_wconf 77' lang='lat' dir='ltr'><strong>quod</strong></span> <span class='ocrx_word' id='word_1_525' title='bbox 464 3367 518 3412; x_wconf 88' lang='lat' dir='ltr'><strong>nec</strong></span> <span class='ocrx_word' id='word_1_526' title='bbox 538 3349 663 3411; x_wconf 73' lang='lat' dir='ltr'><strong>mertui</strong></span> <span class='ocrx_word' id='word_1_527' title='bbox 682 3347 782 3425; x_wconf 68' lang='lat' dir='ltr'><strong>nome,</strong></span> <span class='ocrx_word' id='word_1_528' title='bbox 809 3369 863 3413; x_wconf 87' lang='lat' dir='ltr'><strong>nee</strong></span> <span class='ocrx_word' id='word_1_529' title='bbox 882 3348 1005 3430; x_wconf 73' lang='lat' dir='ltr'><strong>sedne,</strong></span> <span class='ocrx_word' id='word_1_530' title='bbox 1027 3368 1080 3412; x_wconf 81' lang='lat' dir='ltr'><strong>mc</strong></span> <span class='ocrx_word' id='word_1_531' title='bbox 1101 3348 1196 3411; x_wconf 79' lang='lat' dir='ltr'><strong>irrita</strong></span> <span class='ocrx_word' id='word_1_532' title='bbox 1245 3365 1341 3425; x_wconf 82' lang='lat' dir='ltr'><strong>neque</strong></span> <span class='ocrx_word' id='word_1_533' title='bbox 1373 3345 1542 3409; x_wconf 77' lang='lat' dir='ltr'><strong>namna:</strong></span> <span class='ocrx_word' id='word_1_534' title='bbox 1571 3348 1788 3431; x_wconf 20' lang='lat' dir='ltr'><strong>pandosiam</strong></span> <span class='ocrx_word' id='word_1_535' title='bbox 1815 3348 1989 3429; x_wconf 75' lang='lat' dir='ltr'><strong>mmmm,</strong></span> <span class='ocrx_word' id='word_1_536' title='bbox 2017 3350 2098 3414; x_wconf 82' lang='lat' dir='ltr'><strong>nibil</strong></span> <span class='ocrx_word' id='word_1_537' title='bbox 2130 3352 2220 3417; x_wconf 87' lang='lat' dir='ltr'><strong>allud</strong></span> 
     </span>
     <span class='ocr_line' id='line_1_37' title="bbox 220 3432 2220 3517; baseline 0.002 -19"><span class='ocrx_word' id='word_1_538' title='bbox 220 3454 285 3499; x_wconf 87' lang='lat' dir='ltr'><strong>esse</strong></span> <span class='ocrx_word' id='word_1_539' title='bbox 312 3437 418 3514; x_wconf 68' lang='lat' dir='ltr'><strong>queat·</strong></span> <span class='ocrx_word' id='word_1_540' title='bbox 446 3434 501 3514; x_wconf 78' lang='lat' dir='ltr'><strong>qui</strong></span> <span class='ocrx_word' id='word_1_541' title='bbox 529 3433 608 3497; x_wconf 82' lang='lat' dir='ltr'><strong>banc</strong></span> <span class='ocrx_word' id='word_1_542' title='bbox 635 3434 844 3498; x_wconf 79' lang='lat' dir='ltr'><strong>cerlrtadinem</strong></span> <span class='ocrx_word' id='word_1_543' title='bbox 869 3438 1079 3516; x_wconf 76' lang='lat' dir='ltr'><strong>succeperunt,</strong></span> <span class='ocrx_word' id='word_1_544' title='bbox 1101 3433 1195 3496; x_wconf 84' lang='lat' dir='ltr'><strong>simul</strong></span> <span class='ocrx_word' id='word_1_545' title='bbox 1245 3451 1331 3511; x_wconf 82' lang='lat' dir='ltr'><strong>spem</strong></span> <span class='ocrx_word' id='word_1_546' title='bbox 1352 3450 1416 3494; x_wconf 86' lang='lat' dir='ltr'><strong>esse</strong></span> <span class='ocrx_word' id='word_1_547' title='bbox 1437 3451 1531 3510; x_wconf 78' lang='lat' dir='ltr'><strong>quam</strong></span> <span class='ocrx_word' id='word_1_548' title='bbox 1550 3432 1625 3513; x_wconf 82' lang='lat' dir='ltr'><strong>fidei</strong></span> <span class='ocrx_word' id='word_1_549' title='bbox 1646 3432 1826 3499; x_wconf 75' lang='lat' dir='ltr'><strong>ameum</strong></span> <span class='ocrx_word' id='word_1_550' title='bbox 1846 3441 1875 3499; x_wconf 87' lang='lat' dir='ltr'><strong>et</strong></span> <span class='ocrx_word' id='word_1_551' title='bbox 1895 3435 1996 3500; x_wconf 86' lang='lat' dir='ltr'><strong>robur.</strong></span> <span class='ocrx_word' id='word_1_552' title='bbox 2031 3437 2138 3517; x_wconf 73' lang='lat' dir='ltr'><strong>Neque</strong></span> <span class='ocrx_word' id='word_1_553' title='bbox 2154 3439 2220 3502; x_wconf 91' lang='lat' dir='ltr'><strong>iam</strong></span> 
     </span>
     <span class='ocr_line' id='line_1_38' title="bbox 214 3515 2221 3604; baseline 0.002 -21"><span class='ocrx_word' id='word_1_554' title='bbox 214 3519 350 3602; x_wconf 72' lang='lat' dir='ltr'><strong>profecto</strong></span> <span class='ocrx_word' id='word_1_555' title='bbox 381 3524 553 3600; x_wconf 71' lang='lat' dir='ltr'><strong>suspectmt</strong></span> <span class='ocrx_word' id='word_1_556' title='bbox 581 3520 649 3600; x_wconf 80' lang='lat' dir='ltr'><strong>fare</strong></span> <span class='ocrx_word' id='word_1_557' title='bbox 677 3523 712 3582; x_wconf 90' lang='lat' dir='ltr'><strong>ut</strong></span> <span class='ocrx_word' id='word_1_558' title='bbox 743 3520 968 3600; x_wconf 71' lang='lat' dir='ltr'><strong>mmnmmones</strong></span> <span class='ocrx_word' id='word_1_559' title='bbox 997 3539 1075 3583; x_wconf 83' lang='lat' dir='ltr'><strong>suas</strong></span> <span class='ocrx_word' id='word_1_560' title='bbox 1105 3517 1195 3582; x_wconf 86' lang='lat' dir='ltr'><strong>Deus</strong></span> <span class='ocrx_word' id='word_1_561' title='bbox 1245 3515 1407 3581; x_wconf 78' lang='lat' dir='ltr'><strong>absarrum</strong></span> <span class='ocrx_word' id='word_1_562' title='bbox 1429 3521 1481 3594; x_wconf 87' lang='lat' dir='ltr'><strong>est,</strong></span> <span class='ocrx_word' id='word_1_563' title='bbox 1503 3537 1598 3597; x_wconf 76' lang='lat' dir='ltr'><strong>quam</strong></span> <span class='ocrx_word' id='word_1_564' title='bbox 1617 3518 1736 3584; x_wconf 83' lang='lat' dir='ltr'><strong>imulse</strong></span> <span class='ocrx_word' id='word_1_565' title='bbox 1758 3519 1872 3585; x_wconf 81' lang='lat' dir='ltr'><strong>Petrus</strong></span> <span class='ocrx_word' id='word_1_566' title='bbox 1891 3521 2086 3586; x_wconf 80' lang='lat' dir='ltr'><strong>Lcnebardus</strong></span> <span class='ocrx_word' id='word_1_567' title='bbox 2107 3522 2221 3604; x_wconf 69' lang='lat' dir='ltr'><strong>caprea</strong></span> 
     </span>
     <span class='ocr_line' id='line_1_39' title="bbox 214 3601 2221 3690; baseline 0.001 -20"><span class='ocrx_word' id='word_1_568' title='bbox 214 3609 364 3688; x_wconf 88' lang='lat' dir='ltr'><strong>praestet,</strong></span> <span class='ocrx_word' id='word_1_569' title='bbox 391 3625 471 3686; x_wconf 79' lang='lat' dir='ltr'><strong>quae</strong></span> <span class='ocrx_word' id='word_1_570' title='bbox 496 3625 601 3670; x_wconf 88' lang='lat' dir='ltr'><strong>eorum</strong></span> <span class='ocrx_word' id='word_1_571' title='bbox 621 3607 827 3687; x_wconf 84' lang='lat' dir='ltr'><strong>persuasione</strong></span> <span class='ocrx_word' id='word_1_572' title='bbox 858 3606 984 3670; x_wconf 84' lang='lat' dir='ltr'><strong>nonnisi</strong></span> <span class='ocrx_word' id='word_1_573' title='bbox 1012 3626 1102 3669; x_wconf 86' lang='lat' dir='ltr'><strong>cerae</strong></span> <span class='ocrx_word' id='word_1_574' title='bbox 1129 3625 1194 3668; x_wconf 87' lang='lat' dir='ltr'><strong>esse</strong></span> <span class='ocrx_word' id='word_1_575' title='bbox 1245 3602 1312 3683; x_wconf 85' lang='lat' dir='ltr'><strong>spei</strong></span> <span class='ocrx_word' id='word_1_576' title='bbox 1332 3601 1568 3683; x_wconf 69' lang='lat' dir='ltr'><strong>fundumenlmn</strong></span> <span class='ocrx_word' id='word_1_577' title='bbox 1588 3605 1699 3668; x_wconf 75' lang='lat' dir='ltr'><strong>iamet:</strong></span> <span class='ocrx_word' id='word_1_578' title='bbox 1721 3604 1786 3670; x_wconf 87' lang='lat' dir='ltr'><strong>Dei</strong></span> <span class='ocrx_word' id='word_1_579' title='bbox 1803 3608 1950 3690; x_wconf 82' lang='lat' dir='ltr'><strong>pretinm,</strong></span> <span class='ocrx_word' id='word_1_580' title='bbox 1972 3612 2000 3671; x_wconf 90' lang='lat' dir='ltr'><strong>et</strong></span> <span class='ocrx_word' id='word_1_581' title='bbox 2019 3628 2144 3690; x_wconf 83' lang='lat' dir='ltr'><strong>opernm</strong></span> <span class='ocrx_word' id='word_1_582' title='bbox 2160 3630 2221 3673; x_wconf 80' lang='lat' dir='ltr'><strong>me</strong></span> 
     </span>
     <span class='ocr_line' id='line_1_40' title="bbox 215 3687 2219 3774; baseline 0.002 -21"><span class='ocrx_word' id='word_1_583' title='bbox 215 3695 362 3772; x_wconf 86' lang='lat' dir='ltr'><strong>possunt:</strong></span> <span class='ocrx_word' id='word_1_584' title='bbox 388 3696 423 3753; x_wconf 87' lang='lat' dir='ltr'><strong>at</strong></span> <span class='ocrx_word' id='word_1_585' title='bbox 441 3691 477 3754; x_wconf 87' lang='lat' dir='ltr'><strong>ln</strong></span> <span class='ocrx_word' id='word_1_586' title='bbox 498 3711 621 3756; x_wconf 76' lang='lat' dir='ltr'><strong>acrama</strong></span> <span class='ocrx_word' id='word_1_587' title='bbox 646 3691 727 3755; x_wconf 83' lang='lat' dir='ltr'><strong>nibil</strong></span> <span class='ocrx_word' id='word_1_588' title='bbox 749 3691 839 3756; x_wconf 87' lang='lat' dir='ltr'><strong>aliud</strong></span> <span class='ocrx_word' id='word_1_589' title='bbox 859 3692 902 3755; x_wconf 83' lang='lat' dir='ltr'><strong>sil</strong></span> <span class='ocrx_word' id='word_1_590' title='bbox 925 3712 1009 3772; x_wconf 73' lang='lat' dir='ltr'><strong>mes,</strong></span> <span class='ocrx_word' id='word_1_591' title='bbox 1036 3712 1131 3771; x_wconf 82' lang='lat' dir='ltr'><strong>quam</strong></span> <span class='ocrx_word' id='word_1_592' title='bbox 1149 3710 1195 3754; x_wconf 78' lang='lat' dir='ltr'><strong>eo</strong></span> <span class='ocrx_word' id='word_1_593' title='bbox 1246 3689 1350 3751; x_wconf 85' lang='lat' dir='ltr'><strong>ritum.</strong></span> <span class='ocrx_word' id='word_1_594' title='bbox 1396 3688 1469 3752; x_wconf 90' lang='lat' dir='ltr'><strong>Non</strong></span> <span class='ocrx_word' id='word_1_595' title='bbox 1489 3687 1562 3754; x_wconf 85' lang='lat' dir='ltr'><strong>buia</strong></span> <span class='ocrx_word' id='word_1_596' title='bbox 1582 3689 1668 3754; x_wconf 87' lang='lat' dir='ltr'><strong>alius</strong></span> <span class='ocrx_word' id='word_1_597' title='bbox 1688 3711 1799 3774; x_wconf 87' lang='lat' dir='ltr'><strong>scopus</strong></span> <span class='ocrx_word' id='word_1_598' title='bbox 1819 3713 1913 3774; x_wconf 81' lang='lat' dir='ltr'><strong>quam</strong></span> <span class='ocrx_word' id='word_1_599' title='bbox 1937 3693 2013 3774; x_wconf 78' lang='lat' dir='ltr'><strong>fidei</strong></span> <span class='ocrx_word' id='word_1_600' title='bbox 2028 3714 2097 3758; x_wconf 86' lang='lat' dir='ltr'><strong>esse</strong></span> <span class='ocrx_word' id='word_1_601' title='bbox 2112 3699 2219 3774; x_wconf 80' lang='lat' dir='ltr'><strong>potest.</strong></span> 
     </span>
     <span class='ocr_line' id='line_1_41' title="bbox 220 3772 2221 3860; baseline 0.002 -20"><span class='ocrx_word' id='word_1_602' title='bbox 220 3797 292 3840; x_wconf 91' lang='lat' dir='ltr'><strong>ram</strong></span> <span class='ocrx_word' id='word_1_603' title='bbox 313 3777 493 3855; x_wconf 74' lang='lat' dir='ltr'><strong>exspectatio</strong></span> <span class='ocrx_word' id='word_1_604' title='bbox 521 3797 600 3857; x_wconf 81' lang='lat' dir='ltr'><strong>quae</strong></span> <span class='ocrx_word' id='word_1_605' title='bbox 628 3798 696 3842; x_wconf 87' lang='lat' dir='ltr'><strong>cere</strong></span> <span class='ocrx_word' id='word_1_606' title='bbox 718 3799 739 3841; x_wconf 91' lang='lat' dir='ltr'><strong>a</strong></span> <span class='ocrx_word' id='word_1_607' title='bbox 760 3776 828 3842; x_wconf 89' lang='lat' dir='ltr'><strong>Deo</strong></span> <span class='ocrx_word' id='word_1_608' title='bbox 851 3778 1014 3859; x_wconf 84' lang='lat' dir='ltr'><strong>promissa</strong></span> <span class='ocrx_word' id='word_1_609' title='bbox 1033 3776 1110 3857; x_wconf 73' lang='lat' dir='ltr'><strong>fides</strong></span> <span class='ocrx_word' id='word_1_610' title='bbox 1133 3796 1194 3840; x_wconf 81' lang='lat' dir='ltr'><strong>cre</strong></span> <span class='ocrx_word' id='word_1_611' title='bbox 1247 3772 1341 3839; x_wconf 79' lang='lat' dir='ltr'><strong>Fidei</strong></span> <span class='ocrx_word' id='word_1_612' title='bbox 1367 3778 1470 3838; x_wconf 66' lang='lat' dir='ltr'><strong>cunm</strong></span> <span class='ocrx_word' id='word_1_613' title='bbox 1496 3775 1564 3839; x_wconf 88' lang='lat' dir='ltr'><strong>iam</strong></span> <span class='ocrx_word' id='word_1_614' title='bbox 1589 3775 1763 3842; x_wconf 83' lang='lat' dir='ltr'><strong>clarissime</strong></span> <span class='ocrx_word' id='word_1_615' title='bbox 1788 3780 1987 3860; x_wconf 74' lang='lat' dir='ltr'><strong>mpcsumas</strong></span> <span class='ocrx_word' id='word_1_616' title='bbox 2007 3780 2135 3844; x_wconf 77' lang='lat' dir='ltr'><strong>aniam</strong></span> <span class='ocrx_word' id='word_1_617' title='bbox 2155 3801 2221 3845; x_wconf 87' lang='lat' dir='ltr'><strong>esse</strong></span> 
     </span>
     <span class='ocr_line' id='line_1_42' title="bbox 220 3859 2220 3950; baseline 0.002 -24"><span class='ocrx_word' id='word_1_618' title='bbox 220 3861 309 3926; x_wconf 82' lang='lat' dir='ltr'><strong>didit.</strong></span> <span class='ocrx_word' id='word_1_619' title='bbox 354 3859 407 3925; x_wconf 91' lang='lat' dir='ltr'><strong>Ita</strong></span> <span class='ocrx_word' id='word_1_620' title='bbox 432 3862 510 3941; x_wconf 70' lang='lat' dir='ltr'><strong>fides</strong></span> <span class='ocrx_word' id='word_1_621' title='bbox 528 3862 633 3926; x_wconf 89' lang='lat' dir='ltr'><strong>Deum</strong></span> <span class='ocrx_word' id='word_1_622' title='bbox 653 3883 789 3927; x_wconf 79' lang='lat' dir='ltr'><strong>neramrn</strong></span> <span class='ocrx_word' id='word_1_623' title='bbox 815 3863 926 3941; x_wconf 90' lang='lat' dir='ltr'><strong>credit,·</strong></span> <span class='ocrx_word' id='word_1_624' title='bbox 952 3882 1022 3944; x_wconf 87' lang='lat' dir='ltr'><strong>spes</strong></span> <span class='ocrx_word' id='word_1_625' title='bbox 1043 3865 1194 3943; x_wconf 73' lang='lat' dir='ltr'><strong>exspectat</strong></span> <span class='ocrx_word' id='word_1_626' title='bbox 1244 3878 1384 3940; x_wconf 84' lang='lat' dir='ltr'><strong>scopum,</strong></span> <span class='ocrx_word' id='word_1_627' title='bbox 1406 3859 1472 3924; x_wconf 87' lang='lat' dir='ltr'><strong>Dei</strong></span> <span class='ocrx_word' id='word_1_628' title='bbox 1491 3862 1752 3928; x_wconf 75' lang='lat' dir='ltr'><strong>nulsmicordiam:</strong></span> <span class='ocrx_word' id='word_1_629' title='bbox 1778 3865 1814 3928; x_wconf 89' lang='lat' dir='ltr'><strong>in</strong></span> <span class='ocrx_word' id='word_1_630' title='bbox 1841 3886 1936 3946; x_wconf 80' lang='lat' dir='ltr'><strong>quam</strong></span> <span class='ocrx_word' id='word_1_631' title='bbox 1955 3869 2083 3946; x_wconf 78' lang='lat' dir='ltr'><strong>utroque</strong></span> <span class='ocrx_word' id='word_1_632' title='bbox 2104 3865 2154 3950; x_wconf 87' lang='lat' dir='ltr'><strong>(ut</strong></span> <span class='ocrx_word' id='word_1_633' title='bbox 2174 3867 2220 3931; x_wconf 89' lang='lat' dir='ltr'><strong>ita</strong></span> 
     </span>
     <span class='ocr_line' id='line_1_43' title="bbox 220 3943 2221 4032; baseline 0.003 -22"><span class='ocrx_word' id='word_1_634' title='bbox 220 3947 309 4010; x_wconf 86' lang='lat' dir='ltr'><strong>utin</strong></span> <span class='ocrx_word' id='word_1_635' title='bbox 330 3947 473 4027; x_wconf 77' lang='lat' dir='ltr'><strong>temporis</strong></span> <span class='ocrx_word' id='word_1_636' title='bbox 494 3949 647 4012; x_wconf 83' lang='lat' dir='ltr'><strong>camsiom</strong></span> <span class='ocrx_word' id='word_1_637' title='bbox 663 3950 819 4013; x_wconf 68' lang='grc' dir='ltr'><strong>νννιῗένίννν</strong></span> <span class='ocrx_word' id='word_1_638' title='bbox 835 3968 927 4012; x_wconf 90' lang='lat' dir='ltr'><strong>suam</strong></span> <span class='ocrx_word' id='word_1_639' title='bbox 944 3947 1097 4026; x_wconf 55' lang='lat' dir='ltr'><strong>achimam</strong></span> <span class='ocrx_word' id='word_1_640' title='bbox 1116 3947 1194 4029; x_wconf 76' lang='lat' dir='ltr'><strong>fides</strong></span> <span class='ocrx_word' id='word_1_641' title='bbox 1244 3943 1368 4029; x_wconf 70' lang='lat' dir='ltr'><strong>lopun)</strong></span> <span class='ocrx_word' id='word_1_642' title='bbox 1400 3945 1485 4010; x_wconf 88' lang='lat' dir='ltr'><strong>oculo</strong></span> <span class='ocrx_word' id='word_1_643' title='bbox 1511 3949 1660 4030; x_wconf 79' lang='lat' dir='ltr'><strong>respicere</strong></span> <span class='ocrx_word' id='word_1_644' title='bbox 1692 3947 1802 4014; x_wconf 70' lang='lat' dir='ltr'><strong>debem</strong></span> <span class='ocrx_word' id='word_1_645' title='bbox 1859 3950 1921 4015; x_wconf 80' lang='lat' dir='ltr'><strong>Sed</strong></span> <span class='ocrx_word' id='word_1_646' title='bbox 1952 3971 2060 4031; x_wconf 82' lang='lat' dir='ltr'><strong>operae</strong></span> <span class='ocrx_word' id='word_1_647' title='bbox 2083 3953 2221 4032; x_wconf 86' lang='lat' dir='ltr'><strong>pretium</strong></span> 
     </span>
     <span class='ocr_line' id='line_1_44' title="bbox 220 4030 2220 4118; baseline 0.003 -22"><span class='ocrx_word' id='word_1_648' title='bbox 220 4032 315 4096; x_wconf 87' lang='lat' dir='ltr'><strong>credit</strong></span> <span class='ocrx_word' id='word_1_649' title='bbox 342 4031 429 4095; x_wconf 88' lang='lat' dir='ltr'><strong>nabis</strong></span> <span class='ocrx_word' id='word_1_650' title='bbox 455 4051 520 4096; x_wconf 85' lang='lat' dir='ltr'><strong>esse</strong></span> <span class='ocrx_word' id='word_1_651' title='bbox 543 4038 681 4113; x_wconf 87' lang='lat' dir='ltr'><strong>patrem:</strong></span> <span class='ocrx_word' id='word_1_652' title='bbox 712 4054 782 4115; x_wconf 81' lang='lat' dir='ltr'><strong>spes</strong></span> <span class='ocrx_word' id='word_1_653' title='bbox 808 4038 958 4115; x_wconf 69' lang='lat' dir='ltr'><strong>adspectat</strong></span> <span class='ocrx_word' id='word_1_654' title='bbox 984 4039 1019 4097; x_wconf 87' lang='lat' dir='ltr'><strong>ut</strong></span> <span class='ocrx_word' id='word_1_655' title='bbox 1044 4053 1077 4097; x_wconf 90' lang='lat' dir='ltr'><strong>se</strong></span> <span class='ocrx_word' id='word_1_656' title='bbox 1103 4033 1194 4099; x_wconf 87' lang='lat' dir='ltr'><strong>talem</strong></span> <span class='ocrx_word' id='word_1_657' title='bbox 1245 4036 1288 4094; x_wconf 85' lang='lat' dir='ltr'><strong>est</strong></span> <span class='ocrx_word' id='word_1_658' title='bbox 1321 4030 1510 4110; x_wconf 86' lang='lat' dir='ltr'><strong>auscultare,</strong></span> <span class='ocrx_word' id='word_1_659' title='bbox 1544 4053 1641 4113; x_wconf 78' lang='lat' dir='ltr'><strong>quam</strong></span> <span class='ocrx_word' id='word_1_660' title='bbox 1667 4035 1805 4100; x_wconf 79' lang='lat' dir='ltr'><strong>maldam</strong></span> <span class='ocrx_word' id='word_1_661' title='bbox 1836 4038 1948 4118; x_wconf 77' lang='lat' dir='ltr'><strong>afferat</strong></span> <span class='ocrx_word' id='word_1_662' title='bbox 1977 4037 2135 4101; x_wconf 88' lang='lat' dir='ltr'><strong>rationem.</strong></span> <span class='ocrx_word' id='word_1_663' title='bbox 2182 4038 2220 4102; x_wconf 87' lang='lat' dir='ltr'><strong>Si</strong></span> 
     </span>
     <span class='ocr_line' id='line_1_45' title="bbox 221 4115 2221 4203; baseline 0.003 -21"><span class='ocrx_word' id='word_1_664' title='bbox 221 4139 296 4201; x_wconf 85' lang='lat' dir='ltr'><strong>erpa</strong></span> <span class='ocrx_word' id='word_1_665' title='bbox 316 4135 372 4180; x_wconf 87' lang='lat' dir='ltr'><strong>nos</strong></span> <span class='ocrx_word' id='word_1_666' title='bbox 392 4137 511 4197; x_wconf 84' lang='lat' dir='ltr'><strong>seraper</strong></span> <span class='ocrx_word' id='word_1_667' title='bbox 529 4124 632 4200; x_wconf 61' lang='lat' dir='ltr'><strong>peram</strong></span> <span class='ocrx_word' id='word_1_668' title='bbox 650 4120 728 4200; x_wconf 71' lang='lat' dir='ltr'><strong>fides</strong></span> <span class='ocrx_word' id='word_1_669' title='bbox 749 4120 855 4183; x_wconf 64' lang='lat' dir='ltr'><strong>mlum</strong></span> <span class='ocrx_word' id='word_1_670' title='bbox 876 4118 963 4182; x_wconf 86' lang='lat' dir='ltr'><strong>nobis</strong></span> <span class='ocrx_word' id='word_1_671' title='bbox 983 4120 1079 4183; x_wconf 87' lang='lat' dir='ltr'><strong>altam</strong></span> <span class='ocrx_word' id='word_1_672' title='bbox 1100 4123 1194 4183; x_wconf 75' lang='lat' dir='ltr'><strong>aeter</strong></span> <span class='ocrx_word' id='word_1_673' title='bbox 1245 4115 1422 4198; x_wconf 78' lang='lat' dir='ltr'><strong>quidpiam,</strong></span> <span class='ocrx_word' id='word_1_674' title='bbox 1456 4119 1572 4198; x_wconf 81' lang='lat' dir='ltr'><strong>inquit,</strong></span> <span class='ocrx_word' id='word_1_675' title='bbox 1605 4120 1672 4184; x_wconf 83' lang='lat' dir='ltr'><strong>sine</strong></span> <span class='ocrx_word' id='word_1_676' title='bbox 1698 4121 1817 4186; x_wconf 71' lang='lat' dir='ltr'><strong>merdis</strong></span> <span class='ocrx_word' id='word_1_677' title='bbox 1846 4141 1970 4203; x_wconf 73' lang='lat' dir='ltr'><strong>spuere</strong></span> <span class='ocrx_word' id='word_1_678' title='bbox 1997 4122 2130 4202; x_wconf 81' lang='lat' dir='ltr'><strong>audeas,</strong></span> <span class='ocrx_word' id='word_1_679' title='bbox 2159 4144 2221 4188; x_wconf 74' lang='lat' dir='ltr'><strong>lion</strong></span> 
     </span>
     <span class='ocr_line' id='line_1_46' title="bbox 220 4202 2221 4289; baseline 0.003 -21"><span class='ocrx_word' id='word_1_680' title='bbox 220 4224 295 4268; x_wconf 91' lang='lat' dir='ltr'><strong>nam</strong></span> <span class='ocrx_word' id='word_1_681' title='bbox 317 4202 425 4267; x_wconf 87' lang='lat' dir='ltr'><strong>credit:</strong></span> <span class='ocrx_word' id='word_1_682' title='bbox 445 4222 515 4284; x_wconf 84' lang='lat' dir='ltr'><strong>spes</strong></span> <span class='ocrx_word' id='word_1_683' title='bbox 532 4209 682 4285; x_wconf 81' lang='lat' dir='ltr'><strong>enspeclat</strong></span> <span class='ocrx_word' id='word_1_684' title='bbox 697 4210 732 4267; x_wconf 89' lang='lat' dir='ltr'><strong>ut</strong></span> <span class='ocrx_word' id='word_1_685' title='bbox 749 4205 917 4285; x_wconf 80' lang='lat' dir='ltr'><strong>aliquando</strong></span> <span class='ocrx_word' id='word_1_686' title='bbox 934 4205 1096 4281; x_wconf 76' lang='lat' dir='ltr'><strong>recoletur,</strong></span> <span class='ocrx_word' id='word_1_687' title='bbox 1116 4205 1194 4284; x_wconf 74' lang='lat' dir='ltr'><strong>fides</strong></span> <span class='ocrx_word' id='word_1_688' title='bbox 1244 4221 1314 4282; x_wconf 87' lang='lat' dir='ltr'><strong>spes</strong></span> <span class='ocrx_word' id='word_1_689' title='bbox 1346 4202 1417 4282; x_wconf 80' lang='lat' dir='ltr'><strong>illa,</strong></span> <span class='ocrx_word' id='word_1_690' title='bbox 1449 4203 1504 4267; x_wconf 89' lang='lat' dir='ltr'><strong>sed</strong></span> <span class='ocrx_word' id='word_1_691' title='bbox 1523 4207 1738 4286; x_wconf 81' lang='lat' dir='ltr'><strong>praesumptio</strong></span> <span class='ocrx_word' id='word_1_692' title='bbox 1771 4208 1902 4272; x_wconf 84' lang='lat' dir='ltr'><strong>dicenda</strong></span> <span class='ocrx_word' id='word_1_693' title='bbox 1930 4208 1997 4271; x_wconf 88' lang='lat' dir='ltr'><strong>erit.</strong></span> <span class='ocrx_word' id='word_1_694' title='bbox 2051 4209 2130 4289; x_wconf 72' lang='lat' dir='ltr'><strong>Quis</strong></span> <span class='ocrx_word' id='word_1_695' title='bbox 2160 4229 2221 4274; x_wconf 90' lang='lat' dir='ltr'><strong>non</strong></span> 
     </span>
     <span class='ocr_line' id='line_1_47' title="bbox 219 4288 2221 4375; baseline 0.004 -23"><span class='ocrx_word' id='word_1_696' title='bbox 219 4289 454 4371; x_wconf 72' lang='lat' dir='ltr'><strong>fundamentum</strong></span> <span class='ocrx_word' id='word_1_697' title='bbox 480 4292 538 4366; x_wconf 87' lang='lat' dir='ltr'><strong>est,</strong></span> <span class='ocrx_word' id='word_1_698' title='bbox 571 4291 622 4352; x_wconf 84' lang='lat' dir='ltr'><strong>cui</strong></span> <span class='ocrx_word' id='word_1_699' title='bbox 648 4310 718 4369; x_wconf 86' lang='lat' dir='ltr'><strong>spes</strong></span> <span class='ocrx_word' id='word_1_700' title='bbox 740 4290 902 4354; x_wconf 85' lang='lat' dir='ltr'><strong>incurubit:</strong></span> <span class='ocrx_word' id='word_1_701' title='bbox 928 4311 998 4370; x_wconf 86' lang='lat' dir='ltr'><strong>spes</strong></span> <span class='ocrx_word' id='word_1_702' title='bbox 1023 4290 1116 4370; x_wconf 70' lang='lat' dir='ltr'><strong>pomi</strong></span> <span class='ocrx_word' id='word_1_703' title='bbox 1138 4290 1194 4353; x_wconf 86' lang='lat' dir='ltr'><strong>alit</strong></span> <span class='ocrx_word' id='word_1_704' title='bbox 1244 4288 1367 4366; x_wconf 82' lang='lat' dir='ltr'><strong>merite,</strong></span> <span class='ocrx_word' id='word_1_705' title='bbox 1395 4288 1492 4352; x_wconf 84' lang='lat' dir='ltr'><strong>amice</strong></span> <span class='ocrx_word' id='word_1_706' title='bbox 1513 4289 1614 4368; x_wconf 67' lang='lat' dir='ltr'><strong>naor,</strong></span> <span class='ocrx_word' id='word_1_707' title='bbox 1644 4291 1719 4355; x_wconf 75' lang='lat' dir='ltr'><strong>talm</strong></span> <span class='ocrx_word' id='word_1_708' title='bbox 1739 4291 1851 4357; x_wconf 86' lang='lat' dir='ltr'><strong>bestias</strong></span> <span class='ocrx_word' id='word_1_709' title='bbox 1871 4299 2059 4372; x_wconf 77' lang='lat' dir='ltr'><strong>nasceretur,</strong></span> <span class='ocrx_word' id='word_1_710' title='bbox 2081 4315 2161 4375; x_wconf 80' lang='lat' dir='ltr'><strong>qaae</strong></span> <span class='ocrx_word' id='word_1_711' title='bbox 2181 4299 2221 4360; x_wconf 80' lang='lat' dir='ltr'><strong>te</strong></span> 
     </span>
     <span class='ocr_line' id='line_1_48' title="bbox 221 4372 2243 4460; baseline 0.003 -21"><span class='ocrx_word' id='word_1_712' title='bbox 221 4396 258 4439; x_wconf 90' lang='lat' dir='ltr'><strong>ac</strong></span> <span class='ocrx_word' id='word_1_713' title='bbox 285 4373 421 4439; x_wconf 68' lang='lat' dir='ltr'><strong>mainel.</strong></span> <span class='ocrx_word' id='word_1_714' title='bbox 473 4372 513 4438; x_wconf 89' lang='lat' dir='ltr'><strong>Ut</strong></span> <span class='ocrx_word' id='word_1_715' title='bbox 543 4375 626 4437; x_wconf 90' lang='lat' dir='ltr'><strong>enim</strong></span> <span class='ocrx_word' id='word_1_716' title='bbox 652 4381 823 4454; x_wconf 72' lang='lat' dir='ltr'><strong>asspectme</strong></span> <span class='ocrx_word' id='word_1_717' title='bbox 850 4396 870 4438; x_wconf 91' lang='lat' dir='ltr'><strong>a</strong></span> <span class='ocrx_word' id='word_1_718' title='bbox 897 4375 965 4439; x_wconf 89' lang='lat' dir='ltr'><strong>Dec</strong></span> <span class='ocrx_word' id='word_1_719' title='bbox 994 4394 1079 4438; x_wconf 81' lang='lat' dir='ltr'><strong>nanc</strong></span> <span class='ocrx_word' id='word_1_720' title='bbox 1106 4375 1194 4454; x_wconf 80' lang='lat' dir='ltr'><strong>puid-</strong></span> <span class='ocrx_word' id='word_1_721' title='bbox 1244 4383 1326 4437; x_wconf 84' lang='lat' dir='ltr'><strong>mere</strong></span> <span class='ocrx_word' id='word_1_722' title='bbox 1344 4378 1372 4437; x_wconf 88' lang='lat' dir='ltr'><strong>et</strong></span> <span class='ocrx_word' id='word_1_723' title='bbox 1384 4380 1641 4456; x_wconf 84' lang='lat' dir='ltr'><strong>praesumptuose</strong></span> <span class='ocrx_word' id='word_1_724' title='bbox 1657 4378 1728 4458; x_wconf 75' lang='lat' dir='ltr'><strong>fieri</strong></span> <span class='ocrx_word' id='word_1_725' title='bbox 1745 4379 1958 4459; x_wconf 85' lang='lat' dir='ltr'><strong>pronuntiant,</strong></span> <span class='ocrx_word' id='word_1_726' title='bbox 1980 4381 2011 4444; x_wconf 88' lang='lat' dir='ltr'><strong>si</strong></span> <span class='ocrx_word' id='word_1_727' title='bbox 2028 4380 2099 4460; x_wconf 77' lang='lat' dir='ltr'><strong>puis</strong></span> <span class='ocrx_word' id='word_1_728' title='bbox 2116 4379 2243 4445; x_wconf 73' lang='lat' dir='ltr'><strong>Deum‘</strong></span> 
     </span>
     <span class='ocr_line' id='line_1_49' title="bbox 220 4459 2224 4544; baseline 0.003 -20"><span class='ocrx_word' id='word_1_729' title='bbox 220 4481 315 4541; x_wconf 70' lang='lat' dir='ltr'><strong>param</strong></span> <span class='ocrx_word' id='word_1_730' title='bbox 328 4463 435 4540; x_wconf 78' lang='lat' dir='ltr'><strong>potest,</strong></span> <span class='ocrx_word' id='word_1_731' title='bbox 457 4459 523 4522; x_wconf 89' lang='lat' dir='ltr'><strong>nisi</strong></span> <span class='ocrx_word' id='word_1_732' title='bbox 544 4460 599 4538; x_wconf 80' lang='lat' dir='ltr'><strong>qul</strong></span> <span class='ocrx_word' id='word_1_733' title='bbox 614 4462 711 4539; x_wconf 83' lang='lat' dir='ltr'><strong>prius</strong></span> <span class='ocrx_word' id='word_1_734' title='bbox 733 4461 801 4524; x_wconf 84' lang='lat' dir='ltr'><strong>eius</strong></span> <span class='ocrx_word' id='word_1_735' title='bbox 822 4461 991 4542; x_wconf 86' lang='lat' dir='ltr'><strong>promissis</strong></span> <span class='ocrx_word' id='word_1_736' title='bbox 1013 4459 1194 4523; x_wconf 84' lang='lat' dir='ltr'><strong>crediderit:</strong></span> <span class='ocrx_word' id='word_1_737' title='bbox 1245 4479 1380 4523; x_wconf 81' lang='grc' dir='ltr'><em>νννννννν</em></span> <span class='ocrx_word' id='word_1_738' title='bbox 1411 4480 1474 4524; x_wconf 90' lang='lat' dir='ltr'><strong>esse</strong></span> <span class='ocrx_word' id='word_1_739' title='bbox 1501 4462 1654 4542; x_wconf 75' lang='lat' dir='ltr'><strong>confidat?</strong></span> <span class='ocrx_word' id='word_1_740' title='bbox 1708 4463 1795 4526; x_wconf 90' lang='lat' dir='ltr'><strong>Nam</strong></span> <span class='ocrx_word' id='word_1_741' title='bbox 1826 4484 1923 4544; x_wconf 76' lang='lat' dir='ltr'><strong>quum</strong></span> <span class='ocrx_word' id='word_1_742' title='bbox 1952 4464 2110 4530; x_wconf 87' lang='lat' dir='ltr'><strong>Dominus</strong></span> <span class='ocrx_word' id='word_1_743' title='bbox 2143 4467 2224 4531; x_wconf 81' lang='lat' dir='ltr'><strong>nibil</strong></span> 
     </span>
     <span class='ocr_line' id='line_1_50' title="bbox 219 4544 2223 4634; baseline 0.004 -25"><span class='ocrx_word' id='word_1_744' title='bbox 219 4546 266 4609; x_wconf 83' lang='lat' dir='ltr'><strong>ita</strong></span> <span class='ocrx_word' id='word_1_745' title='bbox 287 4564 400 4609; x_wconf 87' lang='lat' dir='ltr'><strong>rursus</strong></span> <span class='ocrx_word' id='word_1_746' title='bbox 424 4544 500 4624; x_wconf 77' lang='lat' dir='ltr'><strong>fidel</strong></span> <span class='ocrx_word' id='word_1_747' title='bbox 520 4549 642 4609; x_wconf 87' lang='lat' dir='ltr'><strong>nostrae</strong></span> <span class='ocrx_word' id='word_1_748' title='bbox 662 4544 910 4622; x_wconf 85' lang='lat' dir='ltr'><strong>imbecillitatem,</strong></span> <span class='ocrx_word' id='word_1_749' title='bbox 937 4565 976 4608; x_wconf 89' lang='lat' dir='ltr'><strong>ne</strong></span> <span class='ocrx_word' id='word_1_750' title='bbox 1005 4545 1085 4608; x_wconf 85' lang='lat' dir='ltr'><strong>velut</strong></span> <span class='ocrx_word' id='word_1_751' title='bbox 1109 4545 1194 4626; x_wconf 77' lang='lat' dir='ltr'><strong>fessa</strong></span> <span class='ocrx_word' id='word_1_752' title='bbox 1245 4564 1306 4608; x_wconf 90' lang='lat' dir='ltr'><strong>non</strong></span> <span class='ocrx_word' id='word_1_753' title='bbox 1332 4566 1353 4608; x_wconf 92' lang='lat' dir='ltr'><strong>a</strong></span> <span class='ocrx_word' id='word_1_754' title='bbox 1379 4565 1440 4610; x_wconf 91' lang='lat' dir='ltr'><strong>sua</strong></span> <span class='ocrx_word' id='word_1_755' title='bbox 1471 4545 1602 4611; x_wconf 78' lang='lat' dir='ltr'><strong>landate</strong></span> <span class='ocrx_word' id='word_1_756' title='bbox 1628 4550 1798 4627; x_wconf 72' lang='lat' dir='ltr'><strong>exspectari</strong></span> <span class='ocrx_word' id='word_1_757' title='bbox 1824 4549 1908 4627; x_wconf 82' lang='lat' dir='ltr'><strong>uelit,</strong></span> <span class='ocrx_word' id='word_1_758' title='bbox 1936 4554 2223 4634; x_wconf 76' lang='lat' dir='ltr'><strong>praesumptionem</strong></span> 
     </span>
     <span class='ocr_line' id='line_1_51' title="bbox 219 4629 2222 4719; baseline 0.004 -25"><span class='ocrx_word' id='word_1_759' title='bbox 219 4631 369 4708; x_wconf 85' lang='lat' dir='ltr'><strong>concidat,</strong></span> <span class='ocrx_word' id='word_1_760' title='bbox 392 4630 540 4694; x_wconf 87' lang='lat' dir='ltr'><strong>sustineri</strong></span> <span class='ocrx_word' id='word_1_761' title='bbox 561 4651 597 4694; x_wconf 90' lang='lat' dir='ltr'><strong>ac</strong></span> <span class='ocrx_word' id='word_1_762' title='bbox 623 4630 723 4712; x_wconf 74' lang='lat' dir='ltr'><strong>foveri</strong></span> <span class='ocrx_word' id='word_1_763' title='bbox 743 4631 897 4712; x_wconf 88' lang='lat' dir='ltr'><strong>patienter</strong></span> <span class='ocrx_word' id='word_1_764' title='bbox 918 4629 1072 4712; x_wconf 87' lang='lat' dir='ltr'><strong>sperando</strong></span> <span class='ocrx_word' id='word_1_765' title='bbox 1095 4636 1124 4694; x_wconf 90' lang='lat' dir='ltr'><strong>et</strong></span> <span class='ocrx_word' id='word_1_766' title='bbox 1144 4651 1195 4695; x_wconf 78' lang='lat' dir='ltr'><strong>ea·</strong></span> <span class='ocrx_word' id='word_1_767' title='bbox 1248 4649 1312 4694; x_wconf 87' lang='lat' dir='ltr'><strong>esse</strong></span> <span class='ocrx_word' id='word_1_768' title='bbox 1333 4630 1439 4695; x_wconf 87' lang='lat' dir='ltr'><strong>dicunt</strong></span> <span class='ocrx_word' id='word_1_769' title='bbox 1467 4633 1502 4695; x_wconf 89' lang='lat' dir='ltr'><strong>in</strong></span> <span class='ocrx_word' id='word_1_770' title='bbox 1528 4653 1566 4696; x_wconf 87' lang='lat' dir='ltr'><strong>cc</strong></span> <span class='ocrx_word' id='word_1_771' title='bbox 1584 4634 1801 4698; x_wconf 73' lang='lat' dir='ltr'><strong>recumberent</strong></span> <span class='ocrx_word' id='word_1_772' title='bbox 1830 4637 2025 4715; x_wconf 79' lang='lat' dir='ltr'><strong>acquiescere.</strong></span> <span class='ocrx_word' id='word_1_773' title='bbox 2072 4637 2222 4719; x_wconf 80' lang='lat' dir='ltr'><strong>Omapi·</strong></span> 
     </span>
     <span class='ocr_line' id='line_1_52' title="bbox 219 4713 2223 4801; baseline 0.003 -22"><span class='ocrx_word' id='word_1_774' title='bbox 219 4715 382 4796; x_wconf 80' lang='lat' dir='ltr'><strong>spectarcdo</strong></span> <span class='ocrx_word' id='word_1_775' title='bbox 408 4720 527 4797; x_wconf 88' lang='lat' dir='ltr'><strong>oportet.</strong></span> <span class='ocrx_word' id='word_1_776' title='bbox 574 4716 644 4797; x_wconf 75' lang='lat' dir='ltr'><strong>Qua</strong></span> <span class='ocrx_word' id='word_1_777' title='bbox 669 4717 787 4781; x_wconf 89' lang='lat' dir='ltr'><strong>ratione</strong></span> <span class='ocrx_word' id='word_1_778' title='bbox 810 4713 934 4781; x_wconf 86' lang='lat' dir='ltr'><strong>Paulus</strong></span> <span class='ocrx_word' id='word_1_779' title='bbox 956 4715 1067 4797; x_wconf 87' lang='lat' dir='ltr'><strong>(Rom.</strong></span> <span class='ocrx_word' id='word_1_780' title='bbox 1087 4721 1117 4795; x_wconf 88' lang='grc'><strong>8,</strong></span> <span class='ocrx_word' id='word_1_781' title='bbox 1137 4719 1193 4798; x_wconf 81' lang='grc'><strong>24)</strong></span> <span class='ocrx_word' id='word_1_782' title='bbox 1248 4720 1349 4779; x_wconf 87' lang='lat' dir='ltr'><strong>strum</strong></span> <span class='ocrx_word' id='word_1_783' title='bbox 1369 4716 1484 4782; x_wconf 79' lang='lat' dir='ltr'><strong>talibus</strong></span> <span class='ocrx_word' id='word_1_784' title='bbox 1502 4718 1632 4801; x_wconf 83' lang='lat' dir='ltr'><strong>dipnum</strong></span> <span class='ocrx_word' id='word_1_785' title='bbox 1653 4719 1826 4800; x_wconf 74' lang='lat' dir='ltr'><strong>dismprdis,</strong></span> <span class='ocrx_word' id='word_1_786' title='bbox 1849 4721 1956 4800; x_wconf 82' lang='lat' dir='ltr'><strong>quales</strong></span> <span class='ocrx_word' id='word_1_787' title='bbox 1973 4722 2009 4785; x_wconf 83' lang='lat' dir='ltr'><strong>in</strong></span> <span class='ocrx_word' id='word_1_788' title='bbox 2025 4722 2149 4785; x_wconf 88' lang='lat' dir='ltr'><strong>insanis</strong></span> <span class='ocrx_word' id='word_1_789' title='bbox 2170 4743 2223 4786; x_wconf 80' lang='lat' dir='ltr'><strong>ra-</strong></span> 
     </span>
     <span class='ocr_line' id='line_1_53' title="bbox 1248 4801 2222 4888; baseline 0.008 -24"><span class='ocrx_word' id='word_1_790' title='bbox 1248 4801 1393 4865; x_wconf 86' lang='lat' dir='ltr'><strong>bularurn</strong></span> <span class='ocrx_word' id='word_1_791' title='bbox 1420 4803 1531 4867; x_wconf 83' lang='lat' dir='ltr'><strong>sobolis</strong></span> <span class='ocrx_word' id='word_1_792' title='bbox 1557 4809 1667 4868; x_wconf 81' lang='lat' dir='ltr'><strong>nudus</strong></span> <span class='ocrx_word' id='word_1_793' title='bbox 1698 4810 1750 4869; x_wconf 83' lang='lat' dir='ltr'><strong>est.</strong></span> <span class='ocrx_word' id='word_1_794' title='bbox 1803 4806 1872 4869; x_wconf 89' lang='lat' dir='ltr'><strong>Nos</strong></span> <span class='ocrx_word' id='word_1_795' title='bbox 1898 4827 1968 4871; x_wconf 90' lang='lat' dir='ltr'><strong>cero</strong></span> <span class='ocrx_word' id='word_1_796' title='bbox 1995 4807 2118 4888; x_wconf 71' lang='lat' dir='ltr'><strong>meando</strong></span> <span class='ocrx_word' id='word_1_797' title='bbox 2139 4809 2222 4872; x_wconf 85' lang='lat' dir='ltr'><strong>ride·</strong></span> 
     </span>
     <span class='ocr_line' id='line_1_54' title="bbox 1247 4886 2222 4984; baseline 0.008 -34"><span class='ocrx_word' id='word_1_798' title='bbox 1247 4907 1332 4984; x_wconf 83' lang='lat' dir='ltr'><strong>mus,</strong></span> <span class='ocrx_word' id='word_1_799' title='bbox 1362 4886 1426 4952; x_wconf 83' lang='lat' dir='ltr'><strong>Dei</strong></span> <span class='ocrx_word' id='word_1_800' title='bbox 1447 4889 1583 4953; x_wconf 82' lang='lat' dir='ltr'><strong>orcadis</strong></span> <span class='ocrx_word' id='word_1_801' title='bbox 1604 4889 1704 4953; x_wconf 84' lang='lat' dir='ltr'><strong>iuberi</strong></span> <span class='ocrx_word' id='word_1_802' title='bbox 1723 4891 1897 4971; x_wconf 78' lang='lat' dir='ltr'><strong>peccatone</strong></span> <span class='ocrx_word' id='word_1_803' title='bbox 1915 4912 2000 4974; x_wconf 86' lang='lat' dir='ltr'><strong>spem</strong></span> <span class='ocrx_word' id='word_1_804' title='bbox 2020 4892 2133 4957; x_wconf 89' lang='lat' dir='ltr'><strong>salutis</strong></span> <span class='ocrx_word' id='word_1_805' title='bbox 2154 4914 2222 4957; x_wconf 78' lang='lat' dir='ltr'><strong>cou-</strong></span> 
     </span>
     <span class='ocr_line' id='line_1_55' title="bbox 292 4972 2220 5093; baseline 0.004 -21"><span class='ocrx_word' id='word_1_806' title='bbox 292 5021 321 5087; x_wconf 89' lang='lat'><strong>1)</strong></span> <span class='ocrx_word' id='word_1_807' title='bbox 343 5022 402 5074; x_wconf 86' lang='lat' dir='ltr'><strong>Lib.</strong></span> <span class='ocrx_word' id='word_1_808' title='bbox 427 5021 451 5074; x_wconf 89' lang='lat'><strong>3.</strong></span> <span class='ocrx_word' id='word_1_809' title='bbox 476 5029 590 5076; x_wconf 87' lang='lat' dir='ltr'><strong>sentent.</strong></span> <span class='ocrx_word' id='word_1_810' title='bbox 615 5025 677 5076; x_wconf 89' lang='lat' dir='ltr'><strong>dist.</strong></span> <span class='ocrx_word' id='word_1_811' title='bbox 701 5022 735 5075; x_wconf 81' lang='lat'><strong>25</strong></span> <span class='ocrx_word' id='word_1_812' title='bbox 759 5031 787 5076; x_wconf 89' lang='lat' dir='ltr'><strong>ct</strong></span> <span class='ocrx_word' id='word_1_813' title='bbox 810 5025 925 5093; x_wconf 89' lang='lat' dir='ltr'><strong>saepius.</strong></span> <span class='ocrx_word' id='word_1_814' title='bbox 995 5022 1026 5087; x_wconf 71' lang='lat'><strong>2&gt;</strong></span> <span class='ocrx_word' id='word_1_815' title='bbox 1044 5024 1107 5078; x_wconf 87' lang='lat' dir='ltr'><strong>Hae</strong></span> <span class='ocrx_word' id='word_1_816' title='bbox 1125 5025 1196 5078; x_wconf 84' lang='lat' dir='ltr'><strong>dune</strong></span> <span class='ocrx_word' id='word_1_817' title='bbox 1248 4992 1359 5052; x_wconf 41' lang='grc' dir='ltr'><strong>βψω</strong></span> <span class='ocrx_word' id='word_1_818' title='bbox 1387 4972 1514 5038; x_wconf 49' lang='lat' dir='ltr'><strong>libenter</strong></span> <span class='ocrx_word' id='word_1_819' title='bbox 1538 4979 1657 5038; x_wconf 55' lang='lat' dir='ltr'><strong><em>tamum</em></strong></span> <span class='ocrx_word' id='word_1_820' title='bbox 1680 4997 1923 5056; x_wconf 53' lang='lat' dir='ltr'><em>mmmmm</em></span> <span class='ocrx_word' id='word_1_821' title='bbox 1941 4979 1979 5042; x_wconf 66' lang='lat' dir='ltr'><strong>de</strong></span> <span class='ocrx_word' id='word_1_822' title='bbox 1999 4978 2126 5042; x_wconf 58' lang='lat' dir='ltr'><em>verum</em></span> <span class='ocrx_word' id='word_1_823' title='bbox 2147 4979 2220 5060; x_wconf 58' lang='grc' dir='ltr'><strong>Μ’</strong></span> 
     </span>
    </p>
   </div>
   <div class='ocr_carea' id='block_1_5' title="bbox 221 5059 2312 5234">
    <p class='ocr_par' dir='ltr' id='par_1_7' title="bbox 221 5059 2312 5234">
     <span class='ocr_line' id='line_1_56' title="bbox 221 5059 2312 5161; baseline 0.005 -42"><span class='ocrx_word' id='word_1_824' title='bbox 221 5097 371 5156; x_wconf 60' lang='lat' dir='ltr'><strong>Pomm,</strong></span> <span class='ocrx_word' id='word_1_825' title='bbox 390 5093 535 5160; x_wconf 54' lang='lat' dir='ltr'><strong>mm,</strong></span> <span class='ocrx_word' id='word_1_826' title='bbox 556 5093 608 5158; x_wconf 35' lang='grc' dir='ltr'><strong>(ἐξ.</strong></span> <span class='ocrx_word' id='word_1_827' title='bbox 627 5091 669 5145; x_wconf 73' lang='lat'><strong>37.</strong></span> <span class='ocrx_word' id='word_1_828' title='bbox 688 5091 735 5159; x_wconf 84' lang='lat'><strong>38)</strong></span> <span class='ocrx_word' id='word_1_829' title='bbox 758 5094 788 5145; x_wconf 75' lang='lat' dir='ltr'><strong>in</strong></span> <span class='ocrx_word' id='word_1_830' title='bbox 813 5093 853 5144; x_wconf 74' lang='lat' dir='ltr'><strong>ea.</strong></span> <span class='ocrx_word' id='word_1_831' title='bbox 876 5109 902 5144; x_wconf 84' lang='lat' dir='ltr'><strong>a.</strong></span> <span class='ocrx_word' id='word_1_832' title='bbox 922 5092 989 5145; x_wconf 72' lang='lat'>1539</span> <span class='ocrx_word' id='word_1_833' title='bbox 1014 5094 1141 5161; x_wconf 53' lang='lat' dir='ltr'><strong>,mmm</strong></span> <span class='ocrx_word' id='word_1_834' title='bbox 1158 5094 1196 5146; x_wconf 61' lang='lat' dir='ltr'><strong>ad</strong></span> <span class='ocrx_word' id='word_1_835' title='bbox 1247 5062 1282 5121; x_wconf 90' lang='lat' dir='ltr'><strong>ut</strong></span> <span class='ocrx_word' id='word_1_836' title='bbox 1303 5059 1368 5123; x_wconf 91' lang='lat' dir='ltr'><strong>sola</strong></span> <span class='ocrx_word' id='word_1_837' title='bbox 1389 5061 1457 5122; x_wconf 88' lang='lat' dir='ltr'><strong>elus</strong></span> <span class='ocrx_word' id='word_1_838' title='bbox 1478 5060 1691 5125; x_wconf 83' lang='lat' dir='ltr'><strong>misericordia</strong></span> <span class='ocrx_word' id='word_1_839' title='bbox 1710 5062 1792 5143; x_wconf 82' lang='lat' dir='ltr'><strong>freti,</strong></span> <span class='ocrx_word' id='word_1_840' title='bbox 1815 5064 1931 5128; x_wconf 85' lang='lat' dir='ltr'><strong>abiecta</strong></span> <span class='ocrx_word' id='word_1_841' title='bbox 1947 5083 2073 5143; x_wconf 73' lang='lat' dir='ltr'><strong>eperum</strong></span> <span class='ocrx_word' id='word_1_842' title='bbox 2092 5066 2220 5146; x_wconf 73' lang='lat' dir='ltr'><strong>fiducia,</strong></span> <span class='ocrx_word' id='word_1_843' title='bbox 2309 5101 2312 5108; x_wconf 94' lang='lat'>·</span> 
     </span>
     <span class='ocr_line' id='line_1_57' title="bbox 223 5143 1664 5234; baseline 0.002 -23"><span class='ocrx_word' id='word_1_844' title='bbox 223 5159 321 5212; x_wconf 73' lang='lat' dir='ltr'><strong>cuam</strong></span> <span class='ocrx_word' id='word_1_845' title='bbox 338 5175 397 5226; x_wconf 73' lang='lat' dir='ltr'><strong>cap.</strong></span> <span class='ocrx_word' id='word_1_846' title='bbox 416 5159 496 5213; x_wconf 80' lang='lat' dir='ltr'><strong>vm.</strong></span> <span class='ocrx_word' id='word_1_847' title='bbox 515 5161 607 5228; x_wconf 77' lang='lat' dir='ltr'><strong>(iv.),·</strong></span> <span class='ocrx_word' id='word_1_848' title='bbox 624 5162 655 5214; x_wconf 76' lang='lat' dir='ltr'><strong>a</strong></span> <span class='ocrx_word' id='word_1_849' title='bbox 671 5162 712 5214; x_wconf 73' lang='lat' dir='ltr'><strong>ec.</strong></span> <span class='ocrx_word' id='word_1_850' title='bbox 731 5178 757 5214; x_wconf 81' lang='lat' dir='ltr'><strong>a.</strong></span> <span class='ocrx_word' id='word_1_851' title='bbox 776 5160 843 5215; x_wconf 78' lang='lat' dir='ltr'><strong>loce</strong></span> <span class='ocrx_word' id='word_1_852' title='bbox 863 5167 973 5229; x_wconf 62' lang='lat' dir='ltr'><strong>ueroque·</strong></span> <span class='ocrx_word' id='word_1_853' title='bbox 990 5161 1073 5234; x_wconf 26' lang='lat' dir='ltr'><strong>nco..</strong></span> <span class='ocrx_word' id='word_1_854' title='bbox 1248 5143 1318 5206; x_wconf 81' lang='lat' dir='ltr'><strong>bene</strong></span> <span class='ocrx_word' id='word_1_855' title='bbox 1338 5163 1463 5224; x_wconf 79' lang='lat' dir='ltr'><strong>sperare</strong></span> <span class='ocrx_word' id='word_1_856' title='bbox 1483 5145 1664 5209; x_wconf 74' lang='lat' dir='ltr'><strong>culmum.</strong></span> 
     </span>
    </p>
   </div>
   <div class='ocr_carea' id='block_1_6' title="bbox 0 0 2390 6022">
    <p class='ocr_par' dir='ltr' id='par_1_8' title="bbox 0 0 2390 6022">
     <span class='ocr_line' id='line_1_58' title="bbox 0 0 2390 6022; baseline 0 0"><span class='ocrx_word' id='word_1_857' title='bbox 0 0 2390 6022; x_wconf 95' lang='lat' dir='ltr'><strong> </strong></span> 
     </span>
    </p>
   </div>
  </div>
 </body>
</html>
