4770 6030
211 333 275 394 515
781 256 1666 394 55555155555555.(5555555.1555-1555.ι
2033 270 2039 290 ⁸
2154 326 2217 388 516

1849 437 1963 506 15555,
1981 437 2096 505 5155,
2116 434 2219 491 5555.

210 525 250 584 55
280 517 371 596 inde,
405 516 496 582 velut
527 537 545 579 e
579 516 666 579 fonte
695 515 807 594 unico,
840 516 882 580 ad
914 536 974 580 nos
1007 515 1188 579 scaturiret
1242 513 1368 578 firmari
1390 512 1524 597 (Matth.
1547 517 1573 590 l,
1598 512 1668 599 21);
1697 511 1823 578 Christi
1835 422 1923 577 [vcro
1945 512 2153 596 cognomine,
2177 512 2219 576 ad

211 603 370 680 Proinde,
405 599 492 685 quod
524 601 658 683 spiritus
687 602 791 665 sancti
828 601 898 666 oleo
930 602 1111 684 irrigantur
1143 601 1189 682 pii
1243 598 1487 682 percipiendam
1519 599 1652 682 spiritus
1688 600 1948 664 communionem
1976 604 2073 680 atquc
2106 618 2148 662 ex
2180 620 2220 663 ea
2294 680 2297 685 p

211 698 334 766 omnes,
357 687 391 751 id
416 688 455 751 fit
475 686 545 751 sola
565 688 635 752 eius
657 683 974 771 participationem
996 684 1190 752 tantundem
1243 693 1450 749 emanantem
1478 685 1741 750 sanctificationis
1768 685 1911 749 fructum
1939 705 1999 748 nos
2025 685 2219 765 praesertim

212 776 347 858 quisque
365 773 481 855 accipit
498 779 655 856 quantum
675 793 750 837 oum
767 772 823 837 illo
840 773 1066 838 communicat.
1100 771 1189 836 Pau·
1242 770 1391 849 invitari,
1419 770 1549 853 quando
1571 792 1613 835 cx
1638 772 1707 836 cius
1730 790 1785 834 ore
1807 769 1959 834 audimus
1980 768 2065 852 quod
2086 778 2221 854 propter

213 860 259 926 515
282 859 391 924 5551515
412 865 561 922 notatum
583 858 741 922 habemus
765 857 939 924 discrimen
959 860 1046 923 inter
1063 858 1195 930 unctio,
1242 878 1302 922 nos
1324 878 1359 922 55
1380 856 1488 940 ipsum
1511 855 1888 942 sanctificaverit(10an.
1911 861 1959 934 17,
1982 855 2045 940 19).

212 966 289 1008 nem
308 945 479 1009 salvatoris
497 951 530 1009 et
547 952 707 1009 nostram:
727 943 813 1026 quod
830 943 924 1008 illum
941 945 1104 1009 Dominus
1121 949 1189 1008 toto
1329 946 1356 1006 6.
1402 943 1475 1006 Iam
1496 951 1530 1006 et
1550 943 1638 1007 filius
1659 943 1724 1008 Dei
1745 941 1965 1024 praedicaturi
1989 962 2057 1005 non
2080 948 2118 1005 ut
2139 940 2220 1006 fide-

213 1030 433 1113 spiritualium
462 1051 560 1113 opum
594 1030 747 1094 thesauro
775 1030 857 1095 citra
883 1050 1073 1094 mensuram
1100 1028 1189 1093 locu·
1241 1028 1298 1106 les,
1322 1027 1493 1112 adoptione
1517 1028 1679 1093 duntaxat
1699 1037 1733 1092 et
1759 1028 1879 1111 gratia,
1908 1027 1965 1092 sed
1987 1048 2085 1092 verus
2106 1035 2139 1091 et
2160 1050 2219 1092 na-

211 1116 363 1200 51555515,
392 1116 483 1180 55155
511 1137 604 1181 suam
631 1117 803 1198 unicuique
830 1122 979 1182 nostrum
1007 1115 1190 1198 portionem
1242 1115 1357 1178 5555115
1384 1114 1519 1197 ideoque
1547 1115 1679 1192 unicus,
1708 1135 1772 1196 quo
1799 1115 1975 1178 acaeteris
2005 1112 2217 1178 discernatur.

212 1202 402 1282 demetitur;
432 1200 518 1284 quod
540 1202 706 1284 spiritum,
734 1210 875 1283 quantus
897 1209 1038 1283 quantus
1060 1208 1123 1278 est,
1153 1199 1189 1263 in
1241 1199 1310 1265 Nos
1339 1201 1426 1265 enim
1456 1222 1585 1277 omnes,
1619 1201 1675 1282 qui
1702 1201 1737 1263 in
1766 1219 1886 1265 novam
1908 1200 2012 1266 vitam
2035 1201 2219 1282 regenerati

211 1287 268 1352 illo
289 1288 431 1352 residere
453 1287 571 1365 voluit,
600 1294 702 1351 uter
729 1287 784 1350 illo
806 1287 898 1351 velut
919 1308 961 1350 ex
991 1285 1189 1369 scaturigine
1241 1307 1368 1365 sumus,
1395 1286 1540 1351 filiorum
1566 1287 1698 1351 nomine
1721 1286 1876 1369 dignatur
1902 1285 2038 1369 spiritus
2059 1285 2094 1348 in
2116 1287 2219 1368 scrip-

212 1372 354 1456 quadam
374 1373 415 1437 ad
436 1394 496 1437 nos
519 1373 727 1437 exuberaret:
756 1380 793 1436 ut
821 1374 868 1436 ita
890 1371 930 1437 de
954 1373 1024 1436 eius
1046 1371 1188 1454 plenitu-
1240 1373 1391 1450 turis,'et
1407 1378 1519 1437 tamen
1542 1372 1603 1438 hoc
1624 1373 1681 1436 uni
1703 1370 1816 1449 defert,
1839 1379 1877 1435 ut
1899 1392 1996 1436 verus
2018 1377 2051 1435 et
2067 1371 2219 1454 unigeni-

213 1459 289 1524 dine
318 1459 507 1523 hauriamus
533 1481 645 1523 omnes
667 1457 772 1542 (Ioan.
795 1464 821 1537 1,
844 1458 912 1543 16),
941 1464 975 1522 55
1000 1457 1089 1521 illius
1112 1478 1188 1522 con·
1243 1465 1293 1522 tus
1322 1457 1408 1522 filius
1437 1458 1606 1523 habeatur.
1658 1456 1828 1538 Quomodo
1854 1478 1952 1521 55555
1975 1464 2008 1520 55
2030 1458 2220 1538 unigenitus

213 1551 315 1609 sortes
343 1546 420 1610 15551
442 1545 576 1626 spiritus
604 1545 707 1609 saneti
736 1546 859 1628 gratias
880 1545 916 1606 in
937 1544 993 1608 illo
1015 1543 1189 1626 participe-
1240 1544 1277 1607 in
1305 1549 1397 1608 tanto
1424 1543 1564 1610 15555555
1592 1565 1744 1622 numero,
1776 1544 1839 1608 nisi
1869 1543 1946 1624 quia
1979 1541 2067 1606 solus
2100 1552 2219 1606 natura

211 1651 294 1695 mus.
343 1629 541 1695 Huiusmodi
568 1637 738 1712 praeterea
765 1632 917 1695 unctione
946 1629 1140 1694 constitutus
1169 1650 1189 1692 5
1239 1628 1383 1711 possidet
1415 1629 1501 1712 quod
1535 1630 1590 1694 alii
1623 1628 1706 1693 dono
1733 1627 1948 1712 acceperunt?
1998 1627 2111 1710 Neque
2140 1650 2219 1693 vero

211 1723 304 1799 patre
327 1739 386 1780 rex
408 1717 485 1793 fuit,
508 1717 565 1797 qui
585 1737 716 1781 omnem
738 1716 801 1781 sibi
821 1717 856 1780 in
878 1715 965 1780 coelo
987 1723 1021 1778 et
1041 1716 1077 1779 in
1099 1721 1188 1778 terra
1239 1716 1280 1780 iis
1303 1715 1564 1793 assentiendum,
1591 1716 1647 1797 qui
1674 1716 1780 1778 filimn
1802 1715 1868 1780 Dei
1889 1714 2023 1779 unicum
2045 1714 2093 1777 ita
2114 1714 2218 1778 faten-

211 1808 406 1885 potestatem
436 1802 622 1880 subiiceret,
657 1809 695 1866 ut
727 1801 873 1884 psalmus
906 1798 1067 1865 secundus
1096 1799 1189 1865 docet
1212 1870 1215 1893 Ι
1240 1809 1309 1879 tur,
1333 1807 1383 1879 ut,
1413 1803 1440 1865 si
1462 1803 1595 1885 propius
1616 1802 1734 1878 instes,
1766 1799 2008 1865 animadvertas
2030 1799 2064 1863 id
2086 1800 2218 1864 concedi

213 1885 258 1973 (5.
279 1887 328 1970 6);
352 1886 468 1952 deinde
491 1895 524 1951 et
545 1887 695 1952 sacerdos
718 1894 932 1965 consecratus,
955 1887 1011 1968 qui
1032 1888 1187 1951 interces-
1240 1887 1281 1951 ab
1310 1886 1375 1951 illis
1402 1909 1468 1952 non
1491 1887 1555 1952 alia
1575 1888 1700 1951 ratione
1726 1887 1790 1951 nisi
1817 1887 1894 1969 quia
1915 1892 2091 1968 conceptus
2112 1894 2162 1949 555
2183 1887 2218 1950 115

211 1973 311 2038 515515
334 1995 453 2037 munus
475 1972 562 2055 apud
583 1981 711 2055 patrem
730 1973 841 2037 obiret
1115 1963 1135 2003 '
1240 1980 1333 2037 utero
1357 1973 1494 2057 virginis
1516 1996 1557 2037 ex
1579 1973 1696 2055 spiritu
1715 1981 1835 2037 sancto.
1871 1969 2022 2051 Qualiter
2044 1971 2122 2034 olim
2144 1972 2217 2036 Ma-

297 2064 325 2122 4.
372 2057 520 2139 Quorum
543 2066 717 2142 utrumque
745 2060 781 2123 ‘m
798 2080 967 2141 magnum
996 2057 1072 2121 fidei
1095 2057 1187 2122 adiu·
1240 2059 1369 2124 nichaei
1392 2060 1615 2143 nugabantur,
1646 2059 1876 2122 hominemex
1903 2056 2038 2121 traduce
2059 2058 2124 2121 Dei
2147 2059 2218 2121 ani·

209 2152 358 2209 mentum
390 2144 651 2228 praesidiumque
690 2144 783 2209 cedit.
836 2144 923 2208 Nam
954 2151 1113 2226 quantum
1146 2143 1188 2208 ad
1232 2167 1329 2210 mam
1359 2145 1494 2223 habere;
1529 2146 1605 2226 quia
1636 2144 1790 2227 legebant
1816 2145 1927 2208 Deum
1958 2143 2006 2207 illi
2040 2143 2218 2226 inspirasse

209 2251 348 2314 regnum
371 2232 502 2307 attinet,
525 2251 590 2294 non
612 2237 779 2294 terrenum
799 2238 849 2295 est
871 2238 928 2294 aut
950 2228 1079 2295 carnale
1102 2228 1187 2312 quod
1240 2232 1328 2294 51555
1355 2231 1563 2312 spiraculum.
1614 2230 1740 2294 Filium
1762 2231 1851 2294 euim
1880 2229 2042 2310 scriptura
2064 2228 2216 2308 ostendit,

209 2315 408 2399 corruptioni
432 2317 604 2394 subiaceat,
628 2315 685 2380 scd
699 2317 875 2399 spirituale
897 2315 982 2398 quod
1004 2316 1039 2378 115
1061 2315 1187 2379 coelum
1240 2317 1378 2380 verbum
1399 2317 1482 2380 illud
1503 2325 1674 2381 aeterumn
1696 2315 1919 2382 antesaecula
1937 2315 2106 2378 51551555
2124 2325 2217 2396 patre

208 2402 314 2485 magis
335 2401 543 2485 futuramque
565 2409 598 2465 et
618 2409 785 2466 aeternam
803 2403 906 2466 vitam
925 2402 1084 2482 respiciat.
1118 2401 1187 2465 De·
1240 2403 1396 2486 genitum.
1443 2402 1655 2493 Tumultqose
1678 2400 1808 2483 quidem
1825 2401 1874 2464 1111
1893 2401 2012 2464 erroris
2035 2402 2085 2466 sui
2107 2409 2217 2483 patro·

208 2487 284 2551 inde
307 2487 390 2551 talis·
411 2488 459 2551 illi
487 2494 536 2552 est
556 2486 717 2572 regnandi
745 2489 844 2565 ratio,
873 2497 910 2551 55
936 2508 1002 2551 555
1030 2495 1098 2551 tam
1126 2487 1187 2551 sibi
1240 2489 1363 2553 ciuium
1385 2495 1518 2571 urgent,
1546 2487 1632 2570 quod
1655 2487 1772 2551 dicitur
1792 2487 1885 2552 Deus
1910 2487 2042 2568 proprio
2061 2486 2129 2550 filio
2150 2509 2217 2551 nou

208 2581 324 2656 regnet
353 2593 450 2655 quam
479 2574 582 2638 nobis.
632 2574 784 2638 Potentia
807 2575 894 2637 enim
916 2594 976 2638 sua
998 2594 1057 2636 nos
1080 2580 1187 2636 5515155
1239 2575 1436 2658 pepercisse,
1465 2572 1551 2656 quod
1573 2574 1666 2637 illum
1687 2575 1811 2656 ipsum,
1835 2574 1931 2655 quie
1952 2572 2081 2654 virgine
2102 2592 2216 2636 nasce-

208 2665 241 2723 et
261 2658 403 2737 instruit,
428 2658 543 2724 decore
566 2665 599 2723 et
619 2660 863 2742 magnificentia
874 2666 977 2737 ornat,
1002 2658 1117 2742 opibus
1139 2659 1186 2722 lo·
1239 2668 1339 2738 retur,
1361 2659 1466 2724 filium
1489 2660 1637 2724 altissimi
1659 2659 1768 2724 vocari
1786 2657 1922 2743 angelus
1941 2657 2113 2740 praecepit.
2148 2658 2215 2722 Ve-

207 2743 364 2826 oupletat,
396 2744 536 2827 denique
564 2745 601 2808 in
629 2746 724 2829 regni
752 2745 1035 2829 participationem
1063 2744 1187 2809 exaltat
1239 2768 1322 2823 rum,
1346 2767 1387 2810 ne
1409 2752 1478 2810 tam
1498 2746 1584 2809 futili
1606 2746 1784 2810 obiectione
1807 2744 2004 2827 superbiant,
2027 2743 2215 2826 expendant

207 2835 241 2895 et
262 2829 380 2894 evehit.
433 2828 605 2913 Siquidem
632 2831 701 2895 eius
729 2831 965 2897 communionis
988 2852 1052 2912 qua
1074 2851 1108 2894 se
1127 2851 1186 2894 5ο-
1238 2832 1404 2915 paulisper
1433 2831 1605 2897 nobiscum
1633 2852 1731 2914 quam
1752 2830 1861 2895 valide
1889 2829 2131 2895 ratiocinantur.
2177 2827 2215 2894 Si

206 2916 256 2980 bis
288 2915 431 2999 illigavit
459 2917 630 2994 beneficio,
664 2938 759 3002 reges
788 2925 821 2980 et
852 2918 915 2999 ipsi
948 2918 1185 2995 constituimur,
1239 2919 1328 2982 enim
1358 2918 1421 2982 5155
1454 2916 1672 2995 concluditur,
1706 2917 1955 2999 aconceptione
1984 2914 2126 2998 coepisse
2151 2916 2216 2980 Dei

113 3063 115 3066 ,
206 3001 321 3065 robore
354 3003 423 3065 eius
451 3001 493 3066 ad
521 3010 686 3067 certamen
715 3025 789 3070 eum
804 2999 960 3081 (11515515,
994 3011 1124 3085 peccato
1153 3009 1187 3066 et
1238 3004 1352 3082 filium,
1376 3004 1454 3086 quia
1475 3005 1530 3086 qui
1550 3009 1724 3086 conceptus
1747 3014 1797 3067 est
1816 3003 1904 3068 filius
1926 3009 2076 3068 vocatur:
2103 3023 2215 3084 seque-

207 3095 311 3150 morte
333 3085 587 3170 depugnandum
610 3090 736 3167 armati,
759 3089 902 3153 iustitiae
925 3090 995 3153 eius
1013 3110 1185 3152 55555555-
1238 3098 1308 3169 tur,
1338 3111 1408 3155 esse
1437 3090 1578 3172 coepisse
1600 3090 1739 3154 verbum
1766 3109 1786 3153 a
1813 3110 1873 3153 sua
1895 3088 2157 3153 manifestatione
2182 3089 2216 3151 in

207 3173 249 3236 tis
271 3172 313 3235 ad
341 3193 432 3255 spem
454 3173 706 3238 immortalitatis
729 3176 854 3252 vestiti,
878 3175 1001 3240 divitiis
1031 3175 1186 3239 sanctita·
1211 3208 1214 3235 ι
1239 3197 1351 3241 carne:
1374 3176 1451 3258 quia
1468 3175 1610 3241 Ioannes
1632 3174 1985 3260 tradit(lIoan.1,l)
2005 3195 2039 3238 se
2059 3173 2216 3239 (15555155

115 3289 117 3295 r
207 3258 250 3322 tis
272 3258 342 3323 eius
374 3258 415 3322 ad
442 3259 705 3325 fructificandum
726 3262 798 3326 Deo
827 3283 885 3343 per
912 3261 998 3325 bona
1019 3282 1117 3343 opera
1138 3259 1185 3323 lo·
1239 3264 1326 3328 51555
1347 3263 1543 3326 5555551555
1564 3261 1650 3344 quod
1677 3281 1794 3325 manus
1822 3281 1899 3326 suae
1922 3266 2214 3325 contrectaverimt.

206 3344 369 3426 cupletati.
1240 3347 1400 3413 Similiter
1442 3347 1507 3411 uod
1530 3347 1615 3430 apud
1633 3368 1692 3430 pro
1716 3346 1828 3411 hetam
1849 3345 1972 3430 legitur
1990 3345 2105 3431 (Mich.
2121 3351 2150 3423 5,
2164 3344 2217 3429 2):

289 3436 321 3495 5.
368 3430 415 3494 At
437 3429 614 3496 sacerdotis
634 3431 834 3497 frmctionem
854 3432 957 3496 nihilo
980 3433 1106 3496 minore
1127 3454 1186 3496 no-
1240 3442 1276 3498 tu
1301 3369 1500 3498 Bethlehem
1532 3442 1622 3498 terra
1648 3368 1748 3512 Iuda,
1804 3431 1920 3497 555515
1947 3454 1982 3496 55
2009 3432 2045 3494 15
2072 3430 2217 3496 5511111555

207 3522 274 3581 stro
302 3517 388 3581 bono
408 3517 571 3585 sustinet:
601 3539 667 3581 non
695 3517 767 3583 idco
797 3525 925 3582 tantum
946 3518 1031 3601 quod
1054 3540 1113 3582 sua
1135 3520 1186 3581 in-
1239 3519 1323 3585 Iuda
1330 3544 1338 3598 ;
1366 3541 1409 3584 ex
1435 3525 1469 3584 tc
1496 3519 1579 3584 mihi
1604 3526 1757 3583 nascetur
1779 3453 1848 3582 dux
1869 3519 1925 3601 qui
1946 3526 2040 3601 regat
2060 3517 2217 3600 populum

207 3603 401 3667 tercessione
422 3603 587 3685 placatum
614 3613 743 3686 patrem
764 3604 872 3684 nobis,
897 3612 1050 3669 aeternae
1073 3625 1186 3670 55555-
1238 3628 1349 3670 meum
1375 3605 1495 3686 Israel;
1523 3611 1598 3670 ete
1639 3626 1731 3670 essus
1757 3605 1827 3670 eius
1855 3605 1896 3670 ab
1923 3604 2032 3681 initio,
2061 3601 2216 3667 adiebus

207 3687 379 3753 ciliationis
418 3689 504 3773 lege,
542 3691 721 3772 propitium
759 3689 881 3771 reddit;
919 3690 976 3756 sed
1010 3690 1095 3773 quod
1127 3711 1187 3756 nos
1240 3693 1455 3757 aeternitatis:
1475 3712 1593 3774 quomo
1617 3698 1813 3774 ocogentur
1829 3690 2048 3774 interpretari,
2071 3690 2099 3753 si
2116 3689 2216 3753 talem

208 3793 334 3855 quoque
367 3775 403 3836 in
435 3774 606 3840 sacerdotii
633 3777 833 3842 consortium
865 3778 994 3843 asciscit
1000 3801 1009 3857 ;
1048 3783 1086 3841 ut
1117 3777 1187 3860 ipso
1241 3777 1495 3862 argumentandi
1522 3775 1656 3840 modum
1684 3777 1776 3859 sequi
1803 3775 1938 3842 volent?
1984 3772 2052 3839 Sed
2081 3774 2142 3840 has
2164 3775 2215 3838 in-

207 3858 284 3923 freti
304 3861 518 3926 intercessore
542 3883 579 3927 55
601 3861 779 3928 mediatore
799 3865 886 3948 patri
905 3884 1034 3946 preces,
1064 3864 1187 3947 gratia-
1240 3864 1344 3948 eptias
1370 3863 1507 3947 pulchro
1535 3862 1687 3949 discutiet
1713 3883 1798 3927 unus
1819 3861 1917 3927 Pauli
1943 3860 2033 3926 locus
2056 3859 2166 3946 (Rom.
2188 3864 2214 3938 l,

208 3965 282 4008 rum
311 3945 468 4022 actiones,
497 3950 711 4031 nosmetipsos
739 3957 773 4014 et
799 3956 912 4015 nostra
932 3950 1042 4013 omnia
1070 3949 1187 4013 offera-
1243 3949 1285 4034 l),
1309 3949 1387 4014 dum
1409 3971 1443 4016 se
1466 3951 1514 4014 ait
1530 3955 1738 4034 segregatum
1755 3949 1791 4013 in
1808 3946 2016 4032 evangelium
2033 3946 2108 4026 Dei,
2132 3945 2216 4029 quod

152 4089 155 4096 .
208 4051 282 4095 mus
305 4031 409 4116 (Ioan.
432 4036 479 4110 17,
499 4032 543 4117 9).
594 4033 708 4116 Itaque
736 4034 822 4119 quod
844 4035 922 4119 olim
944 4035 1187 4119 Dominus'po-
1240 4043 1316 4100 ante
1335 4037 1529 4118 promiserat
1549 4056 1609 4118 per
1628 4034 1816 4119 prophetas,
1840 4033 1879 4100 de
1896 4034 1963 4098 filio
1981 4053 2049 4111 suo,
2073 4033 2129 4115 qui
2149 4033 2216 4098 155-

208 4115 287 4201 pulo
310 4137 368 4181 suo
395 4119 605 4199 promittebat
627 4120 746 4204 (Exod.
769 4126 817 4200 19,
838 4122 888 4206 6),
917 4121 1012 4185 illum
1035 4121 1097 4187 sibi
1118 4121 1187 4185 fore
1240 4131 1294 4188 tus
1315 4122 1378 4186 fuit
1399 4144 1441 4187 ex
1463 4122 1586 4187 semine
1608 4121 1719 4187 David
1740 4120 1921 4187 secundum
1939 4130 2089 4196 carnem,
2111 4117 2217 4183 decla·

208 4205 244 4268 in
267 4201 466 4287 sacerdotale
495 4226 649 4288 regnum,
677 4206 713 4270 in
736 4207 897 4273 salvatore
920 4215 1030 4273 nostro
1053 4206 1186 4271 demum
1240 4216 1331 4274 ratus
1352 4209 1440 4274 filius
1462 4208 1527 4273 Dei
1554 4208 1589 4271 in
1611 4209 1742 4272 virtute,
1787 4206 1857 4272 Our
1882 4204 2062 4272 secundum
2085 4224 2217 4269 carnem

209 4289 390 4368 obtinetur,
418 4311 477 4372 per
504 4312 601 4374 quem
622 4292 728 4356 solum
748 4295 787 4357 fit
813 4301 851 4358 ut
876 4294 911 4357 in
933 4314 1073 4377 regnum
1094 4293 1187 4357 iusti·
1241 4293 1392 4361 distincte
1414 4301 1544 4359 notaret
1565 4314 1635 4358 esse
1656 4293 1763 4357 filium
1784 4291 1903 4371 David,
1928 4311 2073 4356 seorsum
2096 4288 2216 4356 diceret

208 4377 274 4441 tiae
296 4383 330 4441 et
352 4375 393 4440 ad
415 4382 658 4441 sacrosanctum
679 4379 744 4443 Dei
765 4379 1013 4444 tabernaculum
1038 4398 1187 4443 accessus
1240 4380 1440 4446 declaratum
1461 4400 1532 4444 esse
1548 4379 1614 4443 Dei
1630 4379 1746 4459 filium,
1763 4378 1828 4444 nisi
1845 4378 1946 4443 vellet
1962 4378 2107 4453 innuere,
2129 4375 2216 4440 hanc

208 4462 301 4527 nobis
328 4468 448 4545 pateat.
503 4477 618 4531 11555115
644 4484 774 4548 tanquam
804 4483 917 4535 auctarii
944 4482 1004 4534 vice
1033 4480 1187 4549 prophetia.
1236 4465 1493 4532 'declarationem
1527 4486 1598 4530 esse
1630 4465 1719 4530 ultra
1751 4465 1912 4529 rationem
1944 4462 2073 4528 carnis?
2124 4460 2216 4525 Adeo

209 4546 280 4600 Nam
299 4548 368 4600 sieut
386 4546 556 4616 praedictum
574 4547 608 4598 ab
626 4548 715 4601 Iesaia
732 4550 820 4602 1555555
838 4549 903 4618 (les.
922 4549 946 4615 9,
965 4547 1003 4617 6),
1022 4550 1112 4618 ipsum
1129 4549 1187 4602 sore
1240 4574 1319 4619 sane
1347 4558 1461 4636 aperta
1488 4551 1665 4630 sententia,
1696 4556 1733 4615 ut
1760 4551 1827 4614 iam
1850 4550 2010 4634 refragari
2031 4568 2098 4613 non
2120 4546 2216 4611 modo

209 4615 1189 4756 55155555511515555555555
1222 4631 1730 4704 *15111151111111111
1758 4636 1866 4700 atat
1911 4633 2216 4715 1111111511

211 4753 264 4805 1515
282 4753 311 4805 15
334 4771 431 4807 munus
452 4755 549 4807 summi
568 4771 618 4825 pro
639 4755 730 4820 hetae,
754 4772 788 4808 ex
812 4756 886 4809 cuius
909 4773 957 4810 ore
980 4757 1128 4826 perfectam
1146 4773 1187 4808 sa-
1239 4745 1372 4790 1111111111
1387 4723 1610 4825 1111ξῦ111111,
1625 4729 1689 4823 est,
1721 4722 1757 4787 111
1791 4727 1960 4821 1111111111
1985 4721 2092 4820 ‚eliam
2114 4738 2216 4821 ,0111116

257 4839 343 4891 utiam
363 4839 567 4893 disceremns².
609 4772 747 4889 gumma
769 4825 849 4891 haec
868 4826 923 4890 sit:
947 4826 1188 4909 110519511ᾳηί-
1239 4831 1310 4875 ⁰⁸⁸0
1331 4811 1396 4876 Del
1417 4810 1536 4890 1111111111
1558 4830 1637 4894 (111111
1658 4807 1817 4873 (1111111011
1839 4807 2072 4891 11191111101101
2096 4827 2124 4871 ⁸¹
2145 4825 2217 4888 (1111·
2323 4848 2326 4852 “

210 4855 287 4973 illm
307 4909 439 4974 nomine
456 4910 491 4973 iu
509 4908 742 4995 redemptionis
760 4920 793 4976 et
810 4910 924 4978 salutis
941 4912 1095 4979 fiduciam
1112 4932 1188 4977 con·
1240 4894 1316 4961 dem
1336 4896 1537 4962 fructuosam
1558 4917 1633 4996 91111
1650 4894 1726 4959 fidoi
1747 4894 1913 4972 1011111111,
1936 4914 2002 4992 non
2024 4898 2075 4956 011
2095 4889 2217 4956 11111111·
2235 4982 2237 4987 Ι

1241 4981 1386 5066 gendum
1415 5002 1598 5046 sermonem
1624 4979 1718 5045 illum
1740 4988 1911 5044 aeternum
1932 4981 1996 5044 Der
2023 4998 2082 5060 per
2104 4999 2139 5042 55
2161 4975 2217 5041 de-

1241 5069 1380 5152 signari,
1408 5066 1465 5132 sed
1493 5067 1698 5131 humanitate
1726 5073 1840 5131 nostra
1861 5067 2031 5142 vestitum,
2062 5061 2217 5146 quemad-

255 5180 312 5260 ·1)
335 5181 392 5234 sore
411 5185 593 5238 consiliarium
612 5184 680 5239 1553
697 5193 722 5241 et
739 5202 793 5257 seq.
867 5185 897 5256 2)
920 5184 1189 5242 haemeraeo
1241 5153 1374 5218 m⁰d¹¹m
1395 5151 2043 5251 1110181101011111111111111,11111111011111111
2110 5235 2116 5247 ‚
2143 5234 2149 5247 ⁸

211 5262 333 5317 5555555555
350 5259 491 5318 apparent.
1329 5243 1356 5304 7.
1406 5239 1577 5304 Postremo
1607 5237 1656 5301 llll
1690 5238 1826 5303 Domlm
1859 5237 2002 5321 eloglum
2034 5235 2216 5312 asonbltur,

211 5071 415 5081 ——n-———-
