4732 6030
147 336 188 397 ιι
837 331 1072 400 nrrsrorn
1090 331 1464 400 Nnuouraroem.
1822 350 1827 362 ³
1852 434 1854 437 v
2118 344 2156 405 14

147 542 232 599 mur,
255 543 317 587 nos
340 521 471 587 claudos
495 530 532 586 ut
553 523 594 588 eb
620 525 690 606 ipso
714 523 903 607 dirigamur,
927 543 986 587 nos
1005 522 1127 588 debiles
1179 542 1264 600 nem,
1283 544 1366 604 quae
1383 524 1551 606 scripturis
1568 524 1691 590 tradita
1708 534 1766 603 est,
1784 548 1930 610 quaeque
1946 528 2033 594 inter
2048 552 2161 594 omnes

39 669 41 672 ⁴
143 641 183 698 ut
198 633 239 698 ab
255 633 328 716 ipso
343 641 571 713 sustentemur,
588 636 683 700 nobis
701 632 741 720 [p.
758 632 810 721 11]
824 656 955 699 emnem
966 634 1128 718 gloriandi
1180 640 1328 698 constare
1357 634 1526 712 debuerat,
1558 636 1652 702 facile
1679 644 1712 701 et
1744 638 1805 703 sibi
1837 649 1870 702 et
1895 639 1967 703 aliis
1999 640 2159 724 ignorare,

143 746 319 810 materiam
341 745 522 826 detrahere,
544 752 582 810 ιιι
602 747 691 811 solus
712 747 781 829 ipse
802 746 1000 829 glorificetur
1018 753 1051 810 et
1067 767 1128 811 nos
1179 745 1359 829 negligere,
1393 746 1558 829 despicere
1584 749 1792 830 permittunt,
1825 771 2005 832 parumque
2037 753 2160 820 referre

143 857 179 922 in
208 858 283 940 ipso
316 857 514 942 gloriemur?
564 859 657 924 Haec
685 864 780 940 atquo
811 857 846 921 id
873 879 976 941 genus
1003 857 1128 939 relique
1179 863 1316 939 putant,
1335 857 1412 940 quid
1433 860 1568 940 quisque
1591 859 1631 924 de
1653 861 1724 925 Deo
1747 868 1781 925 et
1802 859 1934 927 Christo
1954 869 2078 942 teneat,
2105 865 2160 930 vel

143 990 218 1035 cum
236 990 258 1034 a
275 971 368 1035 nobis
385 969 547 1050 dicunnn,
564 971 775 1052 interpellant
791 970 839 1033 illi
857 971 1127 1052 quiritanturque,
1180 989 1246 1032 non
1268 975 1393 1047 teneat,
1415 970 1525 1048 modo,
1548 971 1705 1053 implicita
1725 971 1804 1049 fide,
1826 994 1921 1037 suam
1942 981 2085 1039 mentem
2106 997 2160 1041 ec·

145 1081 206 1146 hoo
231 1081 330 1147 modo
356 1083 502 1148 subverti
528 1103 661 1147 caecum
687 1083 795 1146 nescio
824 1080 911 1163 quod
936 1081 1048 1145 lumen
1069 1102 1128 1146 na·
1180 1079 1297 1145 clasiae
1324 1081 1442 1146 iudicio
1465 1083 1643 1148 submittat.
1692 1084 1762 1148 Nec
1790 1084 1886 1149 valde
1908 1085 2160 1166 afficiuntur,si
2260 1127 2264 1137 ·

143 1205 252 1271 hirae,
275 1195 370 1260 fictas
390 1195 668 1293 praeparationes,
691 1193 831 1258 liberum
853 1192 1037 1270 arbitrium,
1060 1214 1128 1256 me·
1180 1192 1244 1256 Dei
1267 1193 1405 1276 gloriam
1425 1195 1606 1260 manifestis
1626 1195 1837 1278 blasphemiis
1858 1198 1960 1279 pollui
1981 1199 2158 1282 contingat.

143 1306 224 1384 rita,
251 1307 331 1388 quia
351 1306 436 1370 ferre
457 1327 524 1370 non
549 1322 700 1388 possunt,
729 1306 893 1388 integram
914 1306 1019 1370 omnis
1041 1305 1126 1384 boni,
1180 1301 1250 1368 Gur
1276 1311 1369 1368 tanta
1396 1306 1532 1372 saevitia
1560 1314 1594 1370 et
1615 1309 1790 1372 acerbitate
1813 1330 1872 1390 pro
1899 1311 2007 1388 missa,
2038 1329 2159 1392 purga·

144 1417 286 1495 vanus,
307 1417 460 1496 iustitiae,
483 1417 661 1499 sapientiae
683 1415 814 1481 laudem
832 1438 869 1481 nc
887 1416 1025 1499 gloriam
1041 1416 1128 1499 apud
1179 1416 1276 1492 torio,
1306 1417 1644 1499 peregrinationibus,
1662 1425 1696 1483 et
1715 1419 1750 1483 id
1777 1441 1880 1502 genus
1901 1422 1998 1504 nugis
2026 1421 2160 1505 b'ellige-

144 1530 256 1594 Denm
288 1528 440 1594 residere.
496 1529 544 1593 At
575 1552 641 1594 non
673 1529 813 1613 legimus
840 1528 918 1614 (Ier.
943 1527 980 1612 2)
1017 1550 1128 1611 repre·
1181 1534 1309 1605 rantur,
1343 1532 1380 1592 ut
1401 1529 1471 1593 sine
1493 1550 1606 1594 eorum
1631 1530 1887 1613 explicitissima,
1916 1539 1954 1597 ut
1974 1533 2021 1597 ita
2043 1532 2158 1612 dicam,

144 1641 279 1718 hensos,
304 1641 361 1723 qui
387 1641 526 1706 nimium
547 1663 565 1705 e
592 1642 680 1706 fonte
703 1661 805 1724 aquae
826 1642 921 1707 vivae
949 1640 1126 1716 hauserint,
1179 1637 1244 1702 fide
1265 1640 1391 1705 salvam
1412 1641 1481 1705 fore
1509 1642 1664 1724 pietatem
1684 1650 1819 1726 negent,
1848 1665 1922 1708 eum
1944 1651 2054 1709 tamen
2076 1645 2160 1709 nihil
2183 1649 2184 1653 ’

146 1759 261 1819 οοιιιιι
279 1752 424 1836 graviter
441 1753 664 1835 obiurgentur,
683 1755 738 1835 qui
755 1752 907 1817 foderunt
923 1753 986 1818 sibi
1003 1763 1126 1835 puteos,
1180 1771 1293 1814 eorum
1319 1773 1340 1815 a
1366 1753 1466 1817 verbo
1492 1754 1556 1818 Dei
1589 1775 1660 1818 esse
1692 1755 1839 1836 probent.
1884 1755 1968 1834 Cur,
1996 1757 2059 1821 nisi
2083 1758 2179 1839 quia,¹

145 1871 263 1949 puteos
285 1865 440 1930 contritos
460 1872 493 1928 et
520 1865 575 1947 qui
598 1865 763 1929 continere
785 1884 903 1948 aquam
923 1887 989 1929 non
1006 1865 1125 1930 valent.
1179 1861 1244 1926 illis
1265 1863 1357 1926 Deus
1378 1872 1495 1929 venter
1515 1872 1578 1944 est,
1602 1865 1710 1930 culina
1729 1866 1852 1950 religio,
1875 1867 1991 1949 quibus
2013 1867 2158 1946 sublatis,

32 2012 37 2033 ι.
144 1974 309 2055 Rursum,
332 1975 411 2058 quid
436 1974 514 2040 fidei
535 1977 794 2053 convenientius,
815 1998 914 2058 quam
935 1977 1046 2041 Deum
1067 1977 1129 2042 sibi
1179 1996 1246 2038 non
1271 1975 1367 2040 modo
1388 1975 1607 2055 Christianos,
1635 1977 1693 2043 sed
1719 2000 1761 2043 ne
1788 1979 1936 2045 homines
1958 1979 2089 2061 quidem
2108 1980 2159 2044 fu·
2230 1986 2236 2006 '

144 2087 293 2171 polliceri
319 2088 495 2171 propitium
526 2094 668 2170 patrem,
697 2089 754 2153 ubi
780 2086 932 2153 Ohn'stns
960 2089 1062 2153 frater
1090 2109 1128 2154 ac
1180 2093 1270 2151 turos
1294 2109 1329 2152 ιι
1355 2087 1512 2152 credunt?
1563 2090 1708 2155 Tametsi
1735 2091 1823 2155 enim
1847 2090 1903 2155 alii
1929 2091 2097 2174 splendide
2124 2112 2159 2156 se

83 2192 87 2197 ’
143 2200 339 2283 propitiator
357 2201 557 2283 agnoscitur3
575 2221 673 2282 quam
690 2200 800 2264 omnia
815 2199 901 2264 laeta
919 2221 957 2266 ac
973 2221 1129 2283 prospera
1180 2198 1397 2281 ingurgitant,
1426 2200 1482 2264 alii
1502 2202 1655 2267 tenuibus
1677 2202 1830 2267 crustulis
1851 2185 2017 2282 visitant,
2045 2223 2158 2268 omnes
2264 2212 2266 2217 ’

144 2332 260 2377 secure
282 2311 324 2376 ab
342 2333 379 2376 eo
394 2320 591 2394 exspectare,
615 2312 706 2377 cuius
724 2311 951 2396 inenarrabilis
972 2332 1051 2395 erga
1068 2333 1127 2376 nos
1180 2315 1290 2374 tamen
1311 2332 1354 2375 ex
1375 2310 1489 2376 endem
1506 2313 1623 2378 vivunt
1639 2313 1712 2392 olla,
1732 2335 1816 2396 quae
1834 2315 1905 2380 sine
1920 2314 1986 2380 illis
2007 2303 2159 2379 fomentis

12 2490 21 2504 ,
145 2422 276 2488 dilectio
297 2444 336 2487 eo
356 2444 529 2506 progressa
545 2429 604 2501 ιιι,
623 2413 664 2487 ιιι
682 2424 811 2505 proprio
833 2423 901 2488 filio
925 2445 992 2488 non
1012 2445 1127 2506 peper-
1182 2417 1222 2506 [p.
1243 2419 1295 2508 14]
1319 2444 1385 2487 non
1411 2423 1546 2507 frigeret
1566 2423 1675 2501 modo,
1701 2424 1759 2489 sed
1780 2426 1910 2507 penitus
1931 2427 2156 2510 conglaciaret

142 2535 233 2614 oerit,
256 2535 338 2617 quin
359 2556 418 2616 pro
439 2534 532 2599 nobis
552 2537 659 2617 ipsum
680 2534 839 2614 traderet;
861 2557 959 2617 quam
981 2537 1016 2600 in
1038 2544 1128 2601 certa
1179 2532 1267 2612 Ideo,
1286 2542 1323 2598 ut
1344 2536 1479 2617 quisque
1496 2557 1609 2601 eorum
1626 2558 1685 2618 pro
1702 2544 1817 2603 ventre
1834 2544 1885 2602 est
1902 2539 2045 2602 maxime
2067 2542 2158 2606 solli-

142 2647 386 2729 exspectatione
416 2647 535 2712 salutis.
557 2653 590 2711 et
619 2648 707 2713 ritae
735 2655 886 2712 aeternae
913 2649 1125 2730 acquiescere,
1179 2645 1271 2723 citus,
1283 2647 1330 2710 ita
1345 2667 1404 2728 pro
1417 2669 1476 2712 sua
1491 2648 1555 2712 fide
1565 2648 1703 2714 bellator
1719 2650 1904 2714 acerrimus.
1928 2651 2079 2735 Denique
2093 2652 2158 2719 huc

140 2758 199 2823 ubi
220 2755 376 2824 Obristus
398 2781 418 2822 a
438 2767 531 2841 patre
553 2758 654 2823 datus.
673 2756 713 2844 [p.
734 2756 787 2845 12]
810 2757 984 2843 cogitetur,
1007 2760 1042 2823 in
1063 2781 1126 2843 quo
1179 2755 1221 2820 ad
1238 2780 1341 2822 unum
1358 2779 1471 2823 omnes
1486 2760 1687 2839 incumbunt,
1709 2761 1762 2825 vel
1778 2768 1816 2824 ut
1832 2783 1971 2845 regnum
1987 2763 2157 2843 incolume,

130 2870 227 2947 ,tales
247 2869 396 2935 thesauri
417 2879 494 2934 sunt
515 2869 720 2935 absconditi?
1178 2868 1232 2933 vel
1254 2875 1292 2932 ut
1311 2877 1461 2934 ventrem
1483 2872 1663 2936 confertum
1684 2874 1854 2938 retineant
1899 2873 2004 2938 Nemo
2022 2874 2075 2939 vel
2096 2874 2158 2938 mi-

234 2983 298 3048 Hic
330 2983 423 3048 nobis
456 3004 591 3047 manum
613 2983 782 3060 iniiciunt,
812 2991 845 3047 et
871 2982 962 3047 illam
988 2983 1127 3049 fiduciae
1178 2981 1303 3045 nimam
1324 2983 1442 3047 sinceri
1461 2982 1521 3047 aeli
1544 2983 1600 3047 dat
1621 2985 1899 3076 significationem.

141 3094 382 3173 certitudinem,
401 3094 590 3178 arrogantia
605 3101 639 3159 et
654 3096 916 3177 praesumptione
933 3116 1000 3159 non
1016 3117 1128 3161 carere
1265 3092 1334 3158 Nec
1361 3094 1407 3158 sic
1431 3100 1542 3158 tamen
1564 3093 1717 3160 desinunt
1739 3095 1920 3163 doctrinam
1940 3104 2087 3163 nostram
2107 3098 2159 3164 in·

140 3207 296 3274 clamant.
342 3207 403 3285 At,
431 3215 469 3270 ut
489 3206 571 3270 nihil
599 3205 639 3270 de
661 3207 768 3284 nobis,
795 3207 843 3270 ita
864 3207 973 3272 omnia
995 3207 1035 3272 de
1055 3209 1127 3272 Deo
1179 3225 1314 3284 cessere,
1336 3213 1369 3270 ιι
1385 3206 1502 3288 quibus
1519 3215 1656 3288 possunt
1671 3209 1857 3274 nominibus
1874 3209 2040 3275 criminari
2058 3215 2092 3274 et
2108 3210 2158 3273 in-

139 3318 384 3404 praesumende
405 3326 491 3396 sunt,
513 3340 574 3383 nec
597 3319 661 3384 alia
682 3319 807 3382 ratione
828 3340 915 3383 vana
932 3319 1037 3402 gloria
1053 3341 1127 3401 spo-
1179 3317 1317 3396 murare,
1351 3338 1414 3399 quo
1441 3318 1495 3383 vel
1525 3319 1680 3397 invisam,
1713 3319 1767 3384 vel
1799 3327 1983 3403 suspectam
2010 3319 2157 3384 reddent

140 3431 279 3512 liamur,
308 3432 373 3497 nisi
393 3431 487 3495 utin
506 3431 648 3494 Domino
676 3429 861 3519 gloriemur.
907 3429 996 3511 Quid
1017 3430 1125 3495 ultra?
1179 3428 1308 3493 Novam
1330 3429 1496 3512 appellant
1522 3439 1555 3494 et
1581 3453 1687 3514 nuper
1711 3439 1839 3509 natam,
1868 3431 1999 3496 dubiam
2026 3453 2096 3495 esse
2125 3437 2159 3495 et

139 3565 307 3628 perorare,
330 3544 522 3608 Fortissime
539 3544 623 3620 Rex,
646 3563 888 3607 omnescausae
905 3549 1035 3607 nostrae
1052 3563 1127 3624 par-
1178 3540 1337 3605 incertam
1358 3541 1567 3621 cavillantur;
1595 3549 1728 3626 rogant,
1753 3543 1870 3624 quibus
1897 3543 2088 3606 confirmata
2113 3543 2157 3608 ιιι

140 3665 201 3736 ιιι,
225 3664 260 3720 ιι
278 3656 392 3738 quovis
414 3655 646 3721 sceleratorum
666 3654 837 3718 hominum
854 3675 973 3737 genere
994 3655 1127 3736 nequio-
1178 3652 1359 3731 mirantum
1385 3664 1560 3736 quaerrmt,
1589 3677 1632 3718 an
1659 3654 1702 3718 sit
1729 3674 1876 3735 aequum,
1904 3661 1942 3716 ut
1969 3660 2082 3718 contra
2108 3661 2157 3719 tot
2269 3718 2272 3724 ,

140 3791 198 3834 res
224 3790 284 3833 nos
307 3769 472 3847 existima,
501 3769 565 3832 nisi
591 3767 687 3849 plane
710 3766 889 3849 comperias
915 3767 951 3830 in
977 3765 1038 3831 hoc
1067 3787 1126 3830 nos
1178 3771 1366 3829 sanctornm
1382 3773 1514 3847 patrum
1536 3787 1738 3842 consensum,
1758 3772 1791 3829 et
1808 3766 2062 3830 vetustissimam
2080 3787 2157 3831 con·

140 3881 294 3946 laborare
311 3888 346 3945 et
355 3881 482 3963 probris
500 3879 594 3958 affici,
613 3880 689 3961 quia
706 3899 798 3960 spem
809 3878 1127 3961 reponimusinDeo
1179 3875 1397 3955 suetudinem,
1420 3877 1578 3956 obtineat;
1604 3884 1737 3961 urgent,
1766 3884 1803 3941 nt
1824 3877 2065 3943 schismaticam
2086 3899 2157 3944 esse

141 3993 231 4071 vivo,
249 3994 326 4076 quia
342 3993 429 4058 hane
446 3991 608 4058 credimus
625 4012 696 4056 esse
713 3991 816 4055 vitam
834 3997 1014 4054 aeternam:
1031 4011 1127 4055 nosse
1178 3986 1352 4066 fateamur,
1380 3973 1469 4070 quae
1485 3996 1598 4053 contra
1618 3989 1801 4055 Ecclesiam
1826 3989 1985 4071 praelium
2013 3998 2156 4068 moreat3
2237 4014 2239 4018 ’

140 4126 249 4170 ιιιιιιιιι
269 4125 385 4170 rerum
407 4103 514 4182 deum,
537 4111 570 4167 et
590 4124 688 4185 quem
716 4101 771 4165 ille
798 4102 888 4166 misit
907 4101 1018 4166 Iesum
1028 4099 1126 4167 chri-
1178 4097 1232 4163 ιιι
1257 4099 1440 4164 Ecclesiam
1466 4100 1577 4165 multis
1602 4101 1740 4166 saeculis
1766 4101 2015 4166 intermortuam
2048 4101 2156 4180 ιἰιιιιι,

142 4222 243 4282 stum
286 4216 428 4298 Propter
454 4215 540 4280 hanc
562 4236 654 4297 spem
683 4212 716 4298 (l
739 4214 821 4278 rim.
841 4211 877 4298 4)
901 4213 956 4278 alii
978 4222 1127 4278 nostrum
1178 4212 1295 4294 quibus
1318 4209 1401 4276 nihil
1421 4211 1487 4276 tale
1507 4211 1655 4277 auditrrm
1674 4213 1751 4292 fuit3
1772 4221 1949 4295 postremo,
1972 4212 2157 4294 nihilopus

141 4326 285 4394 vinculis
302 4328 578 4409 constringuntur,
603 4324 658 4390 alii
680 4326 783 4408 virgis
802 4325 991 4402 caeduntur,
1014 4324 1070 4389 alii
1091 4326 1126 4389 in
1178 4318 1257 4401 esse,
1281 4324 1382 4401 aiunt,
1402 4325 1514 4389 multis
1536 4325 1747 4408 argumentis,
1767 4324 1872 4407 qualis
1890 4325 1978 4389 enim
1999 4324 2050 4400 sit,
2072 4320 2157 4386 iudi-

141 4437 323 4505 ludibrinm
354 4438 655 4515 circumducuntur,
689 4435 744 4500 alii
775 4436 1036 4518 proscribuntur,
1071 4437 1127 4502 alii
1178 4436 1245 4499 ceri
1268 4435 1462 4500 aiructibus
1479 4457 1586 4518 posse:
1608 4443 1728 4518 utpote,
1747 4458 1830 4519 quae
1847 4443 1977 4502 tantum
1994 4440 2157 4498 sectarum
2193 4498 2204 4519 ,

141 4550 333 4616 ιιιιιιιιιιιι
358 4558 565 4634 torquentur,
599 4548 655 4613 alii
686 4548 765 4631 iuga
796 4547 985 4628 elabuntur,
1013 4569 1125 4614 omnes
1178 4568 1341 4627 acervum,
1367 4544 1407 4632 [p.
1423 4545 1476 4634 lt]
1496 4556 1545 4613 tot
1561 4547 1757 4613 seditionum
1778 4549 1899 4624 hubas,
1923 4552 2049 4610 tantam
2061 4545 2156 4609 vitio-

141 4682 257 4728 rernm
277 4664 429 4747 angrrstia
450 4662 643 4745 premimur,
673 4659 751 4724 dhis
773 4660 1048 4725 exsecrationibus
1069 4659 1126 4724 de-
1176 4680 1251 4722 rum
1277 4658 1444 4724 licentiam
1464 4661 1636 4742 pepererit
1670 4645 1816 4726 ¹Scilicet
1840 4678 1997 4741 perquam
2022 4656 2087 4722 illis
2108 4657 2157 4721 fer

56 4784 60 4788 '
140 4794 317 4853 veremur,
340 4774 521 4839 maledictis
541 4773 737 4851 laceramur,
765 4770 998 4854 indignissimis
1021 4771 1125 4837 modis
1177 4769 1239 4835 cile
1263 4778 1321 4849 est,
1345 4771 1432 4853 apud
1453 4771 1621 4837 credidem
1636 4773 1884 4854 imperitumque
1904 4767 2156 4847 multitudinem,

142 4893 333 4951 mactamur.
377 4886 511 4950 Intuere
539 4887 605 4950 iam
632 4885 667 4948 in
690 4883 893 4955 adversarios
919 4891 1046 4948 nostros
1069 4882 1125 4968 (de
1178 4880 1326 4947 desertae
1348 4903 1465 4948 causae
1487 4883 1654 4950 insultare.
1704 4884 1843 4961 Verum,
1867 4880 2010 4946 sinobis
2031 4901 2157 4962 quoque

143 4997 259 5062 ordine
278 4998 497 5063 sacrificorum
511 4994 552 5083 [p.
568 4994 621 5083 1³]
634 4995 756 5078 loquer,
778 5015 917 5079 quorum
926 5001 1009 5060 nutu
1028 5003 1124 5060 etar—
1177 5000 1288 5058 essent
1300 4993 1428 5058 dicendi
1438 4996 1536 5075 vices,
1558 4995 1740 5060 deferveret
1755 4994 1897 5077 profecto
1918 4992 1999 5057 hacc
2020 4992 2157 5057 acrimo-

142 5109 242 5174 bitrio
264 5109 325 5174 nii>
342 5108 510 5174 nobiscum
536 5108 722 5173 inimicitias
750 5105 917 5191 exercent)
939 5115 976 5170 et
995 5129 1125 5172 mecum
1176 5105 1241 5183 nia,
1259 5125 1324 5186 qua
1342 5107 1388 5172 sic
1402 5107 1502 5172 innos
1518 5107 1624 5190 plenis
1636 5107 1745 5172 buccis
1756 5105 1958 5187 despumant
1981 5103 2157 5185 Principio,

119 5204 124 5213 ⁵
143 5221 313 5305 paulisper
328 5227 452 5304 reputa,
470 5242 533 5305 quo
549 5215 660 5286 studio
672 5221 828 5323 ferantur.
852 5217 978 5283 Veram
994 5219 1124 5303 religio·
1176 5236 1296 5280 novam
1318 5217 1404 5300 quod
1421 5218 1600 5302 appellant,
1622 5219 1694 5284 Deo
1715 5229 1792 5282 sunt
1808 5217 2020 5282 uehementer
2036 5215 2157 5292 iniurii,
