4732 6030
183 336 341 405 XXXIV
734 334 1000 401 mamutium
1021 334 1297 402 RELIGIONIS
1321 333 1647 402 CHRISTIANAE.

182 528 318 594 Parisiis
339 527 374 591 in
396 524 590 591 bibliotheca
612 526 780 590 sorboniea
802 505 969 607 exemplar
991 524 1112 590 vidisse
1138 525 1230 589 ouius
1252 524 1366 589 titulus
1394 525 1475 590 haec
1498 525 1685 591 exhibebat:
1714 525 1833 591 Autore
1853 526 2004 607 Aleriae:
2025 529 2185 610 epistolae

182 639 224 705 ad
245 640 371 721 Regem
399 643 509 701 autem
534 637 714 718 praefixam
735 637 833 701 fuisse
856 637 942 701 hano
971 635 1157 699 formulam:
1190 635 1403 701 Potentissimo
1430 636 1702 718 illustrissimoque
1723 638 1919 718 monarchae,
1946 660 2056 723 utaque
2079 639 2185 705 Frua-

181 771 285 815 corum
308 750 388 831 reqi,
416 726 556 829 principi
585 769 621 812 uc
648 746 784 811 Domi-ao
808 768 865 812 suo
892 747 1066 825 Alcmaeo:
1099 768 1271 829 suppresso
1300 748 1467 814 Francisei
1496 749 1626 813 nomine
1648 757 1686 812 ut
1713 750 1850 815 fortasse
1882 750 1998 832 aliquis
2026 750 2185 816 (iarolum

181 863 342 944 Magnum
363 860 499 924 salutari
520 859 675 924 crederet.
721 859 800 922 Tale
822 859 990 941 exemplar
1013 866 1046 923 ct
1063 880 1122 924 nos
1144 858 1295 923 Basilcae
1316 858 1466 924 vidimus.
1500 859 1599 924 Idem·
1615 882 1693 925 vero
1711 862 1846 927 Liebius
1868 863 2012 927 Londini
2033 863 2069 926 in
2092 863 2184 928 aliud

180 972 294 1038 incidit
312 972 355 1036 in·
369 992 432 1054 quo
454 971 586 1036 Alcuini
608 992 726 1035 nomen
748 972 784 1034 in
805 972 1020 1052 praefatione,
1049 969 1181 1036 calvini
1202 971 1238 1033 in
1260 970 1354 1034 titulo
1381 972 1572 1054 apparebat,
1601 972 1687 1055 quod
1717 995 1759 1037 ox
1786 996 1878 1039 mera
1899 974 2085 1040 eonfiisione
2106 996 2184 1057 pro-

180 1085 308 1149 venisse
335 1090 439 1165 patet,
473 1082 567 1146 titulo
597 1082 730 1147 alterius
758 1083 955 1164 exemplaris
983 1103 1058 1148 eum
1086 1082 1221 1147 alterius
1248 1103 1381 1165 corporo
1408 1091 1582 1166 compacto.
1628 1085 1740 1151 Facile
1767 1085 1857 1150 enim
1883 1087 1943 1151 tibi
1970 1086 2184 1169 persuadebis

179 1195 415 1261 Wendelinum
441 1202 606 1273 nostrum,
634 1195 696 1259 nisi
718 1194 800 1258 forte
820 1194 927 1276 ipsum
956 1192 1132 1259 Calvinum
1153 1193 1188 1257 id
1211 1193 1318 1259 animo
1345 1195 1486 1278 agitasse
1517 1195 1688 1275 malueris,
1717 1204 1842 1261 eertum
1869 1219 2043 1262 numerum
2070 1172 2183 1263 exem-

181 1307 323 1391 plarium
351 1327 484 1371 suorum
513 1306 620 1371 Gallis
648 1306 841 1385 destinasse,
872 1327 953 1388 quac
983 1327 1024 1370 ne
1052 1305 1230 1388 suspiciosa
1256 1307 1485 1388 inquisitorum
1506 1307 1677 1392 vigilantia
1705 1309 1745 1373 ab
1768 1330 1881 1388 eorum
1902 1310 2022 1375 finibus
2045 1318 2183 1388 arceret,

180 1441 264 1484 novo
287 1419 381 1483 titulo
403 1420 577 1483 ornaverit.

1036 1725 1227 1808 EDITIO
1249 1726 1326 1808 ΙΠ.

702 1912 1155 1980 manuroaarnusrs
1178 1913 1365 1978 alflaan
1386 1914 1430 1978 Π.
1463 1918 1552 1978 iae.
1581 1914 1653 1978 aa,

331 2089 451 2154 Paucis
474 2088 568 2151 annis
590 2087 768 2151 interiectis
790 2107 876 2149 nova
897 2084 1017 2167 prodiit
1039 2107 1080 2150 ex
1102 2085 1216 2150 eadem
1239 2086 1367 2150 officina
1388 2085 1495 2165 editio,
1519 2086 1653 2151 ethaeo
1675 2107 1800 2169 quoque
1823 2086 2036 2169 praecedente
2054 2090 2182 2155 auctior

178 2209 212 2267 et
232 2202 358 2266 iteratis
381 2200 504 2264 autoris
527 2199 612 2264 cirris
635 2197 815 2262 emendata.
861 2197 989 2261 Titulus
1012 2204 1069 2274 est,
1095 2197 1204 2261 addito
1226 2198 1271 2262 Io.
1296 2196 1445 2275 Sturmii,
1465 2198 1528 2262 viri
1550 2203 1620 2262 tum
1643 2199 1796 2280 temporis
1815 2199 1901 2281 apud
1918 2200 2180 2283 Argentoraten-

178 2335 230 2379 scs
252 2312 439 2389 clarissimi,
466 2310 583 2375 iudicio
615 2308 655 2372 de
683 2309 866 2375 calviniaco
896 2329 1005 2390 opero,
1033 2308 1132 2390 paulo
1159 2309 1299 2392 longior:
1333 2307 1598 2374 INSTITU'PIO
1630 2308 1942 2394 aflai-lernam
1966 2319 2181 2375 RELIGIONIS

177 2434 277 2490 Neue
290 2424 294 2508 Ι
307 2445 384 2488 uere
405 2423 537 2487 demum
559 2443 616 2486 suo
640 2421 734 2485 titulo
756 2420 964 2502 respondens.
986 2420 990 2503 Ι
1010 2420 1149 2485 Aethere
1170 2419 1287 2484 Icariae
1301 2417 1440 2485 Oulraiuo.
1460 2419 1465 2506 Ι
1484 2422 1623 2485 Ioannes
1636 2419 1810 2485 Sturmius.
1833 2421 1836 2503 Ι
1855 2422 1995 2487 Ioannes
2018 2422 2179 2487 Caluinus

178 2537 275 2601 homo
308 2536 511 2600 acontissimo
547 2550 614 2620 [aa]
648 2532 767 2597 iudicio
796 2553 986 2613 summaque
1014 2531 1162 2598 doctrina
1189 2539 1223 2596 et
1249 2533 1402 2615 egrelgia
1426 2533 1583 2597 memoria
1611 2531 1778 2615 praeditus
1808 2540 1871 2598 est:
1905 2542 1938 2598 et
1963 2534 2101 2615 scriptor
2127 2541 2180 2599 cst

176 2649 296 2727 uarius,
320 2648 474 2729 copiosus,
497 2668 612 2729 purus:
641 2646 810 2728 cuiuslroi
833 2645 1054 2709 testimonium
1074 2650 1123 2708 est
1148 2645 1309 2708 institutio
1332 2644 1539 2709 Christianae
1561 2644 1740 2727 religionis,
1763 2666 1861 2727 quam
1883 2646 1988 2727 primo
2008 2644 2178 2730 in-lchoa-

176 2768 254 2838 tam,
278 2759 395 2824 deindo
415 2759 646 2841 locupletatam
666 2757 727 2821 hoc
749 2777 827 2822 uero
850 2776 935 2821 anno
958 2755 1141 2820 absolutam
1163 2755 1276 2820 edidit:
1299 2757 1442 2837 nc·lque
1465 2756 1539 2820 scio·
1553 2776 1596 2819 au
1616 2757 1789 2837 quicquam
1811 2756 1908 2821 huius
1929 2758 2058 2840 generis
2076 2762 2177 2834 extet,

175 2872 351 2954 perfectius
378 2871 419 2934 ad
447 2870 626 2935 docendam
648 2865 889 2952 re-lligionem:
921 2866 963 2930 ad
985 2867 1194 2951 corrigendos
1215 2889 1339 2946 mores,
1369 2874 1402 2931 et
1423 2867 1583 2932 tollendos
1604 2850 1748 2933 errores?
1778 2876 1812 2933 et
1833 2890 1867 2932 se
1880 2870 1885 2952 Ι
1898 2870 2020 2952 optimo
2042 2870 2178 2935 institu-

177 2991 247 3047 tum
274 2983 452 3060 existimet,
480 2982 550 3064 qui,
574 3002 656 3063 quae
684 2981 719 3045 in
742 3001 779 3044 eo
799 2975 1002 3064 nolu-lmine
1030 2979 1220 3057 traduntur,
1249 2986 1299 3044 est
1321 2988 1496 3045 assecutus.
1518 2979 1522 3061 Ι
1542 2978 1699 3043 Habaeuc
1726 2983 1751 3043 l.
1773 2980 1777 3062 Ι
1798 2978 1975 3063 Quousque
1996 2981 2178 3065 Dominell

176 3094 376 3178 Arqurtorati
391 3113 452 3174 per
480 3071 702 3157 Vueudeliauru
725 3092 893 3156 Ribelium.
920 3089 925 3174 Ι
950 3092 1066 3155 Mense
1088 3090 1218 3154 Martio.
1240 3092 1244 3173 Ι
1264 3100 1365 3154 ANNO
1385 3101 1422 3155 M.
1430 3100 1463 3154 D.
1473 3100 1571 3154 XLIII.
1611 3089 1756 3155 Additur
1773 3091 1872 3155 etiam
1892 3114 1950 3156 suo
1967 3091 2036 3157 loco
2055 3093 2179 3160 emble·

175 3227 231 3271 ma
252 3204 460 3268 riholianum.

330 3315 424 3380 Folio
453 3315 538 3380 tituli
566 3336 660 3380 verso
690 3316 848 3397 repetitur
875 3314 1005 3379 Calvini
1029 3313 1173 3394 Epistola
1192 3314 1234 3378 ud
1260 3314 1395 3377 lectorem
1417 3313 1457 3378 de
1479 3334 1542 3396 qua
1571 3314 1851 3396 supradiximus,
1882 3314 1992 3379 addita
2015 3316 2077 3382 hae
2100 3316 2178 3381 sub-

177 3430 366 3511 scriptione:
396 3427 595 3511 Arrqzastiuus
616 3426 743 3506 epistole
766 3431 796 3489 7.
843 3425 910 3507 qu
936 3447 974 3489 ar
995 3445 1099 3489 eorum
1120 3444 1247 3489 raumara
1267 3446 1315 3489 rue
1336 3445 1400 3490 esse
1416 3427 1574 3506 profiteor,
1603 3427 1658 3507 qui
1678 3425 1814 3490 scribunt
1830 3427 2031 3507 preficiendo,
2054 3432 2082 3492 et
2102 3429 2180 3492 seri-

177 3539 270 3604 beado
285 3540 459 3621 proficiunt.
503 3539 545 3602 In
569 3537 768 3619 Praefatioue
794 3537 836 3602 ad
863 3538 989 3620 Regem
1013 3536 1169 3600 nonnulla
1195 3545 1321 3601 mutata
1349 3537 1406 3602 sed
1428 3559 1466 3602 ea
1492 3559 1559 3602 non
1580 3539 1693 3621 magni
1722 3540 1878 3602 momenti
1901 3547 1934 3603 et
1955 3540 2023 3603 fere
2045 3538 2086 3603 ad
2108 3561 2179 3604 ser-

176 3652 283 3716 monis
311 3652 433 3716 cultum
463 3651 670 3734 pertinentia.
723 3649 817 3731 Quae
845 3650 992 3731 sequitur
1026 3648 1156 3712 Summa
1184 3649 1249 3713 alia
1275 3659 1443 3732 astatque
1473 3672 1512 3714 ca
1533 3671 1615 3731 quae
1643 3651 1678 3714 in
1700 3651 1808 3732 priore
1830 3650 1972 3715 editione
1994 3651 2176 3735 legebatur.

176 3762 239 3826 Est
265 3763 397 3845 quidem
425 3769 458 3827 ot
484 3764 554 3845 ipsa
583 3763 728 3827 recensio
755 3762 959 3846 singulorum
987 3761 1130 3844 capitum
1157 3762 1279 3843 operis,
1308 3782 1423 3825 verum
1451 3783 1492 3825 ex
1515 3762 1830 3846 unoquoque-plura
1852 3770 2046 3845 argumenta
2067 3762 2179 3846 seligit

176 3874 223 3937 ita
244 3881 281 3937 ut
301 3875 515 3939 materiarum
542 3875 635 3958 copia
662 3874 768 3959 magis
790 3875 959 3940 elucescat.
1004 3873 1045 3937 In
1066 3874 1132 3939 fine
1153 3871 1287 3956 legitur:
1318 3872 1406 3937 Haec
1432 3874 1537 3937 omitia
1558 3875 1724 3956 perspicue
1748 3896 1785 3938 ac
1811 3874 1906 3938 solide
1929 3876 1962 3937 ia
1983 3873 2066 3938 bisce
2086 3875 2179 3937 iusti-

70 4033 81 4054 „
176 3985 343 4050 tutiorulrus
367 3990 551 4065 tractentur,
579 3992 605 4050 et
633 3987 781 4068 quicquid
808 3986 985 4051 aduersarii
1012 3990 1117 4050 contro
1143 3985 1289 4049 obiiciunt
1317 3986 1363 4049 ita
1389 3985 1564 4066 mirsrrtotur
1586 3989 1620 4048 ut
1646 3986 1746 4048 cuiuis
1765 3987 1822 4067 pio
1841 3985 1944 4049 laeteri
1964 3986 2012 4049 itu
2032 3986 2176 4066 satisfiet,

175 4101 209 4161 ut
230 4096 359 4178 postlata
386 4095 466 4159 cibit
491 4096 671 4161 huiusmodi
697 4098 907 4178 sophistarum
933 4098 1020 4187 fucos
1047 4099 1089 4160 sit
1117 4101 1291 4160 secreturus.
1343 4096 1445 4162 (iuius
1473 4096 1553 4160 haec
1585 4097 1651 4159 sint
1679 4096 1779 4161 verba
1806 4118 1901 4161 nemo
1921 4097 2016 4161 facile
2039 4096 2176 4177 dixerim

177 4206 316 4274 sturmii
338 4213 449 4270 tamon
472 4207 613 4289 elogium
635 4208 696 4289 ipsi
718 4208 837 4274 codicis
858 4210 957 4272 fronti
979 4210 1163 4290 praefixum
1184 4208 1399 4289 suspicionem
1421 4229 1551 4272 movere
1571 4215 1691 4290 potest,
1714 4208 1971 4274 illustrissimum
1994 4209 2087 4273 illum
2109 4210 2176 4272 Ar·

176 4320 456 4405 gentoratensium
483 4320 769 4403 gymnasiareham
797 4321 831 4383 in
858 4319 984 4384 edenda
1012 4320 1074 4385 hac
1102 4318 1243 4383 editione
1265 4319 1390 4402 aliquas
1418 4321 1523 4402 egisse
1545 4326 1662 4401 partes.
1707 4319 1812 4385 Adest
1831 4341 1927 4401 porro
1950 4327 1983 4384 ct
2005 4319 2106 4384 Iridea
2128 4320 2176 4384 lo-

176 4453 288 4498 corum
310 4430 564 4513 theologicorum
587 4432 643 4496 sed
664 4433 691 4496 is
713 4431 903 4513 locupletior
924 4453 1024 4514 quam
1046 4431 1103 4512 qui
1125 4438 1221 4495 antea
1242 4432 1356 4509 fuerat,
1381 4439 1414 4496 ct
1434 4432 1568 4496 omnino
1589 4453 1693 4497 notus
1715 4437 1748 4495 ct
1769 4431 1953 4515 singularis.
1995 4431 2177 4497 Distribuit

176 4544 264 4608 enim
285 4564 360 4608 suas
382 4543 491 4624 copias
513 4543 692 4608 secundum
711 4543 823 4609 literas
846 4543 1020 4625 alphabeti,
1044 4542 1100 4607 sed
1123 4542 1183 4607 sub
1202 4543 1339 4626 singulis
1359 4543 1499 4608 rubricis
1516 4543 1663 4608 ordinem
1679 4543 1875 4625 paginarum
1892 4545 2057 4622 observat;
2079 4565 2175 4626 prae·

176 4662 266 4719 terea
293 4654 326 4720 id
355 4654 473 4720 accidit
501 4655 691 4739 typothetae
713 4655 792 4720 sat-is
815 4655 1003 4732 ridiculum,
1031 4661 1068 4718 ut
1088 4655 1211 4736 passim
1233 4655 1269 4718 in
1290 4655 1331 4719 iis
1352 4655 1524 4720 literarum
1546 4654 1698 4733 rubricis,
1722 4676 1861 4736 quarum
1882 4655 2011 4721 articuli
2033 4677 2092 4738 pro
2115 4675 2175 4720 suo

176 4788 312 4831 numero
339 4767 487 4849 pluribus
514 4765 642 4832 schedis
668 4767 816 4849 inseripti
844 4771 938 4830 crant
963 4764 1003 4830 ab
1026 4786 1063 4829 eo
1084 4766 1139 4847 qui
1169 4765 1256 4830 hunc
1283 4766 1424 4831 indicem
1446 4767 1641 4844 confecerat,
1671 4765 1790 4829 harum
1809 4766 2004 4832 schedarum
2025 4766 2174 4855 ordinem

175 4879 322 4943 turbaret
349 4885 382 4943 et
408 4878 645 4943 intervorterct.
697 4875 754 4942 Sic
781 4898 830 4942 ex.
857 4900 904 4963 gr.
928 4878 989 4943 sub
1015 4876 1087 4959 ipsa
1114 4876 1209 4941 litera
1229 4879 1270 4942 A.
1293 4878 1436 4960 primum
1458 4880 1481 4943 ii
1506 4879 1568 4943 loci
1590 4877 1666 4942 huie
1688 4878 1801 4942 literae
1823 4878 2012 4961 assignandi
2035 4877 2177 4945 veniunt

175 4990 230 5071 qui
252 4991 287 5052 in
310 4970 405 5072 opere
427 4991 639 5055 institutionis
661 5010 680 5053 a
700 4990 821 5073 pagina
846 4992 914 5053 134.
946 4988 1110 5053 adfinem
1132 4988 1303 5068 habentur,
1325 4999 1438 5072 postea
1458 4990 1578 5056 caeteri
1601 5010 1621 5053 a
1641 4988 1763 5072 pagina
1788 4990 1896 5072 prima
1917 4990 1958 5055 ad
1984 4993 2053 5054 133.
2077 4990 2175 5054 obvii.

177 5099 307 5166 Similia
328 5100 454 5167 videbis
476 5102 536 5167 sub
558 5102 662 5166 literis
684 5100 720 5166 O.
739 5102 781 5165 D.
800 5101 899 5165 EL.
918 5102 956 5166 P.
977 5101 1012 5164 Τ.
1046 5099 1147 5165 Hune
1169 5101 1310 5167 indicem
1332 5104 1478 5185 sequitur
1499 5100 1612 5166 tabula
1633 5105 1804 5164 mutorum
1825 5107 1859 5165 et
1880 5102 1993 5183 folinm'
2018 5122 2175 5181 vacuum3

178 5221 317 5295 suntque
345 5213 426 5277 haec
452 5214 562 5279 omnia
591 5215 696 5279 textui
718 5214 899 5297 praemissa
919 5213 1039 5297 viginti
1069 5213 1133 5277 dno
1154 5212 1232 5278 folia
1253 5235 1319 5279 non
1341 5220 1513 5279 numerata
1534 5212 1603 5277 sive
1623 5212 1789 5277 terniones
1811 5211 1914 5278 α-δ.
1960 5216 2084 5279 Textus
2106 5214 2176 5297 ipse
