4770 6030
198 448 257 509 101
873 443 973 511 CAP.
991 446 1052 511 IV.
1095 446 1159 512 DE
1181 443 1521 518 SAORAtfflNuls.

192 636 229 700 in
246 635 333 701 hanc
348 633 565 699 obedientiam
582 633 777 716 compositis,
795 632 1018 716 providentiae
1039 635 1169 701 divinoe

191 720 319 806 legibus
341 741 401 785 nos
422 721 492 804 regi
508 719 661 802 patimur,
683 719 777 785 facile
794 718 956 786 (00000000
972 722 1007 785 in
1024 722 1169 787 oratione
1463 724 1541 807 DE
1560 724 1962 812 SAORAMENTffi

191 827 416 892 perseverare,
449 828 488 872 ao
520 806 685 888 suspensis
718 804 886 870 desideriis
917 807 1079 889 patienter
1111 829 1169 872 ex·
1522 840 1527 849 ·

191 902 323 979 pectere
349 893 543 969 Dominum;
571 893 666 969 certi,
692 892 792 956 etiam
818 892 1002 956 siminimc
1023 900 1167 976 apparet,
1211 877 1222 921 ³
1569 916 1690 1001 OAP
1734 919 1840 1003 ΠΗ

191 981 287 1045 nobis
308 988 419 1043 tamen
445 998 575 1060 semper
595 976 723 1055 adesse,
751 998 873 1060 suoque
894 984 1039 1060 tempore
1061 978 1168 1044 decla-
1238 976 1244 987 ’
1349 974 1412 1071 gi:
1431 1040 1455 1066 ,,
1691 982 1701 1001 ’

191 1075 356 1143 ratrrrum,
379 1085 478 1147 quam
499 1084 565 1128 non
586 1063 739 1128 habuerit
758 1062 874 1129 smdas
893 1085 988 1128 aures
1008 1065 1167 1146 precibus,
1305 1060 1765 1146 Nuad.iie'‚saoramentorum
1786 1070 1912 1136 ratione
1933 1070 2108 1139 dicendum
2125 1076 2197 1156 erit,

190 1174 276 1237 qnae
297 1152 332 1215 in
354 1149 524 1214 hominum
544 1149 645 1214 oculis
666 1149 834 1233 neglectae
855 1148 1059 1216 videbantur.
1220 1148 1261 1214 de
1282 1147 1711 1235 quibus'cettanijoliquam
1733 1154 1916 1221 doctrinam
1936 1156 2036 1237 tuadi,
2059 1181 2198 1244 magno-

278 1238 354 1302 Erit
379 1257 458 1301 vcro
485 1236 585 1300 istaec
617 1235 882 1318 praesentissima
908 1235 1099 1314 consolatio,
1126 1257 1168 1301 ne
1219 1255 1298 1317 pere
1319 1244 1432 1302 nostra
1453 1229 1770 1324 refcitphudenos,
1793 1250 1827 1306 et
1848 1263 1947 1325 quem
1967 1243 2004 1309 in
2024 1245 2126 1312 finem
2146 1246 2197 1312 in.

191 1326 382 1392 deficiamus
414 1343 452 1387 ac
485 1319 709 1404 desperatione
734 1320 956 1401 concidamus,
984 1321 1169 1404 siquando
1219 1321 1335 1386 stituta
1353 1323 1490 1402 luerim,
1512 1321 1639 1406 etquis
1660 1326 1886 1402 airammum
1907 1349 1986 1394 usus
2007 1330 2064 1409 sit,
2092 1330 2198 1399 disea-

191 1411 363 1494 adprime
380 1414 493 1473 nostra
512 1414 589 1472 vota
604 1408 697 1472 Deus
715 1429 781 1471 non
797 1405 1009 1489 responderit
1043 1406 1167 1488 Quem·
1220 1428 1302 1472 mus.
1352 1408 1519 1490 Principio
1550 1401 2009 1493 animadvertere-convenit,
2043 1416 2122 1499 quid
2153 1419 2198 1484 sit

191 1495 369 1564 admodum
380 1493 494 1572 solent,
516 1493 582 1576 qui,
601 1492 682 1557 dum
698 1514 757 1558 suo
777 1499 907 1557 tantum
924 1492 1039 1558 ardore
1056 1494 1167 1558 fertin-
1219 1489 1468 1559 sacramentum
1516 1495 1580 1561 Est
1606 1502 1718 1561 autem
1748 1487 2101 1586 timim-externum,
2133 1524 2197 1586 quc

191 1592 261 1660 tur,
284 1583 330 1647 sio
352 1581 463 1646 Deum
482 1580 650 1656 invocant,
676 1586 716 1643 ut
735 1579 800 1644 nisi
820 1578 863 1644 ad
883 1579 1005 1661 primos
1026 1580 1168 1662 impetus
1219 1578 1339 1645 bonam
1365 1601 1460 1646 suam
1485 1602 1566 1665 erga
1590 1602 1650 1647 nos
1681 1578 1900 1663 voluntatem}
1912 1573 2076 1659 deiuus
2102 1590 2197 1656 nobis

191 1668 333 1736 adiuerit
355 1689 392 1732 ae
409 1672 615 1748 praesentem
632 1686 727 1748 opem
744 1664 899 1743 00001000,
918 1666 1030 1730 statim
1046 1666 1168 1731 iratum
1219 1672 1444 1747 repraesentat
1460 1687 1498 1733 00
1514 1668 1715 1748 testificatur,
1738 1669 1782 1734 ad
1799 1667 2025 1737 sustinendam
2041 1673 2118 1739 fidoi
2135 1696 2195 1741 no·

190 1756 254 1822 sibi
274 1755 501 1834 infensumque
521 1753 662 1835 fingant,
690 1757 725 1814 et
744 1751 834 1815 omni
854 1772 912 1832 spe
932 1751 1090 1816 exorandi
1111 1752 1168 1817 ab·
1219 1759 1306 1817 strae
1319 1751 1582 1818 imbecillitatem
1611 1753 1754 1821 Definiri
1769 1776 1896 1839 quoque
1912 1745 2008 1823 aliter
2023 1767 2140 1842 potest,
2158 1769 2198 1826 ut

190 1843 276 1908 iacta
308 1841 459 1904 invocare
490 1836 647 1926 desinant
692 1836 821 1901 Deinde
847 1838 962 1916 ctiam,
988 1858 1031 1902 ns
1057 1837 1168 1902 Deum
1219 1844 1367 1903 vocetur:
1397 1839 1621 1904 testimonium
1641 1841 1767 1923 gratiae
1788 1843 1867 1920 Dei,
1890 1849 2026 1909 externo
2047 1846 2195 1930 symbolo

189 1934 357 1994 tentemus
377 1934 411 1990 et
431 1930 544 1989 nostra
564 1922 770 2005 improbitate
790 1923 972 2006 fatigatum,
992 1921 1167 1988 adversum
1218 1922 1313 1988 nobis
1334 1922 1543 1990 declaratum
1577 1923 1652 2005 Quo
1667 1926 1767 1992 ctiam
1783 1927 2009 2012 intelligimm,
2026 1950 2196 2014 nunquam

189 2035 252 2080 nos
273 2032 494 2096 provocemus
539 2006 635 2090 Quod
655 2007 768 2091 multis
788 2008 921 2074 solenne
943 2015 1001 2088 cst,
1023 2009 1080 2092 qui
1100 2030 1166 2073 non
1218 2009 1289 2073 sine
1309 2017 1487 2091 praeeunte
1513 2011 1726 2093 promissione
1753 2033 1824 2079 esse
1850 2025 2108 2097 sacramentum
2138 2017 2198 2083 sed

188 2101 256 2167 nisi
282 2106 371 2165 certa
397 2096 581 2162 mnditione
608 2116 683 2160 cum
705 2095 778 2159 Deo
804 2095 1027 2176 paciscuntur,
1054 2101 1100 2173 ct,
1128 2115 1167 2160 oc
1217 2093 1267 2157 illi
1293 2095 1401 2177 potius
1431 2101 1587 2179 tanquam
1617 2094 1658 2183 [p.
1678 2096 1755 2184 201]
1787 2099 2000 2183 appendicem
2031 2102 2197 2185 quandam

189 2188 372 2253 sisuarum
389 2182 603 2264 cupiditatum
621 2203 735 2247 servus
746 2188 841 2259 esset,
859 2180 1076 2263 stipulationis
1088 2201 1167 2246 suae
1219 2178 1367 2264 adiungi,
1396 2182 1432 2246 in
1452 2180 1528 2260 hoo,
1557 2188 1595 2247 ut
1619 2184 1868 2265 promissionem
1889 2187 1995 2268 ipsam
2015 2188 2126 2254 firmet
2147 2195 2197 2254 st·

188 2272 318 2357 legibus
351 2268 574 2353 adstringunt,
607 2268 726 2349 quibus
754 2267 819 2331 nisi
846 2267 1010 2348 extemplo
1042 2273 1165 2349 pareat,
1218 2285 1281 2347 que
1301 2266 1460 2350 obsignat,
1481 2268 1637 2351 nobisque
1659 2268 1750 2335 velut
1766 2272 1967 2338 testatiorem
1983 2272 2095 2354 faoiat3
2117 2295 2197 2357 quo-

187 2358 412 2442 indignantur,
436 2353 477 2440 [p.
492 2351 568 2440 199]
588 2353 747 2431 fromunt,
769 2352 996 2434 obloquuntur,
1018 2373 1166 2418 murmu·
1218 2350 1314 2416 modo
1335 2353 1455 2419 mentis
1475 2360 1606 2419 nostrae
1626 2354 1846 2438 ignorantiae,
1869 2379 1907 2423 ac
1929 2359 2037 2425 carnis
2058 2360 2197 2425 infirmi·

188 2451 281 2522 rant,
314 2442 564 2506 tumultuantur.
614 2438 743 2520 Quibus
775 2460 872 2521 saepo
904 2439 939 2502 in
970 2439 1080 2503 furore
1106 2457 1166 2504 suo
1217 2437 1278 2502 tati
1300 2459 1382 2521 opus
1403 2460 1474 2505 esse
1494 2439 1587 2505 Deus
1607 2440 1764 2522 providet
1779 2514 1784 2527 ⁸
1802 2442 1917 2525 Neque
1937 2451 2048 2511 tamon
2069 2453 2139 2512 tam
2159 2452 2200 2512 ut

187 2531 294 2595 iratus
315 2526 476 2605 concedit,
505 2526 589 2608 quod
612 2526 684 2590 aliis
705 2526 741 2589 in
760 2523 983 2590 misericordia
1007 2525 1166 2607 propitius
1218 2524 1324 2606 ipsam
1344 2525 1463 2603 firmet
1484 2546 1584 2607 quam
1604 2547 1664 2591 nos
1686 2526 1722 2590 in
1743 2528 1823 2609 ipsa,
1846 2528 2007 2612 siquidem
2023 2531 2089 2596 Dei
2110 2532 2196 2597 veri·

189 2615 338 2699 denegat
388 2614 592 2678 Documento
624 2618 702 2676 sunt
731 2611 791 2675 filii
823 2609 928 2675 lsrael
960 2608 1073 2694 (Num.
1095 2609 1164 2695 ll):
1219 2617 1270 2675 tas
1291 2632 1351 2693 per
1372 2633 1406 2676 se
1429 2611 1509 2677 satis
1526 2611 1630 2677 solida
1648 2619 1801 2695 certaque
1818 2621 1875 2692 est
1898 2635 1959 2680 nec
1978 2615 2110 2684 aliunde
2126 2638 2197 2682 me-

187 2702 307 2785 quibus
330 2701 433 2765 satius
453 2699 561 2764 fuerat
585 2720 653 2762 non
674 2696 823 2773 exaudiri
849 2696 1047 2773 aDomino,
1068 2718 1168 2779 quam
1217 2696 1332 2762 liorem
1363 2698 1658 2776 confirmationem,
1695 2719 1795 2781 quam
1825 2721 1846 2764 a
1871 2721 1907 2765 se
1944 2701 2016 2783 ipsa
2048 2705 2195 2786 itccipere

188 2809 267 2854 0010
288 2786 441 2851 carnibus
466 2785 537 2849 eius
563 2783 823 2867 indignationem
851 2802 975 2847 vorare
1020 2780 1167 2862 Quodsi
1217 2790 1332 2865 potest

189 2872 337 2950 demum,
358 2892 419 2936 nec
438 2880 513 2952 post
532 2870 666 2954 longam
687 2868 954 2951 expectationem,
977 2877 1168 2950 assequatur
1303 2868 1432 2934 Verum
1452 2871 1500 2936 sic
1521 2870 1642 2954 exigua
1662 2876 1719 2935 est·
1733 2877 1767 2936 et
1787 2870 1950 2937 imbecilla
1968 2879 2081 2938 nostra
2097 2872 2193 2952 -fides,

189 2980 307 3025 sensus
324 2965 444 3033 nostor,
463 2955 541 3039 quid
551 2954 673 3020 orando
691 2956 873 3036 profectum
881 2955 934 3032 sit,
953 2975 1014 3018 neo
1024 2954 1168 3020 fructum
1218 2961 1256 3019 ut
1276 2955 1340 3020 nisi
1360 2955 1504 3039 undique
1524 2955 1686 3034 fulciatur,
1709 2977 1748 3022 ac
1769 2955 1873 3022 modis
1895 2957 2044 3024 omnibus
2066 2966 2195 3023 susten·

190 3044 269 3110 inde
290 3045 395 3108 ullum
422 3044 556 3119 sentiat,
578 3041 659 3106 fides
679 3051 791 3105 tamon
812 3046 939 3118 nostra,
961 3039 1048 3122 quod
1069 3061 1168 3105 sensu
1219 3046 1315 3120 tetur,
1338 3042 1451 3107 statim
1469 3042 1681 3120 concutiatur,
1703 3043 1888 3122 fluctuetur,
1910 3042 2049 3109 vacillet
2084 3044 2195 3127 Atque

189 3131 315 3215 percipi
346 3151 413 3193 non
439 3130 573 3211 poterit,
595 3127 690 3192 nobis
712 3132 839 3192 certum
864 3126 974 3190 faeiat:
1002 3146 1063 3191 nos
1084 3126 1167 3190 obti·
1218 3126 1266 3191 ita
1291 3126 1423 3210 quidem
1450 3127 1504 3193 hio
1531 3148 1567 3192 se
1589 3129 1699 3210 captui
1718 3142 1830 3193 nostro
1851 3136 2047 3212 attemperat
2066 3129 2195 3195 miseri-

190 3218 304 3282 nuisse
329 3214 415 3298 quod
442 3213 641 3297 expediebat
693 3213 803 3294 Atque
829 3212 876 3276 ita
903 3212 1036 3290 efficiet,
1069 3213 1167 3276 utin
1219 3232 1291 3278 cors
1311 3213 1484 3292 Dominus,
1506 3221 1544 3277 ut
1563 3213 1692 3296 quando
1710 3213 1867 3280 animales
1884 3237 2007 3295 sumus,
2028 3216 2086 3298 qui
2103 3214 2197 3281 humi

190 3309 383 3386 paupertate
405 3299 648 3372 abundantiam,
670 3299 706 3362 in
723 3298 898 3363 afflictione
914 3297 1167 3363 consolationem
1219 3319 1347 3382 sempor
1368 3298 1561 3381 adrepentes
1582 3307 1617 3364 et
1641 3299 1677 3364 in
1698 3321 1797 3366 carne
1824 3301 1996 3367 haerentes
2023 3301 2107 3366 nihil
2129 3302 2196 3384 spi·

190 3387 422 3473 possideamus.
456 3387 553 3462 Nam,
575 3394 613 3451 ut
633 3384 785 3449 deficiant
803 3385 922 3460 omnia,
943 3385 1035 3449 Deus
1056 3390 1168 3448 tamen
1218 3384 1336 3449 rituale
1357 3386 1538 3468 cogitamus
1560 3406 1598 3451 ao
1615 3406 1657 3453 ne
1678 3386 1877 3469 concipimus
1890 3386 2030 3469 quidem,
2052 3387 2195 3453 elemen-

191 3495 362 3555 nunquam
389 3494 448 3537 nos
476 3471 643 3547 destituet,
677 3471 733 3552 qui
759 3470 1017 3552 expectationem
1044 3490 1082 3534 ao
1108 3491 1166 3552 pa·
1218 3469 1261 3535 tis
1287 3470 1387 3535 etiam
1412 3471 1484 3537 istis
1505 3471 1691 3538 carnalibus
1717 3494 1777 3538 nos
1799 3471 1842 3537 ad
1868 3494 1903 3538 se
1925 3471 2068 3550 deducit,
2098 3480 2195 3555 atque

191 3561 341 3625 tientiam
373 3580 506 3624 suorum
539 3557 691 3622 frustrari
722 3577 787 3619 non
820 3561 934 3638 potest
989 3556 1066 3619 llrit
1097 3556 1166 3637 ipse
1218 3556 1253 3620 in
1273 3556 1345 3638 ipsa
1366 3577 1464 3622 carne
1490 3557 1704 3641 contemplari
1728 3558 1807 3623 facit
1827 3579 1867 3622 ea
1891 3578 1975 3639 quae
1999 3563 2077 3623 sunt
2098 3557 2196 3640 spiri·

191 3669 277 3712 unus
298 3647 391 3711 nobis
411 3666 471 3727 pro
491 3644 658 3720 omnibus,
680 3641 810 3725 quando
831 3641 918 3706 bona
940 3642 1051 3707 omnia
1071 3641 1108 3704 in
1131 3663 1165 3707 se
1217 3648 1279 3706 tus
1321 3641 1399 3708 Non
1425 3644 1502 3725 quia
1528 3642 1609 3709 tales
1635 3642 1759 3709 inditae
1783 3650 1861 3708 sunt
1882 3642 1973 3708 dotes
1994 3643 2122 3709 naturis
2141 3664 2195 3708 re-

190 3732 429 3816 complectitur3
457 3751 539 3810 quae
566 3729 644 3793 olim
672 3728 765 3793 nobis
786 3727 958 3805 revelabit,
984 3728 1020 3791 in
1042 3725 1094 3792 die
1115 3727 1166 3792 iu·
1217 3748 1305 3805 rum,
1339 3748 1422 3810 quae
1448 3730 1484 3794 in
1511 3730 1723 3796 sacramentis
1750 3728 1843 3793 nobis
1867 3735 2108 3811 proponuntur,
2136 3728 2194 3794 sed

191 3819 276 3897 dicii,
299 3839 363 3900 quc
384 3837 524 3899 rognum
546 3836 643 3879 suum
662 3814 759 3896 plano
780 3813 1009 3878 manifestabit
1217 3814 1294 3895 quia
1319 3818 1354 3878 in
1381 3813 1467 3880 hano
1494 3815 1762 3897 significationem
1790 3835 1810 3878 a
1834 3815 1907 3879 Deo
1932 3814 2080 3897 signatae
2106 3821 2192 3880 sunt

278 3904 351 3969 Hac
379 3924 456 3966 vero
488 3902 646 3984 patientia
672 3899 848 3964 sustentari
880 3920 918 3963 eo
950 3919 1053 3980 usque
1085 3919 1166 3980 opus
1217 3899 1287 3965 Nec
1309 3899 1462 3965 audiendi
1483 3908 1560 3965 sunt
1580 3900 1721 3982 quidam
1744 3900 1801 3982 qui
1821 3899 1883 3966 hoe
1900 3898 2017 3966 cavillo
2037 3907 2195 3984 argutan-

191 3990 316 4056 habent
344 3988 472 4064 fideles,
500 3995 539 4050 ut
564 4009 632 4049 non
660 3985 716 4049 diu
738 3986 916 4051 constaturi
938 3986 1018 4063 sint,
1046 3985 1110 4049 nisi
1131 3985 1166 4048 in
1217 3991 1284 4049 tur:
1309 3994 1366 4051 aut
1387 3986 1525 4051 verbum
1545 3985 1624 4061 Dei,
1648 3984 1734 4067 quod
1755 3994 1997 4050 sacramentum
2018 3985 2194 4067 praecedit,

190 4096 266 4142 eam
292 4075 528 4141 recumberent
573 4072 651 4135 Nori
672 4072 760 4135 onim
786 4071 913 4135 levibus
934 4071 1166 4152 experimentis
1217 4071 1338 4136 scimus
1365 4093 1435 4137 esse
1461 4093 1576 4137 veram
1601 4071 1667 4136 Dei
1686 4072 1904 4149 voluntatem,
1932 4080 1990 4137 aut
2015 4072 2194 4151 nescimus;

192 4184 269 4229 suos
287 4161 403 4244 prohat
424 4160 601 4231 Dominus,
631 4179 691 4222 nec
712 4157 854 4222 molliter
875 4164 1019 4232 exercet,
1048 4156 1105 4221 scd
1129 4157 1165 4220 in
1218 4157 1247 4221 si
1268 4157 1402 4234 scimus,
1430 4156 1515 4222 nihil
1536 4179 1578 4222 ex
1600 4163 1818 4235 sacramento,
1846 4156 1932 4238 quod
1951 4164 2064 4240 postea
2086 4157 2194 4240 scqui-

191 4256 340 4314 extrema
361 4267 506 4329 quaeque
528 4265 624 4326 saepe
644 4243 762 4325 adigit,
785 4250 818 4307 ct
840 4241 971 4307 adactos
993 4241 1050 4307 diu
1070 4243 1106 4306 in
1128 4263 1166 4307 eo
1218 4249 1281 4322 tur,
1303 4264 1426 4309 novum
1447 4243 1601 4310 discimus
1607 4266 1615 4322 ;
1636 4244 1666 4309 si
1686 4243 1863 4321 nescimus,
1886 4266 1911 4308 n
1950 4264 1992 4309 ue
2012 4243 2047 4308 id
2068 4242 2196 4309 docebit

191 4333 262 4399 luto
282 4333 418 4398 haerere
446 4332 537 4407 sinit,
565 4340 740 4410 antequam
766 4334 899 4412 gustum
921 4349 1001 4394 suae
1021 4327 1166 4393 dulcedi·
1218 4336 1473 4394 sacramentum:
1502 4331 1594 4396 euius
1614 4329 1665 4396 vis
1687 4329 1792 4394 omnis
1820 4324 1862 4480 Q>
1881 4341 1941 4393 200
1982 4336 2078 4412 atque
2100 4349 2202 4392 enar--

191 4420 245 4486 nie
271 4419 413 4500 aliquem
443 4417 508 4481 illis
535 4416 703 4498 praebeat,
736 4423 833 4496 atquc
864 4412 916 4497 (ut
943 4415 988 4479 ait
1021 4411 1063 4500 [p.
1088 4411 1163 4500 200]
1218 4414 1273 4498 gia
1299 4416 1335 4479 in
1355 4416 1456 4481 verbo
1482 4416 1546 4481 sita
1572 4422 1629 4480 est
1680 4412 1808 4496 Quibus
1854 4415 1976 4479 reviter
2001 4434 2194 4496 responsum

192 4504 331 4590 Henna)
352 4504 527 4567 mortificat
548 4510 581 4566 et
602 4501 754 4579 vivificat,
778 4499 909 4565 deducit
929 4499 972 4564 ad
993 4500 1113 4564 inferos
1134 4512 1167 4564 et
1218 4504 1273 4569 sit:
1297 4500 1420 4584 sigilla,
1442 4522 1525 4584 quae
1548 4501 1777 4584 diplomatibus
1798 4499 1934 4583 aliisque
1953 4499 2091 4582 publicis
2112 4498 2198 4564 actis

191 4590 326 4657 reducit
379 4588 468 4669 Quid
494 4588 548 4652 hic
575 4593 719 4669 possent,
746 4587 810 4650 nisi
836 4585 860 4649 li
883 4587 916 4650 ui
938 4587 1056 4650 animis
1077 4592 1111 4650 et
1131 4585 1166 4650 in
1219 4586 1462 4671 appenduntur,
1495 4609 1554 4669 per
1586 4609 1621 4653 se
1653 4597 1799 4670 accepta,
1833 4585 1916 4650 nihil
1950 4592 2040 4663 sunt,
2084 4590 2196 4666 utpote

191 4675 452 4760 desperationem
474 4695 583 4750 ruere,
611 4673 674 4737 nisi
695 4672 840 4747 afflictos,
861 4607 1025 4736 desolatos
1046 4678 1080 4735 ct
1100 4672 1167 4735 iam
1219 4695 1303 4757 quae
1322 4673 1447 4754 fiustra
1467 4694 1611 4757 appensa
1631 4674 1746 4750 forent,
1769 4673 1799 4738 si
1819 4671 2011 4738 membrana
2032 4668 2116 4733 nihil
2136 4669 2197 4734 ha·

190 4763 419 4829 semimortuos
445 4760 526 4826 haec
554 4759 706 4842 cogitatio
731 4759 884 4839 erigeret:
912 4779 947 4821 se
974 4757 1086 4822 01)οο
1114 4776 1166 4821 ro·
1219 4761 1312 4825 beret
1330 4757 1530 4841 descriptum
1536 4781 1544 4837 ;
1566 4780 1672 4841 neque
1692 4766 1804 4823 tamen
1825 4756 1897 4821 ideo
1918 4776 1984 4820 non
2001 4756 2197 4820 confirmant

190 4850 273 4932 spici
294 4856 328 4912 et
348 4849 449 4912 finem
470 4845 694 4927 praesentibus
713 4843 810 4909 mahs
831 4841 953 4907 affore?
1220 4853 1317 4928 atque
1337 4844 1511 4928 obsignant
1532 4844 1617 4927 quod
1638 4844 1797 4927 scriptum
1814 4850 1872 4920 est
1896 4841 1975 4906 dum
1991 4840 2121 4923 scriptis
2139 4839 2197 4906 ad·

1220 4931 1383 4997 iiciuntur.
1427 4930 1541 5013 Neque
1562 4930 1648 4996 hanc
1670 4927 1915 4995 similitudinem
1936 4948 2042 5009 nuper
2063 4948 2083 4990 a
2104 4926 2199 4992 nobis

1221 5017 1393 5082 confictam
1414 5016 1535 5082 iactare
1562 5022 1712 5098 possunt,
1740 5035 1838 5096 quam
1859 5012 1984 5077 Paulus
2010 5012 2080 5095 ipse
2100 5032 2197 5077 usur·

580 5124 740 5132 “““““““
743 5122 783 5131 ··“
983 5113 985 5117 ’
1221 5102 1313 5185 pavit
1329 5101 1440 5186 (Rom.
1459 5101 1504 5186 4),
1522 5101 1799 5167 circumcisionem
1816 5119 1936 5164 vocans
1953 5095 2119 5181 σφραγῖδα.
2151 5097 2200 5161 Et

1222 5186 1351 5270 quando
1371 5187 1534 5252 Dominus
1560 5186 1789 5269 promissiones
1815 5205 1892 5249 suas
1916 5181 2050 5249 foedera
2072 5204 2200 5249 nuncu-

1221 5279 1292 5356 pat,
1315 5281 1533 5352 sacramenta,
1556 5270 1704 5357 symbola
1724 5267 1907 5350 foedorum,
1928 5268 1971 5335 ab
1992 5270 2072 5354 ipsis
2093 5268 2201 5334 homi-

1187 5436 1191 5445 ·
1221 5364 1303 5425 num
1317 5356 1501 5424 toededbus
1517 5357 1624 5425 simile
1642 5355 1760 5423 adduci
1775 5361 1884 5439 potest
1899 5354 2000 5442 (een
2014 5358 2043 5422 6.
2057 5352 2201 5439 90017),

1956 5455 1996 5510 ’μ
