4770 6030
177 356 234 418 ιιι
767 319 867 417 cnr.
890 351 933 417 v,
976 346 1040 415 aa
1062 347 1230 416 snasls
1250 302 1590 417 assumaris.
2120 348 2181 418 1er

172 543 248 627 gine
282 561 416 606 suorum
447 539 599 604 ordinum
633 539 813 623 disputant,
848 560 947 622 quam
976 559 1011 604 se
1041 539 1151 620 pueris
1203 539 1264 602 tati
1286 539 1431 603 serviret
1478 536 1575 603 Soleo
1595 539 1753 605 eiusmodi
1780 548 1857 605 vota
1879 540 2042 624 appellare
2062 542 2181 608 carita·

171 647 298 712 quoque
326 626 404 708 ipsis
437 625 589 692 ridiculos
616 625 761 692 faciunt?
807 625 924 691 Clerici
950 625 1104 689 dicamur
1131 644 1151 687 a
1203 625 1259 699 tis,
1288 645 1355 688 non
1386 625 1531 708 pietatis3
1560 626 1621 690 hoo
1644 634 1708 704 est,
1731 647 1798 690 non
1820 635 1970 710 suscepta
1992 627 2034 692 ad
2056 628 2181 693 cultum

171 722 273 792 sorte,
302 712 356 777 vel
377 713 454 794 quia
475 733 496 776 a
515 712 657 776 Domine
679 712 798 789 sortiti,
828 710 881 777 vel
903 709 1042 793 quiade
1064 717 1150 774 sorte
1203 708 1345 791 aliquem
1370 709 1449 789 Dei,
1478 710 1535 775 sed
1563 710 1605 775 ad
1631 712 1835 777 tolerandam
1862 713 2068 778 infirmorum
2089 713 2180 778 rudi·

169 799 322 876 Domini,
350 799 403 862 vel
423 798 500 879 quia
520 798 630 862 Deum
656 806 784 880 partem
805 798 937 862 habent.
982 797 1029 860 At
1050 796 1149 860 sacri-
1202 802 1312 873 tatem,
1336 795 1609 878 quemadmodum
1630 798 1699 881 ipse
1722 799 1782 863 ait:
1809 798 1940 863 Iudaeis
1963 820 1998 863 se
2019 799 2180 865 Iudaeum

169 885 293 968 legium
315 885 390 960 fuit,
419 904 578 965 usurpare
605 883 666 948 sibi
689 883 776 948 hunc
799 882 945 960 titulum,
973 882 1029 966 qui
1051 882 1150 946 totius
1201 881 1324 946 factum
1345 888 1379 945 et
1400 889 1528 947 caetera
1550 882 1582 967 (1
1604 882 1678 948 Cor.
1699 883 1742 967 9).
1795 882 1863 950 Sed
1884 885 1946 950 hoc
1966 884 2119 961 faciebat,
2142 894 2180 950 ut

169 979 242 1036 erat
265 970 428 1037 ecclesiae.
477 970 541 1033 ast
561 970 650 1033 enim
676 969 733 1033 illa
755 968 880 1034 Christi
907 966 1092 1032 haereditas
1120 969 1150 1031 ei
1201 966 1333 1031 Iudaeis
1355 987 1390 1031 se
1412 967 1454 1031 ad
1475 974 1604 1050 tempus
1626 969 1892 1035 accommodaret.
1926 971 1995 1048 Isti,
2019 993 2094 1036 cum
2111 971 2179 1035 Na-

170 1078 191 1122 a
218 1065 311 1138 patre
339 1055 423 1120 data.
469 1055 538 1120 Nec
559 1057 680 1120 Petrus
706 1054 861 1137 pauculos
889 1074 995 1129 rasos,
1025 1059 1062 1116 ut
1088 1053 1151 1135 ipsi
1202 1073 1391 1116 zaraeorum
1425 1055 1665 1135 purificationes
1692 1056 1782 1121 nullo
1808 1079 1871 1121 usu
1903 1058 2024 1121 imitari
2052 1057 2177 1133 volunt,

169 1143 317 1225 improbe
335 1142 537 1224 confingunt,
560 1141 663 1206 cleros
679 1147 782 1218 vocat,
807 1139 863 1205 sed
880 1140 1070 1204 universam
1086 1139 1150 1203 Dei
1201 1137 1280 1219 quid
1326 1139 1414 1203 aliud
1455 1161 1554 1223 quam
1598 1140 1738 1205 alterum
1778 1141 1983 1208 Iudaismum
2025 1142 2178 1226 erigunt?

168 1228 440 1313 plebem(lPetr.
455 1230 498 1310 5).
518 1225 675 1309 Sequitur
686 1226 772 1309 apud
784 1247 851 1291 eos:
870 1225 1032 1290 raduntur
1041 1224 1149 1290 elerici
1202 1223 1314 1308 (Num.
1340 1225 1383 1307 6).
1422 1225 1549 1290 Eadem
1577 1227 1735 1310 religione
1755 1226 1926 1293 decretalis
1958 1228 2016 1294 illa
2044 1229 2181 1311 epistola

168 1314 206 1378 in
227 1315 364 1392 vertice,
387 1323 425 1377 ut
456 1333 575 1378 corona
606 1311 715 1395 regale
741 1312 839 1378 decus
869 1312 1045 1395 significet;
1074 1311 1151 1393 quia
1201 1311 1378 1391 composita
1389 1318 1448 1388 est,
1456 1332 1539 1393 quae
1549 1313 1700 1394 prohibet
1708 1312 1871 1397 ¹)clerieis,
1884 1315 1978 1380 iuxta
1988 1314 2179 1398 apostolum,
2269 1313 2271 1317 ‘

169 1421 265 1484 reges
287 1400 497 1548 debentlesse
516 1398 695 1548 clericint
716 1419 750 1462 se
768 1406 801 1462 et
822 1398 902 1545 alios
923 1403 1054 1495 regant,
1077 1396 1149 1485 qui·
1201 1416 1243 1494 ne
1259 1417 1386 1544 comam
1395 1398 1552 1548 ιιιιῖῖἰθόιῖ,
1576 1397 1634 1463 sed
1653 1399 1757 1464 instar
1774 1399 1932 1500 sphaerae
1945 1399 2081 1500 radant;
2099 1421 2179 1500 qua-

168 1483 726 1654 iacal
740 1483 830 1653 ,h
1201 1481 1496 1647 ,tt
1518 1484 1901 1652 >a
1920 1486 2178 1551 ¹²

229 1678 292 1722 msr
319 1680 399 1722 oms.
1312 1674 1360 1717 err

169 1678 230 1771 aeq*
254 1743 310 1808 En
331 1745 452 1807 iterum
469 1764 522 1807 eos
542 1742 618 1806 falsi
640 1757 756 1826 arguo:
779 1741 900 1805 Petrus
921 1747 1024 1805 totam
1046 1741 1149 1807 eccle-
1287 1738 1375 1804 Hinc
1396 1740 1533 1805 lectores
1555 1749 1715 1824 reputent,
1740 1743 1852 1824 quales
1874 1744 1941 1809 sint
1962 1745 2017 1808 alii
2038 1743 2177 1818 ordines,

168 1832 252 1896 siarn
274 1830 464 1912 alloquitur,
491 1829 545 1893 isti
575 1826 616 1892 ad
643 1826 798 1910 pauculos
818 1825 1026 1908 detorquent,
1056 1829 1149 1908 quasi
1201 1824 1317 1905 quibus
1338 1825 1414 1890 talis
1436 1833 1486 1890 est
1506 1828 1682 1910 ingressus.
1717 1829 1843 1893 Verum
1865 1829 1927 1895 hoo
1949 1851 2079 1894 omnem
2097 1829 2178 1893 stul·

168 1915 247 1983 solis
274 1915 339 1980 illis
368 1914 492 1980 dictum
519 1915 575 1979 sit:
591 1914 714 1978 ‘sancti
742 1919 859 1991 estote,
893 1914 986 1994 quasi
1014 1912 1073 1978 soli
1100 1912 1149 1976 illi
1200 1911 1307 1975 titiam
1327 1919 1468 1993 superat,
1492 1912 1578 1994 quod
1598 1915 1633 1978 in
1656 1914 1793 1998 singulis
1811 1914 1981 1980 Christum
2002 1916 2064 1981 sibi
2082 1915 2179 1981 colle-

168 2002 330 2085 sanguinc
357 1999 481 2065 Christi
511 1999 659 2082 acquisiti
686 1999 765 2076 sint,
800 1998 892 2080 quasi
920 1999 980 2062 soli
1007 1998 1055 2062 illi
1090 2019 1149 2081 per
1200 2015 1277 2078 gam
1308 1997 1440 2061 faciunt.
1495 1998 1674 2078 Primum,
1691 2001 1856 2082 inquiunt,
1888 2002 2012 2066 ostiarii
2043 2021 2179 2066 munere

167 2087 340 2154 Christum
362 2087 439 2151 facti
462 2086 528 2151 sint
549 2106 688 2168 regnum
710 2092 743 2149 et
757 2083 982 2149 sacerdotium
1005 2081 1045 2170 [p.
1070 2081 1146 2170 371]
1199 2082 1330 2146 functus
1354 2079 1395 2168 [p.
1417 2081 1493 2183 873]
1520 2093 1584 2163 est,
1613 2085 1742 2167 quando
1764 2086 1943 2153 vendentes
1970 2094 2004 2152 ct
2033 2095 2177 2152 ementes

28 2233 35 2252 ,
165 2173 248 2239 Deo.
282 2174 465 2256 Assignant
486 2170 602 2235 deinde
624 2178 657 2235 et
678 2169 759 2234 alias
780 2171 930 2234 rationes.
966 2168 1148 2235 Summitas
1200 2167 1328 2251 flagello
1354 2189 1396 2232 cx
1424 2169 1576 2235 firmculis
1604 2171 1689 2236 facto
1711 2192 1729 2235 θ
1750 2173 1872 2255 templo
1894 2174 2001 2249 eiecit,
2025 2181 2058 2237 et
2079 2174 2177 2238 ostia-

166 2260 283 2341 oapitis
306 2256 504 2336 denudatur,
535 2263 707 2320 uteorum
726 2276 820 2320 mens
842 2255 884 2319 ad
906 2256 1087 2320 Dominum
1107 2253 1148 2318 li·
1199 2254 1286 2317 rium
1308 2275 1342 2318 se
1365 2275 1436 2318 esse
1457 2256 1634 2339 significat,
1663 2279 1738 2321 cum
1762 2258 1852 2323 dicit:
1881 2280 1941 2343 ego
1964 2280 2036 2324 sum
2058 2260 2178 2324 ostium

165 2345 248 2411 bera
277 2351 494 2421 monstretur,
526 2364 609 2426 quae
631 2340 777 2416 revelata,
802 2341 883 2406 facie
918 2342 980 2407 Dei
1030 2341 1147 2406 loriam
1200 2339 1654 2426 (Maah.21.10an.2.10).
1683 2344 1833 2409 Laetaris
1851 2365 1972 2409 munus
1993 2346 2177 2428 assumpsit,

167 2430 420 2512 contempletur3
448 2429 501 2494 vel
524 2436 562 2492 ut
581 2429 661 2494 vitia
682 2428 747 2492 oris
768 2435 801 2491 et
822 2427 990 2492 oculorum
1007 2363 1147 2492 docean·
1200 2442 1275 2490 cum
1296 2426 1331 2489 in
1353 2447 1520 2511 synagoga
1542 2427 1683 2492 Iesaiam
1700 2427 1780 2512 legit
1801 2430 1896 2512 (Luc.
1916 2430 1961 2515 4).
1985 2430 2177 2496 Exoraistae

166 2523 225 2581 tur
244 2514 461 2599 praecidenda
467 2539 475 2594 ;
498 2514 550 2579 vel
572 2535 688 2578 rasura
705 2514 819 2596 capitis
838 2520 895 2589 est,
919 2513 1147 2596 temporalium
1200 2511 1305 2576 officio
1327 2533 1405 2576 usus
1428 2519 1486 2589 est,
1509 2534 1585 2578 cum
1606 2513 1762 2598 linguam-
1776 2524 1809 2579 et
1830 2537 1925 2580 aures
1947 2516 2037 2581 surdi
2049 2518 2176 2581 etmuti

166 2600 334 2685 depositio,
356 2601 616 2666 circumferentia
638 2620 715 2663 vero
737 2620 873 2664 coronae
895 2599 1051 2681 rehquiae
1071 2607 1149 2663 sunt
1200 2597 1304 2661 saliva
1320 2606 1475 2681 tangens,
1501 2599 1649 2664 auditum
1671 2599 1812 2665 reddidit
1830 2600 1947 2685 (Marc.
1968 2601 2011 2686 7).
2057 2603 2178 2687 Acoly-

82 2757 86 2765 ,
166 2687 349 2763 bonomm,
388 2708 472 2769 quae
511 2684 553 2751 ad
590 2686 859 2750 sustentationem
904 2685 1097 2750 retinentur.
1123 2684 1148 2768 ¹)
1200 2683 1295 2747 thum
1322 2705 1358 2748 se
1385 2705 1455 2749 esse
1482 2686 1523 2751 iis
1545 2687 1654 2752 verbis
1686 2693 1824 2752 testatus
1850 2694 1913 2752 est:
1949 2689 2004 2770 qui
2032 2689 2179 2770 sequitur

168 2772 293 2840 Omnia
316 2773 352 2836 in
374 2773 505 2855 figuris,
541 2772 617 2855 quia
645 2771 767 2837 scilieet
787 2771 899 2836 velum
922 2770 1036 2853 templi
1065 2792 1148 2835 non·
1200 2789 1267 2845 me,
1290 2790 1357 2834 uon
1380 2770 1526 2835 ambulat
1547 2773 1583 2834 in
1602 2772 1745 2837 tenebris
1768 2771 1872 2858 (Ioan.
1888 2773 1933 2858 8).
1978 2771 2177 2838 Subdiaooni

167 2859 250 2924 dum
287 2860 424 2924 scissum
464 2865 521 2923 est.
578 2858 693 2939 Itaque
729 2858 876 2939 persuasi
908 2872 949 2922 'se
981 2855 1148 2939 praeclare
1200 2854 1305 2918 efficio
1327 2877 1406 2920 usus
1429 2863 1487 2936 est,
1511 2878 1586 2923 oum
1607 2858 1708 2922 linteo
1729 2859 1943 2941 praecinctus,
1966 2858 2064 2941 pedes
2082 2858 2178 2923 disci-

168 2944 339 3010 del'unctos
367 2965 437 3009 esse
470 2944 537 3008 suis
563 2944 726 3026 partibus,
757 2943 843 3025 quod
870 2943 950 3007 talia
971 2963 1029 3025 per
1058 2963 1148 3007 eoro-
1200 2939 1352 3021 pulorum
1373 2941 1454 3008 lavit
1475 2941 1580 3027 (Ioan.
1604 2943 1666 3028 13).
1716 2944 1857 3010 Diaconi
1880 2966 2054 3027 personam
2081 2946 2178 3009 susti-

168 3052 250 3096 nam
271 3051 364 3096 suam
390 3030 620 3113 figuraverint,
654 3029 739 3092 nihil
766 3050 879 3093 eorum
898 3051 934 3094 re
960 3029 1033 3112 ipsa
1054 3049 1147 3110 prae·
1200 3026 1286 3105 nuit,
1316 3047 1392 3091 cum
1417 3049 1534 3110 corpus
1566 3038 1600 3094 et
1625 3032 1819 3116 sanguinem
1840 3031 2005 3096 distribuit
2027 3030 2179 3112 apostolis

168 3123 267 3182 stant.
313 3114 490 3197 Quousque
511 3137 571 3179 nos
592 3115 712 3180 talibus
733 3115 816 3180 tucis
837 3121 870 3179 et
891 3115 1075 3198 praestigiis
1096 3114 1147 3178 lu·
1200 3112 1236 3176 in
1263 3133 1364 3177 coena
1385 3113 1520 3198 (Matth.
1542 3113 1608 3201 26).
1666 3115 1853 3182 Sacerdotis
1878 3125 1988 3200 partes
2021 3117 2177 3199 implevit,

168 3201 272 3268 dent?
323 3200 443 3267 Clerici
471 3201 614 3266 detonsis
639 3201 761 3283 aliquot
786 3200 925 3283 capillis,
960 3200 1148 3284 significant
1201 3219 1276 3264 eum
1298 3199 1334 3261 in
1356 3219 1450 3264 cruce
1479 3199 1621 3266 hostiam
1643 3223 1677 3267 se
1704 3204 1790 3286 patri
1818 3203 1936 3267 obtulit
1957 3202 2091 3287 (Matth.
2112 3205 2177 3286 27).

167 3288 398 3371 temporalium
414 3288 574 3352 bonomm
590 3286 825 3352 abundantiam
842 3308 877 3351 se
893 3287 1056 3364 abiecisse,
1078 3285 1147 3369 glo-
1200 3284 1292 3349 Haec
1315 3283 1436 3368 absque
1455 3287 1524 3352 risu
1546 3287 1627 3353 adeo
1644 3288 1750 3354 audiri
1768 3309 1834 3354 non
1855 3296 2000 3373 possunt,
2023 3297 2060 3352 ut
2078 3289 2180 3353 mirer

167 3375 254 3439 riam
274 3375 339 3440 Dei
367 3373 594 3455 contemplari,
624 3374 752 3437 aurium
778 3372 1009 3455 oculorumque
1030 3393 1147 3437 concu-
1201 3369 1321 3451 absque
1351 3372 1420 3436 risu
1448 3373 1569 3455 scripta
1595 3395 1681 3453 esse,
1715 3376 1744 3440 si
1770 3383 1883 3440 tamen
1910 3375 2058 3439 homines
2085 3383 2180 3438 erant

168 3461 362 3543 piscentiam
383 3459 603 3537 mortificasse,
627 3464 661 3522 et
680 3459 809 3523 nullum
829 3467 884 3523 est·
900 3459 1069 3523 hominum
1092 3478 1148 3541 gs·
1200 3456 1256 3537 qui
1283 3457 1476 3522 scribebant
1528 3457 1596 3524 Sed
1622 3461 1658 3524 in
1684 3462 1799 3543 primis
1826 3460 2010 3543 spectabilis
2043 3468 2093 3523 est
2125 3481 2178 3523 ar-

169 3568 233 3612 nus
254 3546 419 3629 rapacius,
442 3544 618 3626 stupidius,
641 3544 852 3610 libidinosius.
899 3544 968 3610 Cur
989 3565 1054 3608 nen
1078 3565 1147 3607 ma-
1200 3542 1307 3625 gutia,
1336 3564 1401 3626 qua
1421 3544 1457 3607 in
1477 3545 1619 3630 acolythi
1641 3548 1772 3611 nomine
1789 3545 2069 3629 philosophantm,
2088 3566 2178 3610 oero-

107 3678 112 3689 ·
169 3632 221 3717 gis
242 3632 448 3698 sanctitatem
475 3651 553 3695 vere
580 3630 751 3709 exhibent,
781 3652 881 3713 quam
900 3630 992 3695 falsis
1012 3628 1148 3694 menda-
1199 3628 1356 3692 ferarium
1381 3629 1598 3712 appellantes;
1631 3632 1745 3711 verbo,
1782 3639 1820 3695 ut
1853 3631 2008 3710 arbitror,
2041 3632 2177 3714 magico,

169 3719 325 3800 cibusque
358 3717 461 3800 signis
493 3716 595 3798 ipsius
626 3718 767 3799 speciem
800 3716 978 3781 simulant?
1033 3715 1147 3793 Porro,
1200 3720 1287 3779 certe
1325 3714 1471 3780 inaudito
1494 3717 1644 3800 gentibus
1676 3738 1714 3783 ao
1746 3718 1867 3800 linguis
1898 3717 2068 3795 omnibus,
2103 3740 2178 3782 eum

169 3824 246 3870 cmn
272 3801 422 3885 dicunt2)
450 3822 602 3867 coronam
630 3803 812 3868 clericalem
842 3802 962 3867 habere
989 3802 1149 3884 originem
1201 3797 1367 3874 ἀκόλουθος
1381 3800 1527 3867 ‘Graecis
1553 3803 1743 3885 simpliciter
1761 3805 1922 3887 significet
1938 3801 2176 3885 pedissequum.

170 3910 192 3954 a
212 3889 388 3954 Nazaraeis
406 3895 440 3953 et
460 3889 635 3967 rationem,
658 3888 735 3972 quid
753 3888 842 3953 aliud
863 3888 1028 3967 adferunt,
1051 3908 1150 3970 quam
1288 3883 1485 3970 Quanquam
1512 3888 1540 3952 si
1567 3887 1619 3953 his
1651 3891 1735 3954 serio
1768 3888 1953 3954 refellendis
1980 3889 2179 3967 inhaeream,

170 3996 232 4040 sua
251 3975 409 4060 mysteria
431 3997 451 4038 a
471 3973 607 4038 iudaiois
636 3974 847 4039 caeremoniis
874 3981 954 4039 nata
981 3995 1068 4052 esse,
1096 3973 1149 4039 vel
1202 3972 1272 4035 iure
1295 3974 1418 4054 etipse
1439 3995 1565 4057 quoque
1587 3974 1711 4054 ridear,
1737 3975 1817 4039 adeo
1840 3975 1957 4040 frivola
1979 3983 2056 4040 sunt
2077 3983 2110 4040 ct
2129 3975 2179 4039 lu-

168 4062 278 4144 petius
299 4081 427 4124 memm
449 4081 521 4125 esse
541 4059 767 4125 Iudaismum?
909 4108 913 4117 .
1202 4057 1300 4122 diora.
1351 4058 1403 4122 Ne
1430 4065 1540 4125 tamen
1566 4060 1766 4126 mulierculis
1789 4061 1895 4127 adhue
1916 4063 2028 4127 fucum
2050 4062 2179 4137 faciant,

259 4144 356 4227 Quod
374 4154 493 4210 autem
521 4144 660 4223 addunt,
689 4146 890 4223 Priscillam,
930 4145 1085 4228 Aquilam
1117 4153 1151 4209 et
1203 4143 1403 4209 traducenda
1430 4153 1480 4209 est
1506 4146 1610 4211 obiter
1636 4168 1750 4211 eorum
1775 4148 1912 4212 vanitas.
1964 4145 2089 4213 Creant
2111 4146 2180 4210 exi-

171 4233 316 4298 Paulum
335 4231 459 4315 ipsum,
485 4238 634 4313 suscepto
656 4239 731 4297 roto
754 4233 814 4297 sibi
837 4233 955 4297 rasisse
978 4237 1090 4314 caput,
1114 4238 1151 4295 ut
1202 4228 1270 4293 mia
1294 4251 1413 4312 pompa
1439 4253 1477 4296 ac
1499 4232 1692 4298 solennitate
1714 4254 1789 4298 suos
1810 4233 1961 4311 lectores,
1983 4233 2178 4317 psalmistas,

170 4319 423 4401 purificarentm
440 4317 529 4403 (Act
551 4316 614 4401 18),
636 4315 676 4403 [p.
690 4316 765 4404 372]
785 4339 930 4383 crassam
947 4339 1041 4382 suam
1057 4317 1150 4400 igno-
1203 4316 1366 4393 ostiarios,
1394 4317 1578 4403 acolythos,
1609 4318 1650 4383 ad
1672 4341 1712 4384 ea
1737 4320 1921 4385 ministeria
1944 4317 1983 4406 [p.
2003 4316 2079 4404 374]
2103 4338 2180 4382 exe-

170 4406 315 4469 tantiam
328 4403 480 4486 produnt.
511 4403 682 4485 Nusquam
699 4405 787 4468 enim
805 4404 925 4488 legitur
937 4403 977 4468 de
989 4402 1149 4478 Priscilla,
1203 4401 1347 4483 quenda,
1380 4403 1497 4485 quibus
1523 4403 1577 4472 vel
1604 4426 1737 4488 pueros,
1765 4406 1819 4470 vel
1845 4413 1932 4471 certe
1954 4426 2034 4488 quos
2061 4408 2181 4468 vocant

172 4510 213 4556 ac
235 4490 274 4555 de
295 4489 417 4572 Aquila
443 4489 542 4554 etiam
563 4490 725 4554 incertum
745 4498 809 4567 est,
838 4488 997 4573 siquidem
1018 4496 1087 4553 tam
1109 4488 1151 4553 ad
1202 4487 1302 4553 laicos
1323 4489 1524 4571 praeficiunt.
1570 4489 1653 4572 Quis
1675 4492 1763 4556 enim
1784 4513 1910 4570 cereos,
1934 4490 2178 4572 utplurimum,

170 4575 316 4641 Paulum
333 4576 448 4640 referri
465 4581 570 4657 potest
587 4582 722 4640 tonsura
738 4576 803 4654 illa,
822 4597 921 4658 quam
933 4574 975 4640 ad
986 4574 1149 4656 Aquilam
1203 4574 1359 4652 accendit,
1381 4576 1453 4657 quis
1474 4577 1603 4643 urceolo
1620 4579 1735 4642 vinum
1756 4585 1790 4642 et
1807 4599 1924 4660 aquam
1943 4573 2093 4651 infimdit,
2117 4574 2181 4639 nisi

170 4662 224 4728 Ne
246 4683 325 4728 vero
355 4661 421 4728 illis
448 4661 670 4743 relinquamus
692 4661 778 4744 quod
803 4667 935 4743 petunt,
964 4660 1151 4742 exemplum
1203 4679 1299 4742 puer,
1327 4666 1384 4724 aut
1405 4682 1447 4724 ex
1468 4662 1560 4729 laicis
1581 4662 1766 4728 sordidulus
1788 4662 1904 4745 aliquis
1937 4662 1993 4745 qui
2020 4681 2180 4725 creare
2305 4742 2311 4750 .

171 4769 228 4814 eos
249 4748 371 4814 habere
393 4768 414 4811 a
430 4746 544 4826 Paulo,
567 4746 808 4812 observandum
824 4756 874 4812 est
891 4746 1149 4829 simplicioribus,
1202 4753 1374 4826 quaestum
1403 4747 1489 4814 facit
1538 4749 1656 4815 Nonne
1681 4748 1780 4814 iidem
1802 4754 1938 4826 canunt,
1968 4767 2075 4810 nonne
2097 4754 2181 4811 tem·

171 4834 316 4900 Paulum
337 4854 504 4915 nunquam
525 4839 623 4915 caput
649 4833 711 4898 sibi
738 4832 916 4898 totondisse
937 4830 979 4896 ad
1007 4832 1151 4898 sanctifi·
1202 4829 1332 4911 plorum
1352 4832 1468 4900 ianuas
1490 4834 1647 4901 claudunt
1667 4841 1701 4899 et
1722 4832 1893 4916 aperiunt?
1931 4831 2014 4914 Quis
2037 4833 2181 4896 enimin

172 4921 334 4986 cationem
356 4918 507 5001 aliquam,
530 4917 588 4984 sed
609 4918 771 4984 duntaxat
791 4925 830 4984 ut
851 4918 991 4983 fratrum
1013 4918 1151 4982 infirmi-
1203 4936 1316 4980 eorum
1343 4919 1473 5000 templis
1500 4941 1645 5004 unquam
1676 4919 1772 4995 vidit,
1805 4917 1859 4983 vel
1892 4919 2094 5004 acolythum,
2127 4917 2181 4983 vel

1203 5002 1373 5066 ostiarium
1399 5006 1466 5071 suis
1493 5007 1640 5090 partibus
1671 5003 1882 5089 fimgcntem‘l
1940 5003 2031 5086 Quin
2062 5005 2181 5087 potius,

244 5209 274 5280 1)
295 5212 356 5265 Lib.
374 5209 399 5263 1„
424 5215 540 5263 sentent.
566 5210 629 5263 dist.
652 5207 695 5262 24.
720 5226 742 5262 c.
761 5209 814 5263 duo
836 5215 906 5262 sunt.
993 5207 1024 5273 2)
1047 5208 1106 5260 Lib.
1125 5205 1150 5260 4.

127 5342 130 5347 ,
171 5283 290 5335 sentent.
309 5280 371 5332 dist.
390 5278 432 5333 24„
451 5296 473 5332 c.
492 5278 515 5331 1.
1277 5275 1306 5344 l)
1323 5276 1391 5328 Dist.
1411 5278 1453 5332 23.
1472 5295 1494 5332 c.
1512 5277 1664 5347 prohibete.
