4770 6030
139 346 202 408 897
385 339 484 406 ΟΑΡ.
504 338 600 403 XIV.
623 337 752 424 (VHL)
794 339 858 403 DE
879 337 1353 406 Paannasmanlonn
1376 339 1436 404 ΕΤ
1457 336 1782 404 PROVIDENTIA
1802 339 1895 404 DEI.
2080 344 2144 405 898

139 439 757 610 1686118157181018281681,15).
806 525 903 592 Unde
924 527 1053 591 Pilatus
1080 534 1114 591 et
1164 547 1359 610 opacorum
1381 525 1603 608 imploranda,
1630 527 1748 609 quibus
1771 535 1942 610 suppetere
1965 530 2144 612 conspiciet

138 615 297 701 Herodes,
320 636 420 696 quum
444 612 485 677 ad
500 611 672 677 Christum
693 611 1112 695 exstinguendumeoirent,
1164 612 1253 676 unde
1274 613 1418 689 iuvetur;
1446 610 1504 675 sed
1525 633 1545 675 8
1565 613 1708 676 Domino
1729 614 1791 678 sibi
1817 615 1852 676 in
1875 635 2010 678 manum
2032 617 2143 680 offerri

139 702 293 766 dicuntur
314 701 504 765 convenisse
527 698 567 762 ad
595 698 781 781 peragenda
807 719 1016 780 quaecunque
1043 719 1112 761 ma·
1165 707 1321 781 reputans
1350 718 1560 779 quaecunque
1589 698 1794 769 commodare
1827 699 1888 764 sibi
1918 699 2039 782 aliquid
2066 723 2142 784 pos-

139 810 201 852 nus
230 794 264 851 et
296 785 468 851 consilium
496 784 631 848 Domini
650 784 855 848 ,decreverat
883 782 971 867 (Act
991 788 1020 861 4,
1041 783 1112 867 27);
1165 793 1243 848 sunt
1262 792 1440 860 creaturae,
1462 783 1550 864 ipsas
1572 791 1729 865 tanquam
1749 784 1896 868 legitima
1918 785 2048 850 divinae
2065 808 2142 869 pro-

138 873 267 949 Iudaei,
296 871 466 936 Christum
495 869 627 933 definito
654 870 724 933 eius
753 868 885 934 consilio
914 876 948 932 81
978 870 1113 933 88168118
1165 869 1330 934 1111681186
1347 869 1568 933 instrumenta
1585 869 1626 932 ad
1644 892 1741 933 usum
1759 871 1941 952 applicabit
1971 872 2142 953 Aequum

138 958 311 1033 traditum,
339 957 542 1020 interemisse
564 964 660 1037 atque
680 957 728 1019 ita
750 976 1007 1032 consummasse,
1029 976 1113 1036 quae
1165 955 1309 1019 incertus
1337 955 1398 1032 sit,
1426 975 1524 1035 quem
1546 955 1612 1019 sint
1632 956 1757 1019 exitum
1782 956 1948 1035 habitura,
1979 979 2062 1039 quae
2083 979 2142 1022 88-

139 1044 180 1110 16
202 1044 334 1108 Christo
355 1043 476 1123 scripta
503 1048 597 1104 erant
623 1040 713 1125 (ibid.
733 1045 762 1118 2,
783 1038 847 1124 23).
892 1037 1113 1119 118888188-
1165 1041 1254 1123 gotia
1281 1039 1485 1124 aggreditur,
1514 1041 1577 1103 nisi
1605 1040 1691 1122 quod
1720 1042 1756 1105 18
1784 1043 1934 1107 omnibus
1961 1043 2142 1108 Dominum

139 1130 218 1195 dum
245 1139 279 1194 81
305 1128 345 1192 16
372 1127 530 1191 militibus
562 1127 657 1190 toties
685 1128 858 1208 repetitur,
890 1126 975 1206 quod
1004 1127 1113 1189 omnia
1165 1147 1224 1190 suo
1251 1127 1335 1191 bono
1363 1132 1609 1207 prospecturum
1631 1128 1735 1204 88811,
1768 1127 1809 1192 81
1831 1127 1865 1191 11
1887 1128 1994 1193 818118
2017 1129 2141 1210 aspira-

138 1216 282 1291 feoerint,
305 1235 387 1295 quae
408 1213 616 1296 pertinebant
636 1211 677 1276 ad
699 1213 878 1293 scripturae
895 1211 1113 1293 complemen-
1164 1212 1213 1277 bit
1233 1212 1320 1295 quod
1341 1212 1402 1277 sibi
1424 1211 1579 1293 expedire
1600 1212 1709 1291 ducet,
1738 1222 1898 1296 quantum
1924 1214 2142 1298 intelligentia

137 1309 217 1365 tum
264 1299 358 1381 Quae
379 1300 489 1362 88818
510 1298 574 1363 huc
595 1297 727 1362 indubie
745 1298 940 1375 referuntur,
963 1304 1009 1375 ut,
1032 1318 1112 1379 quo-
1163 1306 1337 1380 menteque
1366 1298 1494 1380 assequi
1519 1305 1634 1379 potest
1678 1298 1792 1381 Neque
1813 1308 1923 1365 tamen
1950 1301 1985 1364 in
2011 1301 2141 1382 capien-

137 1388 199 1451 ties
229 1386 282 1451 861
312 1386 353 1450 ab
381 1391 518 1448 externa
551 1383 721 1447 hominum
752 1383 958 1464 improbitate
990 1381 1113 1464 aliquid
1165 1382 1215 1447 dis
1238 1383 1380 1449 consiliis
1398 1397 1460 1464 pro
1485 1384 1533 1448 rio
1556 1404 1653 1448 sensu
1680 1385 1818 1464 feretur3
1846 1384 1903 1450 sed
1925 1386 1989 1451 Dei
2011 1387 2140 1468 sapien-

17 1462 23 1471 ’
138 1473 217 1537 8811
237 1472 330 1536 nobis
352 1471 529 1552 irrogatur,
553 1469 587 1532 in
609 1470 790 1533 Dominum
811 1477 890 1533 tune
911 1489 1038 1550 quoque
1060 1489 1111 1533 re·
1164 1469 1229 1533 tiae
1251 1491 1286 1534 86
1308 1405 1549 1534 commendabit
1570 1491 1608 1534 ac
1628 1471 1809 1551 permittet,
1835 1480 1873 1534 ut
1892 1472 1961 1535 eius
1983 1471 2084 1537 ductu
2105 1473 2140 1536 in

139 1559 321 1640 spicercae
343 1563 511 1639 procerte
533 1561 676 1618 statuere
698 1553 869 1633 diseamus,
892 1553 978 1634 quod
995 1555 1030 1618 in
1052 1573 1112 1619 888
1164 1564 1290 1619 rectum
1319 1575 1453 1636 scopum
1479 1553 1649 1637 dirigatur.
1694 1555 1870 1621 Caeterum
1898 1578 1965 1621 non
1994 1559 2139 1622 externis

138 1643 187 1707 illi
218 1643 373 1708 scelerate
406 1641 623 1717 admiserunt,
656 1641 743 1704 iusta
774 1641 843 1704 eius
872 1639 1112 1722 dispensatione
1164 1640 1316 1706 subsidiis
1336 1643 1384 1705 ita
1405 1641 1476 1705 eius
1494 1639 1613 1705 fiducia
1629 1640 1823 1720 subnitetur,
1847 1649 1892 1721 ut,
1915 1643 1944 1707 si
1964 1641 2081 1721 adsint,
2105 1644 2140 1707 in

138 1730 238 1794 fuisso
269 1735 303 1792 et
334 1727 531 1809 permissum
558 1733 592 1790 81
623 1726 815 1791 immissum.
860 1723 957 1805 Quod
982 1727 1010 1789 si
1038 1725 1111 1790 abs-
1163 1725 1203 1790 iis
1224 1748 1337 1792 secure
1358 1725 1556 1808 aequiescat;
1585 1727 1614 1792 81
1635 1725 1757 1805 desint,
1784 1727 1920 1808 perinde
1940 1750 1978 1793 ac
2001 1728 2137 1793 destitu-

139 1836 201 1897 que
216 1813 240 1897 ¹)
274 1814 443 1877 hominum
470 1833 569 1894 opera
595 1812 721 1890 888811,
754 1833 837 1894 quae
867 1832 926 1874 nos
952 1811 1073 1893 premit
1081 1810 1110 1895 ²)
1163 1798 1218 1876 tus
1239 1812 1387 1895 trepidet
1424 1811 1571 1876 Mentem
1590 1813 1679 1877 enim
1699 1813 1736 1878 in
1758 1813 1827 1879 sola
1847 1814 1913 1878 Dei
1933 1814 2141 1897 providentia

139 1899 333 1975 adversitas,
373 1899 535 1979 scriptura
566 1897 631 1961 Dei
666 1919 736 1961 esse
767 1896 1025 1975 maledictiones,
1058 1895 1111 1962 881
1164 1918 1293 1981 semper
1314 1898 1448 1964 habebit
1469 1895 1620 1975 defixam,
1642 1918 1747 1980 neque
1769 1919 1789 1962 a
1810 1899 1905 1964 firmo
1927 1900 1996 1964 eius
2017 1901 2140 1964 intuitu

139 1996 227 2051 certe
254 1984 481 2068 castigationes
509 1983 680 2047 denuntiat
707 1993 740 2046 81
766 1989 872 2046 terrae
895 1982 1110 2059 sterilitatem,
1163 1985 1385 2065 praesentium
1406 2003 1518 2047 rerum
1539 1984 1796 2050 consideratione
1817 1984 1933 2051 abduci
1954 1987 2104 2067 patietur.

139 2079 174 2137 61
198 2071 319 2135 famem
346 2079 501 2134 618888
533 2069 720 2133 morborum
747 2090 867 2151 genus,
896 2075 930 2132 et
955 2067 1112 2151 quidquid
1252 2073 1301 2134 50.
1345 2069 1419 2134 Hac
1440 2089 1518 2132 vero
1539 2076 1633 2150 parte
1654 2090 1830 2152 agnoscere
1851 2071 1928 2136 licet
1951 2072 2139 2137 inaestima

138 2157 322 2234 fortuitum,
350 2155 520 2220 hominum
547 2155 696 2237 opinione
723 2153 852 2218 ducitur
872 2154 968 2237 (Lev.
988 2158 1039 2232 26,
1062 2158 1109 2217 lo.
1164 2153 1264 2219 bilem
1284 2155 1358 2238 piae
1379 2153 1499 2234 mentis
1520 2153 1716 2219 felicitatem.
1757 2155 1938 2220 Innumera
1959 2165 2036 2221 sunt
2057 2177 2139 2239 quac

139 2241 392 2325 1188128201.
642 2283 646 2290 ,
1163 2240 1267 2306 81188
1284 2241 1474 2305 'humanam
1502 2239 1717 2304 circumstant
1742 2240 1839 2306 mala.
1889 2241 1938 2307 Ut
1958 2249 2053 2306 extra
2073 2265 2140 2308 non

226 2334 275 2391 49.
320 2326 435 2408 Neque
453 2333 563 2389 tamen
589 2326 722 2389 interim
743 2324 785 2389 ad
807 2346 921 2390 causas
941 2325 1112 2390 inferiores
1164 2346 1333 2390 exeamus:
1362 2347 1463 2409 quum
1487 2324 1577 2389 mille
1604 2325 1792 2391 morborum
1824 2328 2066 2409 receptaculum
2096 2330 2140 2393 sit

139 2414 192 2480 vir
213 2414 285 2496 pius
307 2412 500 2477 connivebit
536 2409 650 2493 Neque
672 2411 761 2474 onim
782 2412 859 2493 quia
878 2411 1044 2476 ministros
1062 2410 1112 2475 di·
1164 2432 1295 2494 corpus,
1323 2412 1389 2476 imo
1410 2413 1499 2476 intus
1520 2410 1664 2476 inclusas
1686 2418 1798 2476 teneat
1819 2433 1858 2477 ac
1877 2413 1988 2478 foveat
2010 2414 2140 2478 morbo·

138 2501 236 2566 81886
263 2497 474 2581 benignitatis
482 2495 511 2580 ⁸)
539 2497 750 2561 arbitrabitur
778 2518 846 2574 eos,
876 2518 896 2560 a
917 2497 1034 2578 quibus
1055 2498 1112 2561 be·
1163 2518 1238 2561 rum
1259 2519 1387 2575 causas,
1411 2519 1445 2562 se
1469 2497 1578 2579 ipsum
1599 2497 1697 2562 homo
1718 2498 1804 2562 ferre
1822 2518 1889 2561 888
1909 2506 2030 2579 potest,
2060 2500 2141 2581 quin
2238 2536 2251 2561 .

138 2586 253 2650 neficio
285 2586 422 2650 affectus
453 2583 566 2660 fuerit,
594 2581 666 2646 ideo
692 2582 765 2647 illos
791 2582 996 2664 praeteribit,
1024 2603 1061 2647 ac
1083 2582 1112 2646 si
1163 2582 1284 2648 multas
1305 2583 1480 2648 exitiorum
1501 2603 1635 2647 sucrum
1655 2582 1776 2648 formas
1793 2604 1905 2648 secum
1921 2583 2014 2662 ferat,
2036 2605 2073 2648 ac
2090 2585 2140 2650 81·

138 2671 264 2735 881188
292 2671 433 2754 gratiam
464 2689 524 2733 sua
558 2668 762 2733 humanitate
793 2668 961 2750 promeriti
988 2676 1110 2745 essent;
1163 2674 1232 2731 tarn
1270 2667 1507 2752 quodammodo
1539 2690 1614 2734 cum
1653 2674 1758 2732 morte
1793 2668 1985 2751 implicitam
2018 2670 2137 2734 trahat

139 2756 196 2822 sed
217 2757 282 2822 illis
304 2756 496 2821 obstrictum
519 2776 554 2818 se
576 2776 617 2818 ex
640 2754 747 2819 animo
768 2754 894 2832 sentiet,
919 2761 952 2817 ct
971 2753 1112 2819 libenter
1164 2751 1255 2834 Quid
1276 2756 1364 2819 enim
1385 2753 1474 2819 aliud
1496 2753 1600 2833 dicas,
1623 2753 1680 2818 ubi
1701 2774 1761 2818 nce
1782 2753 1935 2838 frigetur,
1960 2754 2139 2819 8688818-

138 2843 293 2908 fatebitur
320 2841 563 2925 obligationem,
594 2847 628 2905 et
654 2840 796 2923 gratiam
820 2861 878 2922 pro
904 2839 1057 2904 facultate
1079 2847 1113 2902 61
1163 2847 1219 2904 tur
1240 2841 1310 2906 8188
1332 2839 1498 2923 periculo?
1542 2839 1616 2904 Iam
1634 2860 1826 2922 quocunque
1847 2848 1879 2904 te
1901 2848 2025 2918 vertas,
2054 2861 2139 2922 quae

139 2949 175 2992 re
197 2935 275 2992 nata
295 2929 416 2992 referre
438 2925 588 2991 studebit
628 2926 779 3008 Denique
801 2926 982 2990 Dominum
1001 2925 1038 2988 in
1055 2924 1112 2990 bc·
1164 2925 1251 2991 circa
1276 2934 1309 2991 te
1337 2933 1415 2991 sunt
1442 2925 1561 3003 omnia,
1589 2947 1656 2990 non
1682 2924 1779 2989 modo
1802 2926 1973 3009 ambiguae
2000 2937 2078 2990 sunt
2099 2926 2139 2990 fi-

139 3015 191 3077 nis
209 3014 413 3079 reverebitur
433 3020 466 3076 et
491 3010 705 3094 praedicabit,
729 3019 766 3075 ut
787 3011 999 3094 praecipuum
1020 3019 1111 3075 auto-
1165 3009 1231 3090 dei,
1255 3010 1313 3076 sed
1334 3022 1446 3094 aperte
1466 3012 1534 3075 1688
1555 3012 1737 3088 minantur,
1766 3032 1804 3076 ac
1824 3017 2030 3094 praesentem
2051 3031 2139 3075 mor·

139 3120 208 3163 rem
215 3122 223 3176 ;
251 3098 308 3163 sed
334 3099 481 3163 homines
503 3106 541 3161 ut
565 3099 634 3162 eius
655 3098 822 3163 ministros
849 3096 1034 3175 honorabit;
1062 3102 1111 3159 81
1164 3104 1232 3161 188
1263 3097 1416 3163 videntur
1442 3098 1615 3161 intentare.
1663 3095 1854 3170 1188888818
1885 3118 2019 3176 88868,
2056 3096 2140 3179 pede

139 3206 216 3266 que,
245 3194 282 3248 81
307 3206 360 3249 868
385 3192 447 3261 881,
476 3183 640 3267 intelliget
665 3204 700 3247 sc
722 3183 856 3247 Domini
876 3182 1044 3247 voluntate
1071 3182 1112 3246 iis
1156 3187 1231 3248 ‘uno
1256 3204 1280 3247 8
1305 3190 1410 3248 88818
1439 3181 1550 3247 distas.
1599 3182 1694 3265 Equo
1720 3181 1840 3260 insidc,
1868 3183 1904 3246 in
1931 3182 2025 3265 lapsu
2046 3181 2139 3265 pedis

139 3292 210 3335 esse
233 3269 436 3347 devinctum,
458 3290 518 3351 per
538 3291 677 3352 quorum
698 3291 833 3332 manum
854 3268 1019 3333 beneficus
1041 3287 1112 3333 6886
1163 3269 1262 3333 unius
1283 3270 1352 3335 vita
1374 3276 1432 3341 tua
1455 3267 1668 3351 periclitatur.
1718 3267 1839 3334 Incede
1865 3269 2017 3350 pervias
2037 3268 2137 3347 urbis,

139 3355 287 3421 voluerit
333 3354 371 3420 81
394 3354 472 3436 quid
493 3356 637 3420 iacturae
658 3354 711 3420 861
733 3354 773 3419 81)
794 3355 879 3437 neg'
906 3355 1036 3430 entiam,
1059 3352 1112 3418 vel
1162 3364 1242 3436 quot
1263 3364 1340 3420 sunt
1361 3354 1397 3418 in
1419 3354 1512 3419 tectis
1533 3353 1672 3437 tegulae,
1695 3361 1744 3418 tot
1765 3353 2007 3419 discriminibus
2029 3375 2063 3419 88
2081 3354 2139 3419 ob-

16 3464 18 3468 *
138 3442 179 3506 ob
206 3441 460 3523 imprudentiam
491 3440 619 3517 fecerit,
652 3441 795 3522 Domino
822 3442 878 3522 qni
900 3462 953 3504 em
982 3439 1111 3504 volente
1162 3440 1289 3506 noxius.
1334 3438 1372 3505 81
1404 3440 1640 3505 ferramentum
1670 3440 1707 3503 in
1733 3448 1791 3503 tua
1823 3446 1880 3504 aut
1907 3439 2004 3504 amici
2036 3460 2139 3503 manu

138 3527 261 3593 factum
281 3526 316 3590 id
343 3525 430 3608 apud
450 3547 484 3590 se
511 3533 646 3605 statuet;
674 3548 791 3591 verum
819 3526 881 3590 sibi
902 3546 1028 3608 quoque
1049 3525 1111 3588 im·
1163 3527 1220 3602 sit,
1255 3534 1385 3591 exserta
1411 3535 1462 3591 est
1488 3547 1584 3590 noxa
1636 3523 1804 3606 Quotquot
1831 3524 1986 3589 animalia
2017 3524 2138 3589 ferocia

138 3613 274 3695 putabit
320 3610 358 3676 Si
379 3613 452 3694 quis
474 3612 586 3676 morbo
607 3613 798 3694 absumptus
818 3613 869 3689 sit,
891 3632 989 3693 quem
1009 3621 1111 3693 quum
1162 3611 1264 3689 vides,
1286 3613 1323 3675 in
1343 3620 1435 3676 tuam
1456 3612 1634 3695 perniciem
1656 3617 1782 3675 armata
1803 3616 1889 3674 sunt
1924 3608 2066 3691 Quodsi
2084 3610 2138 3675 881

140 3719 182 3762 ex
214 3699 319 3763 officio
357 3719 471 3762 curare
505 3697 669 3762 debuisset
706 3698 911 3781 negligenter
947 3696 1109 3774 tractavit,
1162 3697 1257 3761 horte
1290 3697 1371 3763 bene
1404 3698 1530 3762 munito
1557 3695 1723 3762 includere
1751 3701 1783 3759 te
1811 3694 1943 3761 studeas
1971 3696 2025 3761 ubi
2053 3695 2138 3760 nihil

140 3787 269 3849 tametsi
287 3806 352 3849 non
369 3784 535 3867 ignorabit
552 3783 594 3846 ad
611 3783 995 3866 terminumpervenisse,
1013 3803 1110 3864 quem
1162 3805 1261 3866 quam
1294 3784 1474 3850 amoenitas
1506 3792 1675 3866 appareat,
1714 3781 1781 3846 illic
1808 3802 1943 3865 serpens
1971 3781 2139 3846 interdum

138 3871 318 3951 praeterire
339 3891 406 3935 non
427 3880 569 3952 poterat,
592 3877 761 3951 peccatum
783 3879 894 3933 tamen
916 3890 1013 3934 suum
1033 3867 1111 3932 inde
1162 3869 1337 3935 delitescet.
1380 3870 1509 3934 Domus
1530 3868 1659 3934 assidue
1680 3865 1830 3933 incendio
1852 3867 2012 3945 subiecta,
2035 3868 2137 3932 inter·

139 3977 206 4020 non
228 3957 368 4022 elevabit
374 3979 383 4034 ;
408 3954 465 4020 861
487 3956 563 4037 quia
584 3976 649 4018 non
671 3965 722 4019 est
742 3954 914 4020 defunctus
935 3976 1014 4038 erga
1035 3974 1111 4018 eum
1163 3955 1220 4020 diu
1241 3955 1301 4019 tibi
1320 3962 1555 4038 paupertatem,
1578 3961 1675 4019 noctu
1696 3954 1796 4018 etiam
1817 3954 2059 4036 oppressionem
2076 3953 2139 4016 mi·

139 4040 280 4105 fideliter
302 4063 359 4106 888
382 4063 533 4116 munere,
562 4039 696 4120 perinde
719 4042 868 4122 accipiet,
898 4041 985 4106 acsi
1007 4039 1111 4123 negli-
1162 4050 1269 4106 natur.
1314 4043 1406 4125 Ager
1434 4039 1602 4124 grandini,
1630 4039 1783 4122 pruinae,
1816 4039 1972 4117 siccitati,
2001 4038 2137 4120 aliisque

140 4128 268 4209 gantiae
295 4148 373 4190 suae
400 4126 496 4207 culpa
522 4126 680 4208 periisset.
724 4126 831 4190 Multo
858 4127 966 4191 minus
995 4126 1051 4191 ubi
1075 4125 1110 4189 in
1162 4127 1409 4211 tempestatibus
1436 4126 1601 4209 expositus
1631 4146 1732 4208 quum
1759 4123 1816 4202 sit,
1845 4124 2064 4202 sterilitatem,
2087 4130 2136 4187 at

139 4211 339 4294 designando
371 4211 423 4276 881
457 4210 630 4276 homicidio
654 4210 707 4275 861
733 4211 834 4290 furto,
864 4213 953 4276 fraus
975 4221 1008 4276 61
1034 4232 1111 4277 con·
1162 4235 1226 4296 que
1248 4234 1290 4278 ex
1311 4233 1351 4277 ea
1371 4213 1492 4277 famem
1513 4211 1572 4276 tibi
1595 4209 1775 4277 denuntiat
1821 4207 1946 4275 Omitto
1968 4209 2136 4287 veneficia,

139 4306 233 4380 cepta
254 4298 363 4361 animo
383 4297 510 4360 malitia
530 4297 757 4375 intercesserit,
776 4318 849 4361 eam
866 4297 1035 4362 excusabit
1051 4296 1111 4362 sub
1162 4297 1313 4378 insidias,
1335 4298 1519 4375 1818681818,
1541 4298 1611 4363 818
1632 4303 1795 4380 apertam,
1817 4316 1957 4377 quorum
1977 4316 2054 4377 pars
2075 4315 2135 4358 888

138 4391 311 4466 praetextu
340 4383 470 4449 divinae
500 4382 725 4465 providentiae
732 4406 740 4462 ;
774 4381 832 4446 sed
860 4384 895 4447 in
923 4383 1036 4448 codem
1062 4383 1111 4447 fa
1159 4384 1251 4450 'domi
1284 4383 1448 4462 obsident,
1476 4404 1553 4466 pars
1579 4404 1716 4466 peregre
1747 4388 1998 4464 consequuntur.
2042 4379 2136 4443 Inter

139 4470 249 4533 cincre
270 4470 335 4533 Dei
355 4469 522 4546 iustitiam,
546 4468 687 4533 hominis
703 4468 891 4550 nequitiam,
915 4477 952 4532 ut
969 4490 1004 4534 se
1021 4476 1111 4534 utra-
1164 4471 1225 4536 has
1252 4471 1420 4555 angustias
1446 4490 1556 4534 annon
1584 4476 1710 4552 oportet
1736 4468 1957 4533 miserrimum
1984 4486 2054 4554 esse
2077 4464 2136 4528 ho·

139 4576 202 4636 que
223 4556 394 4620 manifeste
420 4554 544 4636 prodit,
574 4554 723 4619 distincte
746 4554 1025 4636 contemplabitur.
1069 4555 1112 4620 In
1163 4558 1296 4634 minem,
1317 4562 1428 4638 utpote
1449 4554 1563 4639 quiin
1579 4555 1843 4620 vitasemivivus
1861 4553 1996 4616 anxium
2014 4560 2048 4615 61
2063 4550 2135 4614 lan·

138 4639 256 4705 futuris
278 4662 355 4704 vero
383 4641 588 4722 potissimum
614 4640 805 4704 inferiorum
827 4639 1013 4705 huiusmodi
1034 4663 1111 4707 cau·
1163 4642 1300 4726 gnidum
1321 4642 1473 4725 spiritum
1494 4662 1592 4725 aegre
1613 4640 1739 4718 1881181,
1762 4661 1828 4704 868
1849 4658 1941 4702 secus
1963 4658 2001 4701 ac
2023 4637 2052 4701 81
2073 4636 2135 4700 18·

138 4746 251 4790 sarum
272 4728 433 4791 rationem
455 4726 595 4791 habebit
639 4724 726 4789 Nam
747 4725 835 4789 inter
854 4726 990 4790 Domini
1013 4728 1112 4792 bene·
1163 4729 1343 4794 minentem
1380 4735 1536 4810 perpetuo
1575 4727 1756 4793 cervicibus
1793 4722 1939 4806 gladium
1978 4719 2134 4786 haberet?

139 4811 297 4879 dictiones
318 4819 462 4895 reponet,
485 4813 512 4876 si
534 4833 600 4875 non
617 4810 812 4876 destituetur
827 4811 979 4877 subsidiis
995 4812 1112 4878 huma-
1163 4814 1263 4880 Dices
1284 4815 1348 4880 ista
1374 4834 1448 4878 raro
1470 4814 1615 4891 evenire,
1639 4822 1696 4877 aut
1717 4817 1803 4876 certe
1827 4828 1894 4872 non
1914 4828 2056 4889 semper,
2078 4827 2136 4871 ne-

139 4898 205 4976 nis,
235 4898 353 4980 quibus
383 4898 425 4962 ad
446 4897 703 4962 incolumitatem
731 4918 825 4961 suam
847 4904 974 4976 utatur;
1002 4899 1112 4981 itaque
1163 4922 1226 4982 que
1247 4900 1406 4977 omnibus,
1428 4920 1596 4982 nunquam
1616 4917 1693 4961 vero
1715 4894 1813 4960 simul
1837 4893 1954 4956 omnis
1999 4893 2135 4957 Fateor:

139 4984 261 5048 necin
288 4983 454 5066 capiendis
483 4983 624 5049 consiliis
652 4982 805 5061 cessabit;
834 5005 895 5048 nec
915 4984 1056 5067 torpebit
1076 4985 1112 5049 in
1164 4986 1221 5051 sed
1251 5006 1353 5068 quum
1384 4985 1523 5049 aliorum
1544 4981 1701 5064 exemplis
1728 4979 1977 5056 admoneamur,
2006 4978 2138 5043 evenire

593 5142 596 5147 .
1164 5073 1263 5136 etiam
1284 5071 1377 5136 nobis
1397 5092 1500 5153 posse,
1523 5091 1583 5134 nec
1604 5073 1750 5132 nostram
1772 5064 1887 5148 magis,
1910 5084 2007 5145 quam
2025 5084 2139 5128 eorum

209 5184 238 5253 1)
257 5186 411 5241 886188
429 5187 504 5243 888.
523 5188 598 5243 isla
701 5187 734 5258 a>
755 5191 952 5259 praevenitque
969 5205 1018 5244 nos
1036 5188 1111 5244 888.
1164 5159 1268 5223 vitam
1289 5158 1394 5239 excipi
1406 5156 1542 5256 ,debera
1564 5154 1635 5218 fieri
1657 5173 1723 5217 110ss
1740 5157 1854 5249 potest,
1877 5156 1915 5212 uc
1935 5168 2001 5213 11011
2023 5149 2137 5247 timeaf

138 5252 170 5322 3)
187 5255 317 5307 bonitatis
334 5254 402 5309 1548
420 5275 489 5326 seqq.
1121 5273 1131 5284 ·
1163 5266 1239 5311 mus
1260 5265 1299 5311 ac
1318 5242 1539 5322 formidemus,
1560 5248 1718 5323 tanquam
1738 5237 1831 5304 nobis
1852 5242 2019 5302 eventura
2064 5232 2140 5301 nali

209 5337 321 5394 Caluini
331 5359 422 5410 opera.
459 5345 517 5398 Vol.
535 5344 560 5398 1.
1902 5333 1936 5390 57
