4770 6030
131 416 134 421 A
192 341 251 402 aar
782 337 881 405 cir.
904 338 950 403 Π.
994 339 1058 403 on
1081 336 1370 405 coemmoun
1391 335 1603 421 nonmrs.
1983 341 1989 366 ·
2132 347 2196 408 362

190 450 491 520 A51;Ble;c4a.

191 527 233 592 ad
254 529 435 592 Dominum
456 439 700 593 cadversionem
719 528 870 610 exigunt3
893 527 958 592 aha
976 527 1167 608 simpliciter
1220 532 1270 590 est
1291 534 1540 608 praeceptorum
1565 527 1705 605 utilitas,
1734 530 1761 592 si
1781 529 1884 594 libero
1907 531 2043 594 arbitrio
2065 537 2196 596 tantum

191 614 231 678 de
252 614 336 697 legis
357 614 582 678 observatione
604 614 795 696 loquantum
818 614 883 678 alia
904 615 1167 694 perseverarem
1220 612 1329 689 detur,
1359 619 1398 675 ut
1424 613 1531 694 gratia
1551 613 1614 677 Dei
1646 615 1787 697 amplius
1809 616 1988 680 honoretur
1995 641 2003 695 ;
2030 617 2111 681 fides
2133 620 2196 682 im-

190 710 320 782 recepta
345 700 410 763 Dei
443 701 550 782 gratia
577 701 699 764 iubent.
744 701 797 764 De
819 700 969 764 omnibus
990 701 1026 763 in
1048 720 1167 782 genere
1219 704 1328 780 patrat
1355 697 1441 782 quod
1468 698 1522 761 lex
1550 700 1704 782 imperat3
1732 702 1795 765 imo
1822 701 1889 765 ideo
1911 701 1960 765 lca
1987 704 2133 782 imperet,
2162 709 2198 769 et

190 785 397 863 disseramus,
421 793 493 849 turn
515 784 748 850 descendemus
770 784 811 849 ad
830 786 951 848 formas
968 786 1064 866 ipsas.
1096 784 1167 849 Ho-
1220 783 1358 864 impetret
1384 785 1462 864 fides
1490 785 1570 865 quod
1597 787 1782 867 iiepcrctele
1808 792 1874 852 eret
1901 809 1962 868 per
1988 788 2098 870 169666,
2130 790 2196 854 imo

190 873 316 936 minum
338 871 508 936 facultates
531 871 573 935 ad
595 871 725 949 divinae
753 871 836 954 legis
857 877 1031 952 praecepta
1053 880 1166 934 exten·
1219 869 1319 932 fidem
1351 871 1457 952 ipsam
1480 871 1585 954 exigit
1612 894 1632 935 a
1658 873 1752 937 nobis
1774 874 1881 951 Deus,
1915 881 1948 937 et
1973 895 2040 938 non
2068 875 2197 940 invenit

190 957 276 1033 dere,
300 957 436 1039 vulgare
457 957 490 1021 id
513 956 644 1039 quidem
665 957 789 1021 iamdiu
810 977 880 1020 esse
898 958 1011 1038 coepit,
1035 963 1068 1020 et
1084 977 1167 1020 non·
1219 954 1305 1036 quod
1334 957 1460 1038 exigat,
1488 957 1552 1020 nisi
1581 956 1707 1022 dederit
1733 958 1820 1039 quod
1848 960 2004 1023 inveniat.
2048 960 2150 1024 Item:
2170 961 2196 1045 ¹)

191 1043 317 1108 nullam
345 1044 486 1124 speciem
509 1044 623 1123 habet;
652 1043 709 1107 scd
731 1065 751 1106 a
772 1042 948 1106 rudissima
968 1040 1052 1125 legis
1074 1043 1166 1125 igno·
1220 1040 1275 1104 det
1295 1041 1388 1104 Deus
1409 1042 1496 1130 quod
1517 1043 1616 1120 iubet,
1640 1052 1673 1107 et
1693 1044 1806 1108 iubeat
1827 1045 1912 1126 quod
1933 1045 2023 1110 velit.

190 1130 299 1193 rantia
325 1128 453 1211 prodiit.
505 1128 592 1194 Nam
619 1130 675 1210 qui
706 1150 765 1211 pro
795 1129 923 1211 ingenti
949 1128 1077 1209 piaculo
1107 1126 1166 1192 du·
1306 1130 1355 1189 83.
1401 1127 1441 1192 Id
1458 1128 1665 1193 recensendis
1678 1131 1789 1194 tribus
1808 1139 2057 1213 praeceptorum
2072 1133 2195 1212 termis,

190 1223 283 1291 cunt,
312 1216 340 1279 si
367 1214 495 1279 dicatur
521 1215 605 1298 legis
632 1215 891 1280 observationem
919 1235 989 1278 esse
1017 1214 1166 1294 impossi·
1219 1233 1300 1294 quas
1333 1214 1483 1294 superius
1515 1216 1700 1297 attigimus,
1732 1216 1851 1281 clarius
1884 1223 2044 1281 cernetur.
2100 1218 2197 1283 Iubet

190 1301 297 1376 bilem,
310 1300 512 1366 validissimo
525 1301 852 1384 scilicetargumento
865 1299 1031 1376 insistunt,
1044 1300 1167 1364 fitam
1219 1298 1349 1380 saepius
1376 1300 1556 1377 Dominus,
1591 1309 1663 1364 turn
1689 1302 1724 1365 in
1752 1302 1824 1385 lego
1853 1312 1925 1366 tum
1952 1303 1987 1366 in
2016 1302 2194 1386 prophetis,

191 1386 272 1451 alias
295 1386 406 1451 datam
428 1408 498 1450 esse
520 1386 635 1469 legem.
664 1386 808 1451 Perinde
829 1385 1107 1466 enimloquuntur
1128 1407 1166 1450 ac
1218 1392 1257 1447 ut
1279 1383 1320 1447 ad
1342 1405 1376 1448 se
1399 1394 1636 1450 convertamur.
1671 1388 1718 1450 At
1739 1388 1876 1452 succinit
1898 1410 1939 1452 ex
1962 1388 2099 1452 adverso
2121 1411 2196 1471 pro-

189 1474 216 1538 si
246 1494 408 1555 nusquam
429 1473 554 1537 Paulus
584 1470 623 1535 de
653 1472 725 1555 lege
752 1473 904 1553 loquutus
932 1479 1025 1536 esset
1077 1469 1167 1550 Quid
1218 1469 1320 1551 pheta
1342 1470 1420 1554 (Ier.
1441 1476 1490 1547 31,
1513 1471 1583 1555 18):
1616 1481 1767 1537 converte
1795 1495 1848 1537 me
1870 1474 2027 1551 Domine,
2058 1482 2091 1538 et
2119 1495 2195 1539 oon·

190 1559 277 1624 enim
299 1579 418 1640 quaeso
440 1558 505 1622 ista
524 1559 587 1622 sibi
609 1557 743 1622 volunt?
776 1557 884 1640 legem
905 1564 1038 1638 propter
1058 1563 1166 1621 trans-
1219 1565 1343 1620 vertar:
1370 1566 1543 1638 postquam
1571 1555 1659 1621 enim
1687 1560 1876 1623 convertisti
1903 1581 1970 1636 me,
2002 1561 2054 1643 egi
2082 1561 2195 1643 poeni·

190 1645 372 1729 gressiones
408 1645 550 1726 positam
587 1665 658 1708 esse
691 1643 781 1725 (Gal.
802 1649 836 1721 3,
859 1642 928 1726 19),
961 1664 1022 1724 per
1059 1642 1166 1725 legem
1219 1642 1365 1719 tentiam,
1389 1652 1447 1706 etc.
1493 1643 1591 1708 Iubet
1617 1652 1655 1707 ut
1680 1646 1852 1727 praeputia
1873 1645 1979 1710 cordis
2005 1647 2110 1710 nostri
2133 1648 2196 1710 cir-

189 1752 259 1796 esse
281 1731 500 1812 cognitionem
526 1731 650 1812 peccati
674 1728 784 1811 (Rom.
807 1733 835 1807 3,
855 1731 926 1812 20);
955 1727 1061 1811 legem
1091 1749 1165 1810 pec-
1219 1727 1449 1791 cumcidamus.
1495 1730 1542 1793 At
1563 1751 1622 1812 per
1644 1731 1773 1796 Mosem
1795 1730 1981 1809 denuntiat,
2012 1733 2111 1795 istam
2133 1733 2196 1796 cir-

189 1823 299 1883 catum
328 1816 456 1880 efficere
485 1814 594 1899 (Rom.
616 1819 644 1893 7,
664 1816 714 1901 7),
743 1815 986 1897 subingressum
1016 1835 1100 1893 esse,
1129 1822 1166 1878 ut
1219 1812 1449 1877 cumcisionem
1471 1837 1572 1879 manu
1595 1838 1656 1881 sua
1676 1818 1748 1880 fieri
1770 1815 1883 1900 (Deut.
1905 1821 1955 1895 30,
1982 1815 2026 1901 6).
2077 1815 2196 1882 Gordia

189 1901 372 1967 abundaret
399 1901 553 1967 delictum
588 1901 698 1983 (Rom.
720 1907 753 1977 5,
774 1901 839 1985 20).
890 1901 946 1964 An
968 1900 1010 1964 ad
1037 1908 1165 1965 nostras
1218 1899 1399 1964 novitatem
1430 1902 1552 1982 passim
1585 1902 1737 1984 requirit:
1772 1903 1829 1966 sed
1861 1903 1938 1967 alibi
1973 1903 2029 1967 abs
2057 1925 2091 1967 se
2124 1903 2196 1968 dari
2307 1902 2312 1917 ’

187 1990 275 2054 vires
298 1987 503 2052 [inritandam
525 1988 640 2062 fuisse,
666 2009 709 2051 ne
730 1987 853 2050 frustra
874 1985 1030 2050 daretur?
1075 1983 1165 2066 Quin
1218 1992 1359 2048 testatur
1385 1985 1457 2068 (Ea.
1477 1989 1532 2063 36,
1553 1985 1618 2072 26).
1679 1989 1766 2076 Qeod
1793 1993 1894 2053 aetem
1916 1988 2194 2069 perseverabas,

187 2076 295 2157 potius
323 2074 418 2157 longe
447 2094 546 2154 supra
572 2094 631 2137 nos
659 2074 812 2155 positam,
847 2092 910 2154 quo
939 2073 1166 2154 impotentiam
1217 2075 1253 2133 et
1273 2071 1474 2153 depectimus
1493 2073 1547 2150 611,
1557 2072 1586 2157 2)
1614 2094 1675 2137 erm
1701 2074 1837 2155 fecimus
1863 2077 1927 2156 ipsi
1948 2074 2195 2155 praeteriere

188 2168 335 2225 nostram
357 2160 571 2224 convinceret.
1217 2156 1264 2219 vel
1285 2162 1447 2235 actiacae·
1476 2158 1530 2222 sed
1549 2159 1627 2240 fecit
1647 2161 1713 2239 ipse
1731 2181 1790 2241 per
1809 2162 1954 2244 qratiam.
1998 2159 2101 2241 Atque
2122 2161 2195 2226 baec

275 2249 325 2308 82.
376 2245 540 2327 Equidem
568 2246 595 2310 si
623 2246 785 2326 scriptura
811 2244 895 2308 nihil
924 2243 1014 2307 ahud
1036 2243 1167 2309 doceret
1218 2242 1384 2306 obaervee'o
1413 2248 1457 2306 est
1482 2265 1576 2324 quem
1603 2244 1685 2308 idere
1720 2248 1786 2326 ipsc
1814 2249 1894 2309 irater
1919 2246 2043 2328 repere
2073 2248 2195 2312 Ticoee'i

189 2353 287 2415 quam
319 2332 426 2414 legem
454 2352 524 2396 esse
552 2331 640 2395 vitae
667 2330 829 2413 regulam,
863 2329 904 2393 ad
931 2350 1031 2411 quam
1058 2329 1166 2394 studia
1218 2327 1360 2412 6616161)
1381 2329 1443 2392 leco
1464 2335 1636 2394 eeeezeret:
1656 2335 1692 2393 et
1712 2331 1783 2396 beer
1805 2333 2034 2414 distiepeemec
2055 2335 2135 2396 ieter
2156 2333 2196 2398 le-

188 2425 300 2482 nostra
322 2438 514 2499 componere
542 2416 734 2494 debeamus,
763 2437 822 2499 ogo
844 2436 970 2498 quoque
992 2416 1076 2479 citra
1096 2436 1165 2478 mo·
1216 2435 1284 2496 pem
1310 2418 1338 2476 e
1364 2416 1601 2495 praeissem,
1633 2416 1679 2480 vel
1706 2419 1786 2480 iate
1812 2418 1962 2481 anecdota
1991 2423 2017 2480 et
2048 2419 2193 2500 praticae.

189 2525 260 2568 ram
277 2503 415 2585 pedibus
432 2503 468 2566 in
485 2523 597 2567 eorum
616 2502 812 2567 sententiam
830 2500 1068 2566 descenderem.
1097 2498 1165 2565 Sed
1217 2499 1308 2563 Dant
1329 2521 1417 2565 nuno
1443 2503 1563 2583 quiex
1591 2504 1773 2585 praeceptis
1795 2502 1966 2585 colligunt,
1997 2503 2111 2585 ecquid
2133 2504 2192 2568 ho-

186 2610 288 2673 quum
310 2589 524 2671 multiplicem
551 2589 634 2671 legis
655 2610 751 2653 usum
778 2587 953 2670 diligenter
974 2608 1012 2651 ac
1039 2587 1164 2669 perspi·
1217 2606 1271 2648 mo
1297 2586 1407 2650 valeat
1440 2587 1482 2652 ad
1512 2587 1745 2665 obedientiam,
1780 2596 1818 2653 ut
1843 2588 1906 2653 Dei
1940 2589 2081 2671 gratiam
2106 2591 2193 2672 peri·

189 2697 248 2741 cue
282 2676 373 2739 nobis
407 2675 560 2756 explicet,
594 2694 636 2738 ex
668 2674 726 2737 illa
752 2675 860 2756 potius
885 2673 1162 2754 interpretatione,
1216 2681 1324 2749 mant,
1351 2693 1531 2755 perquam
1558 2681 1731 2757 praecepta
1758 2675 1830 2758 ipsa
1857 2673 2085 2756 adimplentur.
2132 2672 2193 2739 Se-

187 2761 266 2843 quid
297 2761 352 2825 lex
384 2761 420 2824 in
454 2760 585 2824 homine
613 2760 736 2838 valeat,
764 2759 969 2825 considerare
1002 2759 1162 2824 convenit.
1217 2757 1315 2821 cundi
1333 2759 1463 2840 generis
1481 2768 1653 2843 praecepta
1671 2760 1832 2843 simpHcia
1844 2768 1935 2823 sunt:
1954 2759 2071 2842 quihus
2083 2760 2193 2824 Deum

188 2845 359 2927 Quantum
390 2848 571 2929 praesentis
610 2867 726 2911 causac
765 2846 877 2923 refert,
916 2844 1054 2910 simulac
1085 2843 1163 2926 quid
1217 2842 1330 2919 colere,
1354 2845 1424 2908 eius
1445 2845 1608 2909 voluntati
1630 2847 1753 2911 servire
1770 2855 1805 2910 ct
1825 2844 2010 2924 adhaerere,
2034 2846 2105 2909 eius
2145 2845 2193 2910 la-

188 2931 351 3016 agendum
379 2933 422 2996 sit
448 2932 541 2997 nobis
562 2933 787 3015 praescripsit,
815 2929 985 2996 obediendi
1007 2930 1163 2995 virtutem
1217 2929 1281 2992 cita
1303 2930 1486 3010 observare,
1508 2933 1578 2994 eius
1600 2931 1782 2997 doctrinam
1806 2933 1897 3013 sequi
1919 2931 2078 2995 iubemur.
2122 2867 2193 2996 Ided

188 3041 209 3083 a
229 3019 292 3083 Dei
320 3019 464 3083 bonitate
491 3040 562 3083 csse
589 3017 694 3096 docet;
721 3017 856 3100 ideoque
877 3016 920 3080 ad
945 3037 1057 3099 preces
1078 3016 1163 3080 invi-
1215 3014 1380 3079 innumeri
1410 3024 1487 3080 sunt
1514 3016 1576 3080 loci
1606 3019 1662 3100 qui
1689 3019 1906 3082 testificentur
1933 3017 2022 3081 illius
2045 3038 2115 3081 esse
2135 3016 2192 3081 do·

187 3113 250 3182 tat,
280 3105 397 3187 quibus
419 3126 491 3168 eam
519 3105 612 3169 nobis
639 3103 710 3168 dari
735 3103 945 3186 postulemus.
990 3099 1029 3166 Si
1056 3102 1161 3166 solum
1216 3123 1310 3179 num,
1333 3101 1489 3184 quidquid
1511 3103 1664 3182 iustitiae,
1688 3104 1878 3181 sanctitatis,
1902 3104 2043 3187 pietatis,
2066 3104 2193 3186 purite-

188 3198 332 3256 exstaret
349 3191 532 3272 imperium,
555 3189 648 3254 nulla
658 3190 837 3272 promissio,
862 3187 1036 3253 tentandae
1055 3197 1165 3253 essent
1216 3187 1259 3251 tis
1282 3187 1396 3251 haberi
1416 3196 1532 3269 potest.
1577 3189 1632 3252 Ex
1654 3191 1751 3254 tertio
1779 3211 1899 3273 genere
1921 3197 1992 3254 erat
2012 3189 2083 3267 illa,
2109 3210 2192 3272 quae

185 3278 274 3342 vires
297 3298 340 3341 an
368 3275 409 3340 ad
431 3275 693 3358 respondendum
719 3277 855 3359 imperio
876 3275 1078 3352 sufficerent;
1106 3273 1163 3338 sed
1217 3294 1237 3337 a
1266 3273 1359 3337 Luca
1385 3271 1472 3356 (Act.
1495 3277 1543 3351 13,
1566 3274 1624 3359 43)
1657 3277 1797 3340 refertur
1823 3275 1921 3340 Pauli
1954 3283 1988 3339 et
2018 3275 2192 3340 Barnabae

187 3383 288 3445 quum
310 3362 408 3427 simul
430 3361 660 3445 promissiones
682 3368 927 3439 connectantur,
950 3381 1032 3442 quae
1057 3361 1092 3424 in
1115 3358 1164 3423 di·
1216 3359 1402 3423 exhortatio
1422 3359 1467 3424 'ad
1488 3359 1610 3440 fideles,
1632 3362 1724 3425 utin
1746 3362 1854 3445 gratia
1870 3362 1934 3425 Dei
1952 3364 2190 3443 permanerent

186 3449 284 3513 vinae
311 3449 436 3531 gratiae
466 3448 587 3512 auxilio
614 3470 680 3513 non
707 3447 803 3511 modo
831 3446 1013 3512 subsidium
1035 3445 1092 3511 sed
1114 3453 1164 3510 te-
1217 3443 1285 3509 Sed
1311 3444 1398 3510 unde
1426 3445 1483 3509 illa
1505 3449 1706 3512 constantiae
1727 3448 1834 3511 virtus
1868 3444 2008 3528 petenda
2036 3447 2093 3523 sit,
2128 3445 2191 3510 alio

187 3541 256 3598 tam
276 3535 436 3599 virtuem
463 3535 557 3598 nobis
584 3556 654 3598 esse
682 3535 779 3598 sitam
801 3533 959 3610 clamant,
986 3532 1062 3596 illae
1084 3532 1164 3595 satis
1216 3531 1286 3594 loce
1317 3530 1405 3595 idem
1438 3533 1563 3597 Paulus
1595 3533 1703 3598 tradit.
1760 3531 1856 3613 Quod
1890 3537 2051 3614 superest,
2084 3532 2192 3614 inquit

187 3641 348 3704 superque
370 3627 534 3683 testantur
555 3641 615 3684 nos
637 3640 771 3702 prorsus
792 3620 936 3702 ineptos,
957 3617 1080 3682 nedum
1100 3618 1163 3681 im-
1217 3616 1317 3700 (Eph.
1336 3621 1365 3695 6,
1388 3616 1451 3698 10),
1474 3618 1592 3682 hatres
1610 3620 1683 3683 sitis
1700 3619 1801 3683 fortes
1818 3639 1878 3700 per
1894 3618 2085 3682 Dominum.
2119 3616 2191 3682 Ali-

187 3728 282 3790 pares
315 3705 537 3770 observandae
569 3706 634 3789 legi
667 3727 745 3770 esse.
802 3703 913 3785 Quare
946 3726 988 3768 ne
1022 3703 1163 3787 amplius
1215 3703 1249 3767 bi
1266 3709 1356 3766 vetat
1373 3725 1414 3767 ne
1433 3705 1662 3769 contristemus
1681 3705 1834 3787 spiritum
1851 3704 1925 3783 Dei,
1946 3724 2010 3784 quo
2028 3703 2192 3786 obsignati

186 3792 250 3856 ista
271 3792 393 3857 virium
415 3798 602 3856 nostrarum
623 3813 695 3857 cum
719 3791 802 3875 legis
824 3791 1006 3874 praeceptis
1050 3811 1162 3873 ropor-
1215 3809 1329 3853 sumus
1355 3790 1392 3853 in
1424 3788 1511 3854 diem
1539 3790 1773 3874 redemptionis
1801 3797 1933 3854 nostrae
1962 3787 2054 3872 (ibid.
2074 3793 2103 3866 4,
2124 3787 2190 3873 30).

186 3878 234 3941 tio
256 3885 424 3961 urgeatur,
446 3878 533 3942 acsi
554 3879 732 3956 Dominus,
756 3899 855 3958 quam
874 3878 909 3940 in
930 3875 1003 3959 lege
1067 3884 1162 3940 turus
1215 3871 1283 3939 Sed
1304 3872 1391 3956 quod
1417 3875 1485 3940 illic
1506 3876 1625 3959 exigit,
1656 3877 1731 3958 quia
1758 3876 1916 3958 praestari
1939 3874 1979 3938 ab
2003 3875 2191 3939 hominibus

185 3971 256 4028 erat
281 3965 428 4028 iustitiae
454 3964 617 4047 regulam,
648 3963 690 4028 ad
716 3963 886 4028 modulum
907 3970 1038 4026 nostrae
1058 3962 1161 4027 imbe-
1213 3980 1279 4024 non
1301 3968 1438 4043 poterat,
1462 3961 1805 4027 Thessalonicensibus
1828 3983 1847 4025 a
1868 3961 2010 4025 Domino
2032 3962 2191 4043 impreca-

185 4050 332 4115 cillitatis
355 4050 525 4132 exegisset.
571 4050 681 4133 Magis
703 4072 745 4114 ex
772 4049 1042 4132 promissionibus
1063 4069 1161 4131 repu-
1214 4054 1285 4110 tur:
1314 4067 1433 4130 nempe
1466 4055 1504 4110 ut
1532 4046 1648 4130 dignos
1674 4048 1794 4112 habeat
1820 4067 1875 4111 eos
1903 4047 2067 4110 Dominus
2094 4067 2189 4112 voca·

184 4135 322 4200 tandum
354 4157 451 4218 quam
484 4137 586 4199 simus
618 4137 682 4218 ipsi
715 4157 735 4200 a
768 4135 862 4199 nobis
899 4135 1066 4217 imparati,
1105 4135 1161 4217 qui
1214 4133 1302 4196 tione
1320 4155 1380 4196 sua
1396 4141 1510 4197 sancta
1531 4140 1564 4197 et
1581 4133 1718 4217 impleat
1734 4134 1970 4208 bonumomne
1987 4133 2191 4215 propositum

184 4222 274 4285 omni
296 4222 332 4286 in
349 4230 443 4304 parte
460 4228 631 4304 tantopere
651 4222 721 4286 eius
739 4222 846 4304 gratia
863 4220 1058 4303 indigemus.
1093 4217 1161 4285 Sed
1213 4218 1368 4283 bonitatis
1392 4240 1469 4282 suae
1495 4239 1638 4302 opusque
1654 4218 1732 4284 fidei
1753 4220 1787 4283 in
1811 4218 1877 4283 illis
1895 4219 1930 4302 (2
1948 4218 2061 4283 Thess.
2083 4222 2109 4295 l,
2125 4215 2187 4301 11).

184 4309 254 4384 cui,
276 4309 383 4386 aiunt,
406 4307 585 4372 verisimile
607 4309 679 4387 fiet,
707 4309 890 4372 Dominum
910 4307 1035 4371 truncis
1055 4326 1093 4370 ac
1113 4306 1161 4369 la-
1301 4310 1351 4367 84.
1397 4302 1603 4369 Gavillantur
1620 4306 1702 4370 haec
1719 4305 1830 4370 omnia
1847 4304 2034 4369 testimonia
2053 4300 2189 4366 astutio·

184 4392 315 4476 pidibus
336 4393 444 4477 legem
465 4393 666 4458 destinasse?
711 4392 826 4476 Neque
846 4392 881 4457 id
903 4394 1066 4476 quispiam
1087 4413 1161 4474 per-
1214 4412 1281 4455 res:
1308 4390 1387 4473 quia
1407 4391 1492 4454 nihil
1519 4391 1679 4474 impediat
1699 4392 1873 4473 quominus
1902 4391 1964 4472 ipsi
1987 4389 2189 4453 conferamus

184 4478 322 4544 suadere
347 4479 491 4543 molitur.
541 4480 617 4543 Non
642 4479 731 4543 enim
760 4486 817 4542 aut
843 4479 937 4562 impii
965 4499 1046 4543 saxa
1073 4485 1160 4554 sunt,
1213 4485 1343 4542 nostras
1371 4477 1460 4540 vires
1482 4485 1519 4541 'et
1545 4477 1685 4542 infirmis
1714 4477 1884 4543 conatibus
1904 4477 1997 4541 Deus
2024 4473 2190 4555 suppetias

183 4571 243 4628 aut
270 4566 412 4648 stipites,
441 4564 521 4628 dum
544 4565 710 4631 adversari
732 4566 804 4629 Deo
832 4586 907 4629 suas
929 4563 1081 4629 libidines
1102 4584 1163 4647 per
1213 4563 1305 4627 ferat.
1350 4563 1506 4631 Afferunt
1532 4563 1632 4627 etiam
1659 4564 1809 4629 locos'er
1835 4561 2003 4645 prophetis
2026 4558 2138 4640 (Zaoh.
2161 4562 2188 4637 l,

183 4651 289 4734 legem
312 4651 418 4716 edocti
439 4672 499 4714 suo
520 4652 668 4734 ipsorum
694 4652 881 4716 testimonio
909 4651 957 4714 rei
978 4653 1077 4728 fiimt3
1105 4657 1163 4713 aut
1215 4647 1259 4733 3),
1285 4649 1341 4713 ubi
1363 4650 1586 4713 conversionis
1608 4657 1741 4714 nostrae
1762 4649 1895 4713 effectus
1917 4648 2003 4709 inter
2024 4645 2135 4708 Deum
2156 4653 2190 4708 et
2238 4654 2242 4666 '

183 4737 240 4820 pii,
264 4737 344 4801 dum
361 4758 439 4801 suae
456 4738 668 4820 impotentiae
686 4737 845 4802 admoniti
863 4736 904 4800 ad
927 4737 1068 4819 gratiam
1086 4756 1161 4801 oon-
1213 4755 1273 4799 nos
1301 4734 1432 4800 videtur
1458 4733 1638 4800 dimidiari:
1671 4733 1898 4800 convertimini
1921 4730 1963 4796 ad
1981 4752 2050 4807 me,
2074 4738 2108 4795 et
2129 4751 2189 4812 ego

182 4823 323 4906 fugiunt.
380 4820 455 4903 Quo
488 4825 656 4907 pertinent
683 4823 767 4887 istae
800 4823 948 4887 solennes
981 4821 1161 4905 Augustini
1215 4827 1386 4884 convertar
1408 4819 1450 4883 ad
1471 4841 1538 4885 vos.
1584 4818 1707 4901 Quales
1728 4820 1822 4884 nobis
1844 4817 2009 4899 suppetias
2027 4817 2189 4880 Dominus

183 4911 381 4974 sententiae:
400 4909 427 4993 l)
462 4910 553 4975 iubet
580 4911 673 4974 Deus
702 4930 784 4992 quae
814 4930 879 4973 non
909 4929 1095 4991 possumus,
1124 4915 1162 4970 ut
1213 4906 1312 4984 ferat,
1336 4927 1437 4989 supra
1458 4906 1717 4971 demonstratum
1739 4911 1803 4969 est:
1834 4923 1938 4984 neque
1960 4902 2014 4966 hio
2037 4923 2117 4984 opus
2139 4908 2190 4965 est

98 5039 102 5044 ·
183 4997 372 5059 noverimus
404 4995 483 5078 quid
509 4997 647 5079 abipso
680 5003 791 5078 petere
818 4994 992 5059 debeamus
999 5019 1007 5073 ;
1040 5014 1162 5076 magna
1214 4997 1369 5074 repetere.
1419 4991 1533 5057 Unum
1560 4992 1621 5056 hoc
1650 4991 1811 5055 duntaxat
1836 4987 1919 5051 mihi
1946 4987 2076 5054 concedi
2106 4987 2187 5065 volo,

252 5198 282 5266 1)
300 5200 333 5252 In
352 5200 461 5253 Enchir.
481 5200 656 5253 adhaurent.
672 5199 786 5263 c.31s.;
805 5201 845 5253 Ι)6
863 5201 952 5270 gratia
970 5205 998 5252 et
1015 5200 1061 5253 lib.
1080 5199 1161 5251 arbit
1284 5196 1313 5263 1)
1331 5197 1417 5264 Epist.
1436 5196 1477 5250 24.
1522 5196 1552 5265 2)
1570 5197 1629 5250 Lib.
1648 5197 1682 5247 de
1700 5193 1823 5247 doctrina
1841 5193 1978 5246 christian.
1997 5193 2022 5246 3.
2041 5210 2063 5246 c.
2072 5191 2114 5245 33.
2157 5191 2189 5258 3)

182 5284 206 5321 o.
226 5266 266 5320 16.
293 5266 454 5323 Bomitae
473 5269 612 5323 inIoann.
709 5334 713 5342 1
1214 5268 1269 5320 imo
1286 5267 1373 5320 tertre.
1420 5300 1427 5306 —
