<?xml version="1.0" encoding="UTF-8"?>
<!DOCTYPE html PUBLIC "-//W3C//DTD XHTML 1.0 Transitional//EN"
    "http://www.w3.org/TR/xhtml1/DTD/xhtml1-transitional.dtd">
<html xmlns="http://www.w3.org/1999/xhtml" xml:lang="en" lang="en">
 <head>
  <title>
</title>
<meta http-equiv="Content-Type" content="text/html;charset=utf-8" />
  <meta name='ocr-system' content='tesseract 3.04.00' />
  <meta name='ocr-capabilities' content='ocr_page ocr_carea ocr_par ocr_line ocrx_word'/>
</head>
<body>
  <div class='ocr_page' id='page_1' title='image "./ioanniscalvinio05calvgoog_0570.png"; bbox 0 0 4770 6030; ppageno 0'>
   <div class='ocr_carea' id='block_1_1' title="bbox 191 386 2189 476">
    <p class='ocr_par' dir='ltr' id='par_1_1' title="bbox 191 386 2189 476">
     <span class='ocr_line' id='line_1_1' title="bbox 191 386 2189 476; baseline -0.001 -18"><span class='ocrx_word' id='word_1_1' title='bbox 191 397 272 459; x_wconf 83' lang='lat'>1001</span> <span class='ocrx_word' id='word_1_2' title='bbox 745 391 844 456; x_wconf 78' lang='lat' dir='ltr'><strong>oar.</strong></span> <span class='ocrx_word' id='word_1_3' title='bbox 867 390 999 456; x_wconf 76' lang='lat' dir='ltr'><strong>xum.</strong></span> <span class='ocrx_word' id='word_1_4' title='bbox 1024 389 1136 476; x_wconf 79' lang='lat' dir='ltr'><strong>(xri.)</strong></span> <span class='ocrx_word' id='word_1_5' title='bbox 1178 389 1243 456; x_wconf 82' lang='lat' dir='ltr'><strong>on</strong></span> <span class='ocrx_word' id='word_1_6' title='bbox 1266 387 1423 454; x_wconf 79' lang='lat' dir='ltr'><strong>oonuu</strong></span> <span class='ocrx_word' id='word_1_7' title='bbox 1443 386 1625 453; x_wconf 79' lang='lat' dir='ltr'><strong>nomm.</strong></span> <span class='ocrx_word' id='word_1_8' title='bbox 2107 395 2189 456; x_wconf 79' lang='lat'>1002</span> 
     </span>
    </p>
   </div>
   <div class='ocr_carea' id='block_1_2' title="bbox 174 489 2249 5030">
    <p class='ocr_par' dir='ltr' id='par_1_2' title="bbox 174 489 2249 5030">
     <span class='ocr_line' id='line_1_2' title="bbox 187 505 551 575; baseline -0.011 -14"><span class='ocrx_word' id='word_1_9' title='bbox 187 505 431 575; x_wconf 78' lang='lat' dir='ltr'><strong>A333;13435;</strong></span> <span class='ocrx_word' id='word_1_10' title='bbox 448 505 551 558; x_wconf 75' lang='grc'>0484.</span> 
     </span>
     <span class='ocr_line' id='line_1_3' title="bbox 189 489 2194 662; baseline -0.001 -16"><span class='ocrx_word' id='word_1_11' title='bbox 189 584 290 647; x_wconf 89' lang='lat' dir='ltr'><strong>etiam</strong></span> <span class='ocrx_word' id='word_1_12' title='bbox 311 588 382 644; x_wconf 91' lang='lat' dir='ltr'><strong>tum</strong></span> <span class='ocrx_word' id='word_1_13' title='bbox 399 489 566 645; x_wconf 55' lang='lat' dir='ltr'><strong>creatura}</strong></span> <span class='ocrx_word' id='word_1_14' title='bbox 583 599 695 643; x_wconf 88' lang='lat' dir='ltr'><strong>omnes</strong></span> <span class='ocrx_word' id='word_1_15' title='bbox 711 578 913 658; x_wconf 89' lang='lat' dir='ltr'><strong>influentem,</strong></span> <span class='ocrx_word' id='word_1_16' title='bbox 936 582 1005 643; x_wconf 80' lang='lat' dir='ltr'><strong>vim</strong></span> <span class='ocrx_word' id='word_1_17' title='bbox 1017 578 1165 662; x_wconf 89' lang='lat' dir='ltr'><strong>spirandi</strong></span> <span class='ocrx_word' id='word_1_18' title='bbox 1215 598 1298 660; x_wconf 88' lang='lat' dir='ltr'><strong>quae</strong></span> <span class='ocrx_word' id='word_1_19' title='bbox 1326 577 1430 642; x_wconf 84' lang='lat' dir='ltr'><strong>vitam</strong></span> <span class='ocrx_word' id='word_1_20' title='bbox 1456 597 1476 640; x_wconf 90' lang='lat' dir='ltr'><strong>a</strong></span> <span class='ocrx_word' id='word_1_21' title='bbox 1504 575 1674 642; x_wconf 88' lang='lat' dir='ltr'><strong>divinitate</strong></span> <span class='ocrx_word' id='word_1_22' title='bbox 1702 579 1737 641; x_wconf 92' lang='lat' dir='ltr'><strong>in</strong></span> <span class='ocrx_word' id='word_1_23' title='bbox 1765 578 1933 661; x_wconf 85' lang='lat' dir='ltr'><strong>seipsam</strong></span> <span class='ocrx_word' id='word_1_24' title='bbox 1961 582 2194 643; x_wconf 86' lang='lat' dir='ltr'><strong>scaturientem</strong></span> 
     </span>
     <span class='ocr_line' id='line_1_4' title="bbox 188 661 2193 747; baseline -0.001 -14"><span class='ocrx_word' id='word_1_25' title='bbox 188 688 229 733; x_wconf 88' lang='lat' dir='ltr'><strong>ac</strong></span> <span class='ocrx_word' id='word_1_26' title='bbox 252 664 385 732; x_wconf 86' lang='lat' dir='ltr'><strong>vivendi</strong></span> <span class='ocrx_word' id='word_1_27' title='bbox 409 666 456 730; x_wconf 88' lang='lat' dir='ltr'><strong>cis</strong></span> <span class='ocrx_word' id='word_1_28' title='bbox 478 664 662 730; x_wconf 86' lang='lat' dir='ltr'><strong>instillasse.</strong></span> <span class='ocrx_word' id='word_1_29' title='bbox 690 663 783 728; x_wconf 83' lang='lat' dir='ltr'><strong>Idem</strong></span> <span class='ocrx_word' id='word_1_30' title='bbox 804 672 915 729; x_wconf 89' lang='lat' dir='ltr'><strong>tamen</strong></span> <span class='ocrx_word' id='word_1_31' title='bbox 933 672 1044 747; x_wconf 83' lang='lat' dir='ltr'><strong>postea</strong></span> <span class='ocrx_word' id='word_1_32' title='bbox 1066 665 1165 730; x_wconf 89' lang='lat' dir='ltr'><strong>subii·</strong></span> <span class='ocrx_word' id='word_1_33' title='bbox 1217 662 1259 727; x_wconf 88' lang='lat' dir='ltr'><strong>ad</strong></span> <span class='ocrx_word' id='word_1_34' title='bbox 1285 683 1344 727; x_wconf 88' lang='lat' dir='ltr'><strong>nos</strong></span> <span class='ocrx_word' id='word_1_35' title='bbox 1373 661 1580 727; x_wconf 87' lang='lat' dir='ltr'><strong>transfundit</strong></span> <span class='ocrx_word' id='word_1_36' title='bbox 1625 663 1697 728; x_wconf 89' lang='lat' dir='ltr'><strong>Iam</strong></span> <span class='ocrx_word' id='word_1_37' title='bbox 1724 663 1796 747; x_wconf 89' lang='lat' dir='ltr'><strong>quis</strong></span> <span class='ocrx_word' id='word_1_38' title='bbox 1823 684 1890 728; x_wconf 91' lang='lat' dir='ltr'><strong>non</strong></span> <span class='ocrx_word' id='word_1_39' title='bbox 1912 661 2014 741; x_wconf 88' lang='lat' dir='ltr'><strong>videt,</strong></span> <span class='ocrx_word' id='word_1_40' title='bbox 2049 685 2193 730; x_wconf 92' lang='lat' dir='ltr'><strong>commu-</strong></span> 
     </span>
     <span class='ocr_line' id='line_1_5' title="bbox 190 748 2193 832; baseline -0.001 -14"><span class='ocrx_word' id='word_1_41' title='bbox 190 753 251 831; x_wconf 92' lang='lat' dir='ltr'><strong>cit,</strong></span> <span class='ocrx_word' id='word_1_42' title='bbox 274 752 516 816; x_wconf 75' lang='lat' dir='ltr'><strong>manifestatam</strong></span> <span class='ocrx_word' id='word_1_43' title='bbox 538 758 617 815; x_wconf 91' lang='lat' dir='ltr'><strong>tunc</strong></span> <span class='ocrx_word' id='word_1_44' title='bbox 640 749 772 813; x_wconf 92' lang='lat' dir='ltr'><strong>demum</strong></span> <span class='ocrx_word' id='word_1_45' title='bbox 790 749 891 815; x_wconf 80' lang='lat' dir='ltr'><strong>fiiisse</strong></span> <span class='ocrx_word' id='word_1_46' title='bbox 911 751 1030 829; x_wconf 83' lang='lat' dir='ltr'><strong>vitam,</strong></span> <span class='ocrx_word' id='word_1_47' title='bbox 1064 771 1164 832; x_wconf 91' lang='lat' dir='ltr'><strong>quum</strong></span> <span class='ocrx_word' id='word_1_48' title='bbox 1216 749 1348 812; x_wconf 88' lang='lat' dir='ltr'><strong>nionem</strong></span> <span class='ocrx_word' id='word_1_49' title='bbox 1369 749 1478 813; x_wconf 90' lang='lat' dir='ltr'><strong>carnis</strong></span> <span class='ocrx_word' id='word_1_50' title='bbox 1499 756 1534 812; x_wconf 89' lang='lat' dir='ltr'><strong>ct</strong></span> <span class='ocrx_word' id='word_1_51' title='bbox 1554 749 1724 832; x_wconf 81' lang='lat' dir='ltr'><strong>sanguinis</strong></span> <span class='ocrx_word' id='word_1_52' title='bbox 1745 748 1870 814; x_wconf 81' lang='lat' dir='ltr'><strong>Christi</strong></span> <span class='ocrx_word' id='word_1_53' title='bbox 1888 750 2105 814; x_wconf 90' lang='lat' dir='ltr'><strong>necessariam</strong></span> <span class='ocrx_word' id='word_1_54' title='bbox 2123 771 2193 816; x_wconf 89' lang='lat' dir='ltr'><strong>esse</strong></span> 
     </span>
     <span class='ocr_line' id='line_1_6' title="bbox 190 833 2192 919; baseline -0 -16"><span class='ocrx_word' id='word_1_55' title='bbox 190 844 357 919; x_wconf 90' lang='lat' dir='ltr'><strong>assumpta</strong></span> <span class='ocrx_word' id='word_1_56' title='bbox 376 842 489 902; x_wconf 90' lang='lat' dir='ltr'><strong>nostra</strong></span> <span class='ocrx_word' id='word_1_57' title='bbox 505 857 603 901; x_wconf 90' lang='lat' dir='ltr'><strong>carne</strong></span> <span class='ocrx_word' id='word_1_58' title='bbox 625 835 712 900; x_wconf 88' lang='lat' dir='ltr'><strong>filius</strong></span> <span class='ocrx_word' id='word_1_59' title='bbox 729 835 794 900; x_wconf 90' lang='lat' dir='ltr'><strong>Dei</strong></span> <span class='ocrx_word' id='word_1_60' title='bbox 818 857 853 899; x_wconf 86' lang='lat' dir='ltr'><strong>se</strong></span> <span class='ocrx_word' id='word_1_61' title='bbox 875 835 1048 902; x_wconf 81' lang='lat' dir='ltr'><strong>visendum</strong></span> <span class='ocrx_word' id='word_1_62' title='bbox 1064 835 1165 901; x_wconf 88' lang='lat' dir='ltr'><strong>oculis</strong></span> <span class='ocrx_word' id='word_1_63' title='bbox 1217 833 1367 899; x_wconf 89' lang='lat' dir='ltr'><strong>omnibus</strong></span> <span class='ocrx_word' id='word_1_64' title='bbox 1398 835 1454 916; x_wconf 91' lang='lat' dir='ltr'><strong>qui</strong></span> <span class='ocrx_word' id='word_1_65' title='bbox 1493 833 1535 898; x_wconf 88' lang='lat' dir='ltr'><strong>ad</strong></span> <span class='ocrx_word' id='word_1_66' title='bbox 1568 834 1739 900; x_wconf 85' lang='lat' dir='ltr'><strong>coelestem</strong></span> <span class='ocrx_word' id='word_1_67' title='bbox 1775 836 1879 900; x_wconf 80' lang='lat' dir='ltr'><strong>vitam</strong></span> <span class='ocrx_word' id='word_1_68' title='bbox 1913 834 2077 916; x_wconf 79' lang='lat' dir='ltr'><strong>aspirent?</strong></span> <span class='ocrx_word' id='word_1_69' title='bbox 2116 835 2192 902; x_wconf 91' lang='lat' dir='ltr'><strong>Huc</strong></span> 
     </span>
     <span class='ocr_line' id='line_1_7' title="bbox 190 917 2192 1005; baseline 0 -19"><span class='ocrx_word' id='word_1_70' title='bbox 190 924 405 1005; x_wconf 90' lang='lat' dir='ltr'><strong>manibusque</strong></span> <span class='ocrx_word' id='word_1_71' title='bbox 420 921 621 1005; x_wconf 89' lang='lat' dir='ltr'><strong>palpandum</strong></span> <span class='ocrx_word' id='word_1_72' title='bbox 638 917 794 1003; x_wconf 80' lang='lat' dir='ltr'><strong>praebuit.</strong></span> <span class='ocrx_word' id='word_1_73' title='bbox 827 919 914 985; x_wconf 90' lang='lat' dir='ltr'><strong>Nam</strong></span> <span class='ocrx_word' id='word_1_74' title='bbox 933 923 993 986; x_wconf 89' lang='lat' dir='ltr'><strong>etsi</strong></span> <span class='ocrx_word' id='word_1_75' title='bbox 1011 922 1165 986; x_wconf 86' lang='lat' dir='ltr'><strong>virtutem</strong></span> <span class='ocrx_word' id='word_1_76' title='bbox 1217 925 1365 1002; x_wconf 88' lang='lat' dir='ltr'><strong>spectant</strong></span> <span class='ocrx_word' id='word_1_77' title='bbox 1391 919 1467 984; x_wconf 89' lang='lat' dir='ltr'><strong>illae</strong></span> <span class='ocrx_word' id='word_1_78' title='bbox 1495 919 1630 1001; x_wconf 91' lang='lat' dir='ltr'><strong>apostoli</strong></span> <span class='ocrx_word' id='word_1_79' title='bbox 1656 921 1848 985; x_wconf 90' lang='lat' dir='ltr'><strong>sententiae:</strong></span> <span class='ocrx_word' id='word_1_80' title='bbox 1881 920 2049 985; x_wconf 90' lang='lat' dir='ltr'><strong>ecclesiam</strong></span> <span class='ocrx_word' id='word_1_81' title='bbox 2077 942 2192 1004; x_wconf 85' lang='lat' dir='ltr'><strong>corpus</strong></span> 
     </span>
     <span class='ocr_line' id='line_1_8' title="bbox 190 1003 2192 1092; baseline -0.001 -19"><span class='ocrx_word' id='word_1_82' title='bbox 190 1010 282 1092; x_wconf 90' lang='lat' dir='ltr'><strong>prius</strong></span> <span class='ocrx_word' id='word_1_83' title='bbox 302 1029 427 1090; x_wconf 90' lang='lat' dir='ltr'><strong>quoque</strong></span> <span class='ocrx_word' id='word_1_84' title='bbox 445 1029 539 1073; x_wconf 89' lang='lat' dir='ltr'><strong>suam</strong></span> <span class='ocrx_word' id='word_1_85' title='bbox 555 1008 590 1071; x_wconf 92' lang='lat' dir='ltr'><strong>in</strong></span> <span class='ocrx_word' id='word_1_86' title='bbox 608 1015 773 1072; x_wconf 89' lang='lat' dir='ltr'><strong>creaturas</strong></span> <span class='ocrx_word' id='word_1_87' title='bbox 791 1005 1001 1086; x_wconf 86' lang='lat' dir='ltr'><strong>diffundebat,</strong></span> <span class='ocrx_word' id='word_1_88' title='bbox 1023 1008 1099 1089; x_wconf 88' lang='lat' dir='ltr'><strong>quia</strong></span> <span class='ocrx_word' id='word_1_89' title='bbox 1115 1014 1165 1071; x_wconf 89' lang='lat' dir='ltr'><strong>ta·</strong></span> <span class='ocrx_word' id='word_1_90' title='bbox 1218 1026 1288 1070; x_wconf 83' lang='lat' dir='ltr'><strong>esse</strong></span> <span class='ocrx_word' id='word_1_91' title='bbox 1299 1003 1424 1069; x_wconf 90' lang='lat' dir='ltr'><strong>Christi</strong></span> <span class='ocrx_word' id='word_1_92' title='bbox 1446 1012 1480 1069; x_wconf 93' lang='lat' dir='ltr'><strong>et</strong></span> <span class='ocrx_word' id='word_1_93' title='bbox 1496 1005 1564 1068; x_wconf 89' lang='lat' dir='ltr'><strong>eius</strong></span> <span class='ocrx_word' id='word_1_94' title='bbox 1582 1006 1856 1088; x_wconf 80' lang='lat' dir='ltr'><strong>complementum</strong></span> <span class='ocrx_word' id='word_1_95' title='bbox 1880 1005 1979 1088; x_wconf 79' lang='lat' dir='ltr'><strong>(Eph.</strong></span> <span class='ocrx_word' id='word_1_96' title='bbox 2002 1011 2028 1085; x_wconf 91' lang='lat' dir='ltr'><strong>l,</strong></span> <span class='ocrx_word' id='word_1_97' title='bbox 2049 1007 2121 1089; x_wconf 84' lang='lat'>23);</span> <span class='ocrx_word' id='word_1_98' title='bbox 2142 1007 2192 1089; x_wconf 92' lang='lat' dir='ltr'><strong>ip-</strong></span> 
     </span>
     <span class='ocr_line' id='line_1_9' title="bbox 174 1091 2192 1176; baseline -0.001 -18"><span class='ocrx_word' id='word_1_99' title='bbox 174 1113 268 1158; x_wconf 91' lang='lat' dir='ltr'><strong>·men</strong></span> <span class='ocrx_word' id='word_1_100' title='bbox 289 1094 396 1173; x_wconf 90' lang='lat' dir='ltr'><strong>homo,</strong></span> <span class='ocrx_word' id='word_1_101' title='bbox 419 1114 477 1175; x_wconf 91' lang='lat' dir='ltr'><strong>per</strong></span> <span class='ocrx_word' id='word_1_102' title='bbox 498 1098 667 1175; x_wconf 89' lang='lat' dir='ltr'><strong>peccatum</strong></span> <span class='ocrx_word' id='word_1_103' title='bbox 688 1113 709 1156; x_wconf 93' lang='lat' dir='ltr'><strong>a</strong></span> <span class='ocrx_word' id='word_1_104' title='bbox 728 1092 801 1156; x_wconf 94' lang='lat' dir='ltr'><strong>Deo</strong></span> <span class='ocrx_word' id='word_1_105' title='bbox 823 1091 991 1169; x_wconf 88' lang='lat' dir='ltr'><strong>alienatus,</strong></span> <span class='ocrx_word' id='word_1_106' title='bbox 1022 1113 1166 1156; x_wconf 92' lang='lat' dir='ltr'><strong>commu·</strong></span> <span class='ocrx_word' id='word_1_107' title='bbox 1218 1112 1292 1155; x_wconf 91' lang='lat' dir='ltr'><strong>sum</strong></span> <span class='ocrx_word' id='word_1_108' title='bbox 1320 1111 1398 1154; x_wconf 89' lang='lat' dir='ltr'><strong>vero</strong></span> <span class='ocrx_word' id='word_1_109' title='bbox 1425 1111 1495 1155; x_wconf 88' lang='lat' dir='ltr'><strong>esse</strong></span> <span class='ocrx_word' id='word_1_110' title='bbox 1524 1097 1635 1173; x_wconf 89' lang='lat' dir='ltr'><strong>caput,</strong></span> <span class='ocrx_word' id='word_1_111' title='bbox 1670 1113 1711 1156; x_wconf 88' lang='lat' dir='ltr'><strong>ex</strong></span> <span class='ocrx_word' id='word_1_112' title='bbox 1740 1113 1802 1173; x_wconf 91' lang='lat' dir='ltr'><strong>quo</strong></span> <span class='ocrx_word' id='word_1_113' title='bbox 1832 1098 1937 1156; x_wconf 90' lang='lat' dir='ltr'><strong>totum</strong></span> <span class='ocrx_word' id='word_1_114' title='bbox 1959 1113 2075 1174; x_wconf 87' lang='lat' dir='ltr'><strong>corpus</strong></span> <span class='ocrx_word' id='word_1_115' title='bbox 2098 1113 2192 1176; x_wconf 88' lang='lat' dir='ltr'><strong>coag-</strong></span> 
     </span>
     <span class='ocr_line' id='line_1_10' title="bbox 191 1176 2192 1261; baseline -0 -17"><span class='ocrx_word' id='word_1_116' title='bbox 191 1181 352 1244; x_wconf 90' lang='lat' dir='ltr'><strong>nicatione</strong></span> <span class='ocrx_word' id='word_1_117' title='bbox 370 1181 456 1244; x_wconf 85' lang='lat' dir='ltr'><strong>vitae</strong></span> <span class='ocrx_word' id='word_1_118' title='bbox 472 1178 600 1261; x_wconf 91' lang='lat' dir='ltr'><strong>perdita</strong></span> <span class='ocrx_word' id='word_1_119' title='bbox 617 1184 756 1242; x_wconf 92' lang='lat' dir='ltr'><strong>mortem</strong></span> <span class='ocrx_word' id='word_1_120' title='bbox 770 1176 913 1260; x_wconf 87' lang='lat' dir='ltr'><strong>undiquc</strong></span> <span class='ocrx_word' id='word_1_121' title='bbox 931 1179 1083 1243; x_wconf 86' lang='lat' dir='ltr'><strong>cernebat</strong></span> <span class='ocrx_word' id='word_1_122' title='bbox 1105 1178 1167 1243; x_wconf 89' lang='lat' dir='ltr'><strong>sibi</strong></span> <span class='ocrx_word' id='word_1_123' title='bbox 1218 1181 1400 1240; x_wconf 91' lang='lat' dir='ltr'><strong>mentatum</strong></span> <span class='ocrx_word' id='word_1_124' title='bbox 1423 1184 1456 1239; x_wconf 88' lang='lat' dir='ltr'><strong>et</strong></span> <span class='ocrx_word' id='word_1_125' title='bbox 1467 1182 1671 1257; x_wconf 83' lang='lat' dir='ltr'><strong>compactum</strong></span> <span class='ocrx_word' id='word_1_126' title='bbox 1688 1199 1747 1259; x_wconf 91' lang='lat' dir='ltr'><strong>per</strong></span> <span class='ocrx_word' id='word_1_127' title='bbox 1764 1177 1993 1242; x_wconf 89' lang='lat' dir='ltr'><strong>commissuras</strong></span> <span class='ocrx_word' id='word_1_128' title='bbox 2010 1178 2192 1244; x_wconf 89' lang='lat' dir='ltr'><strong>incremen-</strong></span> 
     </span>
     <span class='ocr_line' id='line_1_11' title="bbox 191 1261 2192 1347; baseline -0 -18"><span class='ocrx_word' id='word_1_129' title='bbox 191 1265 426 1343; x_wconf 88' lang='lat' dir='ltr'><strong>imminentem,</strong></span> <span class='ocrx_word' id='word_1_130' title='bbox 449 1270 486 1327; x_wconf 91' lang='lat' dir='ltr'><strong>nt</strong></span> <span class='ocrx_word' id='word_1_131' title='bbox 496 1285 588 1346; x_wconf 89' lang='lat' dir='ltr'><strong>spem</strong></span> <span class='ocrx_word' id='word_1_132' title='bbox 597 1262 851 1328; x_wconf 86' lang='lat' dir='ltr'><strong>immortalitatis</strong></span> <span class='ocrx_word' id='word_1_133' title='bbox 861 1263 1028 1345; x_wconf 87' lang='lat' dir='ltr'><strong>reciperet,</strong></span> <span class='ocrx_word' id='word_1_134' title='bbox 1050 1264 1166 1329; x_wconf 90' lang='lat' dir='ltr'><strong>ineius</strong></span> <span class='ocrx_word' id='word_1_135' title='bbox 1218 1267 1290 1324; x_wconf 92' lang='lat' dir='ltr'><strong>tum</strong></span> <span class='ocrx_word' id='word_1_136' title='bbox 1311 1262 1454 1343; x_wconf 90' lang='lat' dir='ltr'><strong>corporis</strong></span> <span class='ocrx_word' id='word_1_137' title='bbox 1475 1262 1554 1328; x_wconf 90' lang='lat' dir='ltr'><strong>facit</strong></span> <span class='ocrx_word' id='word_1_138' title='bbox 1574 1261 1630 1346; x_wconf 88' lang='lat' dir='ltr'><strong>(ib.</strong></span> <span class='ocrx_word' id='word_1_139' title='bbox 1650 1267 1679 1341; x_wconf 87' lang='grc'><strong>4,</strong></span> <span class='ocrx_word' id='word_1_140' title='bbox 1703 1262 1771 1347; x_wconf 82' lang='lat'>15);</span> <span class='ocrx_word' id='word_1_141' title='bbox 1795 1283 1929 1347; x_wconf 87' lang='lat' dir='ltr'><strong>corpora</strong></span> <span class='ocrx_word' id='word_1_142' title='bbox 1949 1269 2061 1328; x_wconf 90' lang='lat' dir='ltr'><strong>nostra</strong></span> <span class='ocrx_word' id='word_1_143' title='bbox 2089 1284 2192 1330; x_wconf 91' lang='lat' dir='ltr'><strong>mem-</strong></span> 
     </span>
     <span class='ocr_line' id='line_1_12' title="bbox 192 1345 2193 1434; baseline -0.001 -18"><span class='ocrx_word' id='word_1_144' title='bbox 192 1351 283 1416; x_wconf 87' lang='lat' dir='ltr'><strong>verbi</strong></span> <span class='ocrx_word' id='word_1_145' title='bbox 317 1350 578 1415; x_wconf 87' lang='lat' dir='ltr'><strong>communionem</strong></span> <span class='ocrx_word' id='word_1_146' title='bbox 606 1349 706 1430; x_wconf 91' lang='lat' dir='ltr'><strong>recipi</strong></span> <span class='ocrx_word' id='word_1_147' title='bbox 738 1350 913 1430; x_wconf 81' lang='lat' dir='ltr'><strong>oportebat.</strong></span> <span class='ocrx_word' id='word_1_148' title='bbox 963 1347 1165 1427; x_wconf 76' lang='lat' dir='ltr'><strong>Quantulum</strong></span> <span class='ocrx_word' id='word_1_149' title='bbox 1218 1347 1278 1412; x_wconf 89' lang='lat' dir='ltr'><strong>bra</strong></span> <span class='ocrx_word' id='word_1_150' title='bbox 1306 1367 1376 1412; x_wconf 90' lang='lat' dir='ltr'><strong>esse</strong></span> <span class='ocrx_word' id='word_1_151' title='bbox 1403 1345 1527 1411; x_wconf 77' lang='lat' dir='ltr'><strong>Christi</strong></span> <span class='ocrx_word' id='word_1_152' title='bbox 1553 1345 1585 1428; x_wconf 91' lang='lat' dir='ltr'><strong>(l</strong></span> <span class='ocrx_word' id='word_1_153' title='bbox 1607 1347 1681 1413; x_wconf 92' lang='lat' dir='ltr'><strong>Cor.</strong></span> <span class='ocrx_word' id='word_1_154' title='bbox 1702 1352 1730 1428; x_wconf 89' lang='lat'><strong>6,</strong></span> <span class='ocrx_word' id='word_1_155' title='bbox 1752 1348 1814 1434; x_wconf 83' lang='grc'>15).</span> <span class='ocrx_word' id='word_1_156' title='bbox 1859 1347 1953 1429; x_wconf 78' lang='lat' dir='ltr'><strong>Quae</strong></span> <span class='ocrx_word' id='word_1_157' title='bbox 1985 1351 2095 1414; x_wconf 91' lang='lat' dir='ltr'><strong>omnia</strong></span> <span class='ocrx_word' id='word_1_158' title='bbox 2127 1371 2193 1414; x_wconf 91' lang='lat' dir='ltr'><strong>non</strong></span> 
     </span>
     <span class='ocr_line' id='line_1_13' title="bbox 192 1432 2194 1518; baseline -0.001 -17"><span class='ocrx_word' id='word_1_159' title='bbox 192 1437 281 1501; x_wconf 88' lang='lat' dir='ltr'><strong>enim</strong></span> <span class='ocrx_word' id='word_1_160' title='bbox 302 1435 457 1501; x_wconf 88' lang='lat' dir='ltr'><strong>fiduciam</strong></span> <span class='ocrx_word' id='word_1_161' title='bbox 467 1434 543 1498; x_wconf 94' lang='lat' dir='ltr'><strong>inde</strong></span> <span class='ocrx_word' id='word_1_162' title='bbox 561 1435 731 1516; x_wconf 75' lang='lat' dir='ltr'><strong>concipias,</strong></span> <span class='ocrx_word' id='word_1_163' title='bbox 753 1433 1164 1516; x_wconf 81' lang='lat' dir='ltr'><strong>siDciquidemverbum,</strong></span> <span class='ocrx_word' id='word_1_164' title='bbox 1218 1452 1312 1515; x_wconf 89' lang='lat' dir='ltr'><strong>posse</strong></span> <span class='ocrx_word' id='word_1_165' title='bbox 1334 1432 1428 1496; x_wconf 88' lang='lat' dir='ltr'><strong>aliter</strong></span> <span class='ocrx_word' id='word_1_166' title='bbox 1449 1432 1534 1497; x_wconf 89' lang='lat' dir='ltr'><strong>effici</strong></span> <span class='ocrx_word' id='word_1_167' title='bbox 1555 1433 1776 1518; x_wconf 83' lang='lat' dir='ltr'><strong>intelligimus,</strong></span> <span class='ocrx_word' id='word_1_168' title='bbox 1807 1436 1886 1517; x_wconf 94' lang='lat' dir='ltr'><strong>quin</strong></span> <span class='ocrx_word' id='word_1_169' title='bbox 1908 1440 1995 1500; x_wconf 91' lang='lat' dir='ltr'><strong>totus</strong></span> <span class='ocrx_word' id='word_1_170' title='bbox 2022 1436 2139 1517; x_wconf 91' lang='lat' dir='ltr'><strong>spiritu</strong></span> <span class='ocrx_word' id='word_1_171' title='bbox 2161 1442 2194 1500; x_wconf 90' lang='lat' dir='ltr'><strong>et</strong></span> 
     </span>
     <span class='ocr_line' id='line_1_14' title="bbox 192 1517 2192 1602; baseline 0 -17"><span class='ocrx_word' id='word_1_172' title='bbox 192 1540 286 1602; x_wconf 87' lang='lat' dir='ltr'><strong>aquo</strong></span> <span class='ocrx_word' id='word_1_173' title='bbox 298 1520 533 1584; x_wconf 84' lang='lat' dir='ltr'><strong>remotissimus</strong></span> <span class='ocrx_word' id='word_1_174' title='bbox 554 1520 607 1599; x_wconf 89' lang='lat' dir='ltr'><strong>sis,</strong></span> <span class='ocrx_word' id='word_1_175' title='bbox 630 1520 718 1584; x_wconf 81' lang='lat' dir='ltr'><strong>vitae</strong></span> <span class='ocrx_word' id='word_1_176' title='bbox 727 1518 965 1601; x_wconf 89' lang='lat' dir='ltr'><strong>plenitudinem</strong></span> <span class='ocrx_word' id='word_1_177' title='bbox 986 1521 1072 1585; x_wconf 89' lang='lat' dir='ltr'><strong>inse</strong></span> <span class='ocrx_word' id='word_1_178' title='bbox 1089 1541 1166 1586; x_wconf 88' lang='lat' dir='ltr'><strong>oon·</strong></span> <span class='ocrx_word' id='word_1_179' title='bbox 1217 1538 1350 1600; x_wconf 90' lang='lat' dir='ltr'><strong>corpore</strong></span> <span class='ocrx_word' id='word_1_180' title='bbox 1370 1517 1465 1582; x_wconf 90' lang='lat' dir='ltr'><strong>nobis</strong></span> <span class='ocrx_word' id='word_1_181' title='bbox 1483 1517 1666 1583; x_wconf 86' lang='lat' dir='ltr'><strong>adhaereat.</strong></span> <span class='ocrx_word' id='word_1_182' title='bbox 1712 1517 1779 1585; x_wconf 80' lang='lat' dir='ltr'><strong>Sed</strong></span> <span class='ocrx_word' id='word_1_183' title='bbox 1800 1521 2016 1586; x_wconf 85' lang='lat' dir='ltr'><strong>arctissimam</strong></span> <span class='ocrx_word' id='word_1_184' title='bbox 2033 1520 2123 1585; x_wconf 89' lang='lat' dir='ltr'><strong>illam</strong></span> <span class='ocrx_word' id='word_1_185' title='bbox 2141 1542 2192 1586; x_wconf 90' lang='lat' dir='ltr'><strong>so·</strong></span> 
     </span>
     <span class='ocr_line' id='line_1_15' title="bbox 191 1604 2192 1688; baseline 0 -18"><span class='ocrx_word' id='word_1_186' title='bbox 191 1609 296 1670; x_wconf 88' lang='lat' dir='ltr'><strong>tinere</strong></span> <span class='ocrx_word' id='word_1_187' title='bbox 319 1604 440 1683; x_wconf 88' lang='lat' dir='ltr'><strong>audias,</strong></span> <span class='ocrx_word' id='word_1_188' title='bbox 463 1607 499 1669; x_wconf 95' lang='lat' dir='ltr'><strong>in</strong></span> <span class='ocrx_word' id='word_1_189' title='bbox 521 1611 553 1669; x_wconf 86' lang='lat' dir='ltr'><strong>te</strong></span> <span class='ocrx_word' id='word_1_190' title='bbox 576 1611 685 1669; x_wconf 90' lang='lat' dir='ltr'><strong>autem</strong></span> <span class='ocrx_word' id='word_1_191' title='bbox 702 1606 773 1687; x_wconf 93' lang='lat' dir='ltr'><strong>ipso</strong></span> <span class='ocrx_word' id='word_1_192' title='bbox 791 1626 829 1669; x_wconf 92' lang='lat' dir='ltr'><strong>ac</strong></span> <span class='ocrx_word' id='word_1_193' title='bbox 847 1605 1097 1688; x_wconf 84' lang='lat' dir='ltr'><strong>circumquaque</strong></span> <span class='ocrx_word' id='word_1_194' title='bbox 1115 1607 1165 1671; x_wconf 92' lang='lat' dir='ltr'><strong>ni·</strong></span> <span class='ocrx_word' id='word_1_195' title='bbox 1217 1604 1367 1669; x_wconf 82' lang='lat' dir='ltr'><strong>cictatem</strong></span> <span class='ocrx_word' id='word_1_196' title='bbox 1389 1624 1453 1685; x_wconf 92' lang='lat' dir='ltr'><strong>qua</strong></span> <span class='ocrx_word' id='word_1_197' title='bbox 1473 1604 1542 1668; x_wconf 90' lang='lat' dir='ltr'><strong>eius</strong></span> <span class='ocrx_word' id='word_1_198' title='bbox 1564 1605 1654 1669; x_wconf 91' lang='lat' dir='ltr'><strong>carni</strong></span> <span class='ocrx_word' id='word_1_199' title='bbox 1675 1606 1873 1687; x_wconf 87' lang='lat' dir='ltr'><strong>copulamur,</strong></span> <span class='ocrx_word' id='word_1_200' title='bbox 1896 1606 2112 1688; x_wconf 89' lang='lat' dir='ltr'><strong>splendidiore</strong></span> <span class='ocrx_word' id='word_1_201' title='bbox 2135 1606 2192 1671; x_wconf 89' lang='lat' dir='ltr'><strong>ad·</strong></span> 
     </span>
     <span class='ocr_line' id='line_1_16' title="bbox 191 1688 2192 1776; baseline 0 -20"><span class='ocrx_word' id='word_1_202' title='bbox 191 1692 239 1756; x_wconf 94' lang='lat' dir='ltr'><strong>hil</strong></span> <span class='ocrx_word' id='word_1_203' title='bbox 261 1692 325 1756; x_wconf 91' lang='lat' dir='ltr'><strong>nisi</strong></span> <span class='ocrx_word' id='word_1_204' title='bbox 345 1698 484 1755; x_wconf 86' lang='lat' dir='ltr'><strong>mortem</strong></span> <span class='ocrx_word' id='word_1_205' title='bbox 504 1689 751 1774; x_wconf 82' lang='lat' dir='ltr'><strong>contempleris?</strong></span> <span class='ocrx_word' id='word_1_206' title='bbox 774 1690 821 1754; x_wconf 85' lang='lat' dir='ltr'><strong>At</strong></span> <span class='ocrx_word' id='word_1_207' title='bbox 845 1712 922 1755; x_wconf 87' lang='lat' dir='ltr'><strong>vero</strong></span> <span class='ocrx_word' id='word_1_208' title='bbox 943 1690 1000 1755; x_wconf 93' lang='lat' dir='ltr'><strong>ubi</strong></span> <span class='ocrx_word' id='word_1_209' title='bbox 1016 1691 1088 1757; x_wconf 89' lang='lat' dir='ltr'><strong>fons</strong></span> <span class='ocrx_word' id='word_1_210' title='bbox 1110 1691 1166 1756; x_wconf 93' lang='lat' dir='ltr'><strong>ille</strong></span> <span class='ocrx_word' id='word_1_211' title='bbox 1217 1689 1282 1754; x_wconf 91' lang='lat' dir='ltr'><strong>huo</strong></span> <span class='ocrx_word' id='word_1_212' title='bbox 1304 1688 1409 1774; x_wconf 91' lang='lat' dir='ltr'><strong>elogio</strong></span> <span class='ocrx_word' id='word_1_213' title='bbox 1430 1688 1617 1767; x_wconf 88' lang='lat' dir='ltr'><strong>illustravit,</strong></span> <span class='ocrx_word' id='word_1_214' title='bbox 1640 1710 1741 1772; x_wconf 91' lang='lat' dir='ltr'><strong>quum</strong></span> <span class='ocrx_word' id='word_1_215' title='bbox 1763 1690 1846 1756; x_wconf 82' lang='lat' dir='ltr'><strong>dixit</strong></span> <span class='ocrx_word' id='word_1_216' title='bbox 1867 1691 1968 1776; x_wconf 88' lang='lat' dir='ltr'><strong>(Eph.</strong></span> <span class='ocrx_word' id='word_1_217' title='bbox 1989 1697 2017 1771; x_wconf 86' lang='lat'><strong>5,</strong></span> <span class='ocrx_word' id='word_1_218' title='bbox 2038 1691 2103 1776; x_wconf 89' lang='lat'><strong>30),</strong></span> <span class='ocrx_word' id='word_1_219' title='bbox 2133 1715 2192 1758; x_wconf 87' lang='lat' dir='ltr'><strong>nos</strong></span> 
     </span>
     <span class='ocr_line' id='line_1_17' title="bbox 190 1774 2193 1859; baseline 0 -17"><span class='ocrx_word' id='word_1_220' title='bbox 190 1778 277 1842; x_wconf 81' lang='lat' dir='ltr'><strong>vitae</strong></span> <span class='ocrx_word' id='word_1_221' title='bbox 299 1777 448 1841; x_wconf 88' lang='lat' dir='ltr'><strong>habitare</strong></span> <span class='ocrx_word' id='word_1_222' title='bbox 470 1777 504 1839; x_wconf 91' lang='lat' dir='ltr'><strong>in</strong></span> <span class='ocrx_word' id='word_1_223' title='bbox 526 1797 624 1841; x_wconf 89' lang='lat' dir='ltr'><strong>carne</strong></span> <span class='ocrx_word' id='word_1_224' title='bbox 646 1784 758 1840; x_wconf 87' lang='lat' dir='ltr'><strong>nostra</strong></span> <span class='ocrx_word' id='word_1_225' title='bbox 779 1778 893 1858; x_wconf 91' lang='lat' dir='ltr'><strong>coepit,</strong></span> <span class='ocrx_word' id='word_1_226' title='bbox 916 1777 984 1841; x_wconf 89' lang='lat' dir='ltr'><strong>iam</strong></span> <span class='ocrx_word' id='word_1_227' title='bbox 1002 1798 1069 1842; x_wconf 91' lang='lat' dir='ltr'><strong>non</strong></span> <span class='ocrx_word' id='word_1_228' title='bbox 1091 1798 1165 1859; x_wconf 88' lang='lat' dir='ltr'><strong>pro·</strong></span> <span class='ocrx_word' id='word_1_229' title='bbox 1218 1795 1288 1839; x_wconf 90' lang='lat' dir='ltr'><strong>esse</strong></span> <span class='ocrx_word' id='word_1_230' title='bbox 1315 1775 1463 1840; x_wconf 88' lang='lat' dir='ltr'><strong>membra</strong></span> <span class='ocrx_word' id='word_1_231' title='bbox 1490 1774 1635 1858; x_wconf 86' lang='lat' dir='ltr'><strong>corporis</strong></span> <span class='ocrx_word' id='word_1_232' title='bbox 1662 1777 1748 1856; x_wconf 91' lang='lat' dir='ltr'><strong>eius,</strong></span> <span class='ocrx_word' id='word_1_233' title='bbox 1780 1798 1823 1841; x_wconf 89' lang='lat' dir='ltr'><strong>ex</strong></span> <span class='ocrx_word' id='word_1_234' title='bbox 1851 1778 1976 1843; x_wconf 88' lang='lat' dir='ltr'><strong>ossibus</strong></span> <span class='ocrx_word' id='word_1_235' title='bbox 2004 1778 2074 1843; x_wconf 89' lang='lat' dir='ltr'><strong>eius</strong></span> <span class='ocrx_word' id='word_1_236' title='bbox 2096 1787 2193 1843; x_wconf 87' lang='lat' dir='ltr'><strong>etex</strong></span> 
     </span>
     <span class='ocr_line' id='line_1_18' title="bbox 191 1860 2192 1946; baseline 0 -18"><span class='ocrx_word' id='word_1_237' title='bbox 191 1863 244 1928; x_wconf 90' lang='lat' dir='ltr'><strong>cul</strong></span> <span class='ocrx_word' id='word_1_238' title='bbox 264 1863 357 1927; x_wconf 92' lang='lat' dir='ltr'><strong>nobis</strong></span> <span class='ocrx_word' id='word_1_239' title='bbox 379 1861 587 1928; x_wconf 85' lang='lat' dir='ltr'><strong>absconditus</strong></span> <span class='ocrx_word' id='word_1_240' title='bbox 603 1860 692 1940; x_wconf 87' lang='lat' dir='ltr'><strong>latet,</strong></span> <span class='ocrx_word' id='word_1_241' title='bbox 715 1862 773 1927; x_wconf 89' lang='lat' dir='ltr'><strong>sed</strong></span> <span class='ocrx_word' id='word_1_242' title='bbox 790 1883 898 1927; x_wconf 88' lang='lat' dir='ltr'><strong>coram</strong></span> <span class='ocrx_word' id='word_1_243' title='bbox 917 1883 951 1926; x_wconf 90' lang='lat' dir='ltr'><strong>sc</strong></span> <span class='ocrx_word' id='word_1_244' title='bbox 968 1862 1166 1946; x_wconf 80' lang='lat' dir='ltr'><strong>participan-</strong></span> <span class='ocrx_word' id='word_1_245' title='bbox 1216 1881 1314 1925; x_wconf 83' lang='lat' dir='ltr'><strong>carne</strong></span> <span class='ocrx_word' id='word_1_246' title='bbox 1336 1861 1413 1926; x_wconf 91' lang='lat' dir='ltr'><strong>eius.</strong></span> <span class='ocrx_word' id='word_1_247' title='bbox 1459 1860 1606 1925; x_wconf 71' lang='lat' dir='ltr'><strong>Tandem</strong></span> <span class='ocrx_word' id='word_1_248' title='bbox 1629 1868 1666 1925; x_wconf 90' lang='lat' dir='ltr'><strong>ut</strong></span> <span class='ocrx_word' id='word_1_249' title='bbox 1692 1883 1762 1926; x_wconf 90' lang='lat' dir='ltr'><strong>rcm</strong></span> <span class='ocrx_word' id='word_1_250' title='bbox 1783 1861 1933 1927; x_wconf 91' lang='lat' dir='ltr'><strong>omnibus</strong></span> <span class='ocrx_word' id='word_1_251' title='bbox 1959 1863 2068 1928; x_wconf 76' lang='lat' dir='ltr'><strong>tarbis</strong></span> <span class='ocrx_word' id='word_1_252' title='bbox 2090 1865 2192 1929; x_wconf 88' lang='lat' dir='ltr'><strong>maio-</strong></span> 
     </span>
     <span class='ocr_line' id='line_1_19' title="bbox 192 1945 2191 2034; baseline 0.002 -23"><span class='ocrx_word' id='word_1_253' title='bbox 192 1947 271 2012; x_wconf 94' lang='lat' dir='ltr'><strong>dum</strong></span> <span class='ocrx_word' id='word_1_254' title='bbox 293 1947 433 2013; x_wconf 84' lang='lat' dir='ltr'><strong>exhibet.</strong></span> <span class='ocrx_word' id='word_1_255' title='bbox 480 1945 569 2027; x_wconf 77' lang='lat' dir='ltr'><strong>Quin</strong></span> <span class='ocrx_word' id='word_1_256' title='bbox 591 1954 624 2011; x_wconf 87' lang='lat' dir='ltr'><strong>et</strong></span> <span class='ocrx_word' id='word_1_257' title='bbox 644 1948 763 2029; x_wconf 85' lang='lat' dir='ltr'><strong>ipsam,</strong></span> <span class='ocrx_word' id='word_1_258' title='bbox 792 1949 915 2029; x_wconf 89' lang='lat' dir='ltr'><strong>inqua</strong></span> <span class='ocrx_word' id='word_1_259' title='bbox 941 1947 1070 2026; x_wconf 78' lang='lat' dir='ltr'><strong>residet,</strong></span> <span class='ocrx_word' id='word_1_260' title='bbox 1094 1969 1164 2014; x_wconf 91' lang='lat' dir='ltr'><strong>car·</strong></span> <span class='ocrx_word' id='word_1_261' title='bbox 1217 1967 1288 2010; x_wconf 88' lang='lat' dir='ltr'><strong>rem</strong></span> <span class='ocrx_word' id='word_1_262' title='bbox 1299 1952 1485 2025; x_wconf 86' lang='lat' dir='ltr'><strong>testaretur,</strong></span> <span class='ocrx_word' id='word_1_263' title='bbox 1509 1967 1690 2011; x_wconf 91' lang='lat' dir='ltr'><strong>sermonem</strong></span> <span class='ocrx_word' id='word_1_264' title='bbox 1703 1946 1937 2012; x_wconf 82' lang='lat' dir='ltr'><strong>exclamatione</strong></span> <span class='ocrx_word' id='word_1_265' title='bbox 1954 1949 2074 2015; x_wconf 91' lang='lat' dir='ltr'><strong>finivit:</strong></span> <span class='ocrx_word' id='word_1_266' title='bbox 2098 1971 2191 2034; x_wconf 86' lang='lat' dir='ltr'><strong>mag-</strong></span> 
     </span>
     <span class='ocr_line' id='line_1_20' title="bbox 190 2031 2249 2118; baseline 0.001 -20"><span class='ocrx_word' id='word_1_267' title='bbox 190 2054 266 2098; x_wconf 93' lang='lat' dir='ltr'><strong>nem</strong></span> <span class='ocrx_word' id='word_1_268' title='bbox 284 2033 448 2098; x_wconf 78' lang='lat' dir='ltr'><strong>vivificam</strong></span> <span class='ocrx_word' id='word_1_269' title='bbox 469 2033 562 2098; x_wconf 89' lang='lat' dir='ltr'><strong>nobis</strong></span> <span class='ocrx_word' id='word_1_270' title='bbox 583 2031 699 2111; x_wconf 88' lang='lat' dir='ltr'><strong>reddit,</strong></span> <span class='ocrx_word' id='word_1_271' title='bbox 718 2041 756 2096; x_wconf 91' lang='lat' dir='ltr'><strong>ut</strong></span> <span class='ocrx_word' id='word_1_272' title='bbox 772 2033 841 2098; x_wconf 88' lang='lat' dir='ltr'><strong>eius</strong></span> <span class='ocrx_word' id='word_1_273' title='bbox 859 2034 1105 2116; x_wconf 86' lang='lat' dir='ltr'><strong>participatione</strong></span> <span class='ocrx_word' id='word_1_274' title='bbox 1123 2033 1166 2098; x_wconf 92' lang='lat' dir='ltr'><strong>ad</strong></span> <span class='ocrx_word' id='word_1_275' title='bbox 1217 2053 1313 2109; x_wconf 92' lang='lat' dir='ltr'><strong>num,</strong></span> <span class='ocrx_word' id='word_1_276' title='bbox 1346 2033 1467 2114; x_wconf 87' lang='lat' dir='ltr'><strong>inquit,</strong></span> <span class='ocrx_word' id='word_1_277' title='bbox 1500 2031 1589 2097; x_wconf 92' lang='lat' dir='ltr'><strong>istud</strong></span> <span class='ocrx_word' id='word_1_278' title='bbox 1616 2053 1781 2097; x_wconf 88' lang='lat' dir='ltr'><strong>arcanum.</strong></span> <span class='ocrx_word' id='word_1_279' title='bbox 1825 2034 2004 2098; x_wconf 83' lang='lat' dir='ltr'><strong>Extremae</strong></span> <span class='ocrx_word' id='word_1_280' title='bbox 2031 2055 2109 2118; x_wconf 90' lang='lat' dir='ltr'><strong>ergo</strong></span> <span class='ocrx_word' id='word_1_281' title='bbox 2136 2034 2191 2100; x_wconf 88' lang='lat' dir='ltr'><strong>de·</strong></span> <span class='ocrx_word' id='word_1_282' title='bbox 2214 2088 2249 2116; x_wconf 63' lang='grc'><strong>.,</strong></span> 
     </span>
     <span class='ocr_line' id='line_1_21' title="bbox 190 2117 2192 2202; baseline 0.002 -20"><span class='ocrx_word' id='word_1_283' title='bbox 190 2118 467 2182; x_wconf 86' lang='lat' dir='ltr'><strong>immortalitatem</strong></span> <span class='ocrx_word' id='word_1_284' title='bbox 488 2139 668 2201; x_wconf 89' lang='lat' dir='ltr'><strong>pascamur.</strong></span> <span class='ocrx_word' id='word_1_285' title='bbox 712 2119 785 2202; x_wconf 73' lang='lat' dir='ltr'><strong>Ego</strong></span> <span class='ocrx_word' id='word_1_286' title='bbox 807 2140 894 2196; x_wconf 89' lang='lat' dir='ltr'><strong>sum,</strong></span> <span class='ocrx_word' id='word_1_287' title='bbox 922 2120 1042 2201; x_wconf 89' lang='lat' dir='ltr'><strong>inquit,</strong></span> <span class='ocrx_word' id='word_1_288' title='bbox 1071 2121 1165 2201; x_wconf 90' lang='lat' dir='ltr'><strong>panis</strong></span> <span class='ocrx_word' id='word_1_289' title='bbox 1217 2118 1358 2181; x_wconf 89' lang='lat' dir='ltr'><strong>mentiae</strong></span> <span class='ocrx_word' id='word_1_290' title='bbox 1379 2117 1486 2197; x_wconf 88' lang='lat' dir='ltr'><strong>fuerit,</strong></span> <span class='ocrx_word' id='word_1_291' title='bbox 1509 2117 1635 2182; x_wconf 88' lang='lat' dir='ltr'><strong>nullam</strong></span> <span class='ocrx_word' id='word_1_292' title='bbox 1658 2139 1834 2202; x_wconf 80' lang='lat' dir='ltr'><strong>agnoscere</strong></span> <span class='ocrx_word' id='word_1_293' title='bbox 1855 2140 1931 2184; x_wconf 92' lang='lat' dir='ltr'><strong>cum</strong></span> <span class='ocrx_word' id='word_1_294' title='bbox 1952 2140 2049 2184; x_wconf 84' lang='lat' dir='ltr'><strong>carne</strong></span> <span class='ocrx_word' id='word_1_295' title='bbox 2067 2129 2100 2185; x_wconf 88' lang='lat' dir='ltr'><strong>et</strong></span> <span class='ocrx_word' id='word_1_296' title='bbox 2117 2141 2192 2186; x_wconf 88' lang='lat' dir='ltr'><strong>san-</strong></span> 
     </span>
     <span class='ocr_line' id='line_1_22' title="bbox 190 2202 2193 2288; baseline 0 -18"><span class='ocrx_word' id='word_1_297' title='bbox 190 2206 293 2282; x_wconf 82' lang='lat' dir='ltr'><strong>vitae,</strong></span> <span class='ocrx_word' id='word_1_298' title='bbox 324 2205 379 2286; x_wconf 89' lang='lat' dir='ltr'><strong>qui</strong></span> <span class='ocrx_word' id='word_1_299' title='bbox 412 2203 452 2267; x_wconf 89' lang='lat' dir='ltr'><strong>de</strong></span> <span class='ocrx_word' id='word_1_300' title='bbox 490 2205 578 2268; x_wconf 83' lang='lat' dir='ltr'><strong>coelo</strong></span> <span class='ocrx_word' id='word_1_301' title='bbox 611 2203 775 2281; x_wconf 72' lang='lat' dir='ltr'><strong>descendi,</strong></span> <span class='ocrx_word' id='word_1_302' title='bbox 803 2211 836 2268; x_wconf 88' lang='lat' dir='ltr'><strong>ct</strong></span> <span class='ocrx_word' id='word_1_303' title='bbox 858 2205 953 2286; x_wconf 88' lang='lat' dir='ltr'><strong>panis</strong></span> <span class='ocrx_word' id='word_1_304' title='bbox 981 2225 1077 2286; x_wconf 91' lang='lat' dir='ltr'><strong>quem</strong></span> <span class='ocrx_word' id='word_1_305' title='bbox 1105 2226 1165 2288; x_wconf 86' lang='lat' dir='ltr'><strong>ego</strong></span> <span class='ocrx_word' id='word_1_306' title='bbox 1217 2204 1317 2286; x_wconf 83' lang='lat' dir='ltr'><strong>guina</strong></span> <span class='ocrx_word' id='word_1_307' title='bbox 1334 2203 1470 2266; x_wconf 93' lang='lat' dir='ltr'><strong>Domini</strong></span> <span class='ocrx_word' id='word_1_308' title='bbox 1488 2202 1633 2267; x_wconf 92' lang='lat' dir='ltr'><strong>fidelium</strong></span> <span class='ocrx_word' id='word_1_309' title='bbox 1652 2205 1927 2268; x_wconf 90' lang='lat' dir='ltr'><strong>communionem:</strong></span> <span class='ocrx_word' id='word_1_310' title='bbox 1951 2225 2049 2287; x_wconf 88' lang='lat' dir='ltr'><strong>quam</strong></span> <span class='ocrx_word' id='word_1_311' title='bbox 2065 2213 2193 2270; x_wconf 89' lang='lat' dir='ltr'><strong>tantam</strong></span> 
     </span>
     <span class='ocr_line' id='line_1_23' title="bbox 189 2288 2191 2373; baseline 0.001 -20"><span class='ocrx_word' id='word_1_312' title='bbox 189 2288 289 2368; x_wconf 92' lang='lat' dir='ltr'><strong>dabo,</strong></span> <span class='ocrx_word' id='word_1_313' title='bbox 311 2311 386 2353; x_wconf 90' lang='lat' dir='ltr'><strong>caro</strong></span> <span class='ocrx_word' id='word_1_314' title='bbox 402 2310 477 2353; x_wconf 88' lang='lat' dir='ltr'><strong>mea</strong></span> <span class='ocrx_word' id='word_1_315' title='bbox 493 2295 557 2367; x_wconf 88' lang='lat' dir='ltr'><strong>est,</strong></span> <span class='ocrx_word' id='word_1_316' title='bbox 575 2311 674 2372; x_wconf 91' lang='lat' dir='ltr'><strong>quam</strong></span> <span class='ocrx_word' id='word_1_317' title='bbox 698 2310 757 2373; x_wconf 89' lang='lat' dir='ltr'><strong>ego</strong></span> <span class='ocrx_word' id='word_1_318' title='bbox 775 2288 857 2354; x_wconf 94' lang='lat' dir='ltr'><strong>dabo</strong></span> <span class='ocrx_word' id='word_1_319' title='bbox 874 2311 933 2371; x_wconf 90' lang='lat' dir='ltr'><strong>pro</strong></span> <span class='ocrx_word' id='word_1_320' title='bbox 956 2290 1070 2354; x_wconf 93' lang='lat' dir='ltr'><strong>mundi</strong></span> <span class='ocrx_word' id='word_1_321' title='bbox 1096 2291 1165 2356; x_wconf 83' lang='lat' dir='ltr'><strong>rita</strong></span> <span class='ocrx_word' id='word_1_322' title='bbox 1217 2310 1288 2353; x_wconf 88' lang='lat' dir='ltr'><strong>esse</strong></span> <span class='ocrx_word' id='word_1_323' title='bbox 1310 2288 1454 2354; x_wconf 87' lang='lat' dir='ltr'><strong>declarat</strong></span> <span class='ocrx_word' id='word_1_324' title='bbox 1476 2288 1654 2371; x_wconf 89' lang='lat' dir='ltr'><strong>apostolus,</strong></span> <span class='ocrx_word' id='word_1_325' title='bbox 1682 2297 1720 2353; x_wconf 92' lang='lat' dir='ltr'><strong>ut</strong></span> <span class='ocrx_word' id='word_1_326' title='bbox 1741 2310 1814 2354; x_wconf 91' lang='lat' dir='ltr'><strong>eam</strong></span> <span class='ocrx_word' id='word_1_327' title='bbox 1836 2288 1992 2354; x_wconf 87' lang='lat' dir='ltr'><strong>admirari</strong></span> <span class='ocrx_word' id='word_1_328' title='bbox 2014 2311 2112 2372; x_wconf 90' lang='lat' dir='ltr'><strong>quam</strong></span> <span class='ocrx_word' id='word_1_329' title='bbox 2135 2312 2191 2355; x_wconf 87' lang='lat' dir='ltr'><strong>ex-</strong></span> 
     </span>
     <span class='ocr_line' id='line_1_24' title="bbox 190 2373 1924 2460; baseline -0.001 -21"><span class='ocrx_word' id='word_1_330' title='bbox 190 2375 295 2457; x_wconf 93' lang='lat' dir='ltr'><strong>(Ioan.</strong></span> <span class='ocrx_word' id='word_1_331' title='bbox 316 2380 344 2452; x_wconf 83' lang='lat'><strong>6,</strong></span> <span class='ocrx_word' id='word_1_332' title='bbox 366 2375 430 2460; x_wconf 87' lang='lat'>51).</span> <span class='ocrx_word' id='word_1_333' title='bbox 475 2373 604 2455; x_wconf 79' lang='lat' dir='ltr'><strong>Quibus</strong></span> <span class='ocrx_word' id='word_1_334' title='bbox 632 2375 741 2440; x_wconf 81' lang='lat' dir='ltr'><strong>verbis</strong></span> <span class='ocrx_word' id='word_1_335' title='bbox 774 2376 881 2453; x_wconf 92' lang='lat' dir='ltr'><strong>docet,</strong></span> <span class='ocrx_word' id='word_1_336' title='bbox 913 2396 979 2439; x_wconf 93' lang='lat' dir='ltr'><strong>non</strong></span> <span class='ocrx_word' id='word_1_337' title='bbox 1006 2375 1101 2440; x_wconf 92' lang='lat' dir='ltr'><strong>modo</strong></span> <span class='ocrx_word' id='word_1_338' title='bbox 1130 2397 1164 2441; x_wconf 90' lang='lat' dir='ltr'><strong>se</strong></span> <span class='ocrx_word' id='word_1_339' title='bbox 1215 2374 1338 2457; x_wconf 87' lang='lat' dir='ltr'><strong>plicare</strong></span> <span class='ocrx_word' id='word_1_340' title='bbox 1359 2374 1462 2438; x_wconf 90' lang='lat' dir='ltr'><strong>malit.</strong></span> <span class='ocrx_word' id='word_1_341' title='bbox 1921 2451 1924 2456; x_wconf 32' lang='grc'><strong>,</strong></span> 
     </span>
     <span class='ocr_line' id='line_1_25' title="bbox 189 2458 2191 2543; baseline -0 -17"><span class='ocrx_word' id='word_1_342' title='bbox 189 2462 291 2526; x_wconf 82' lang='lat' dir='ltr'><strong>vitam</strong></span> <span class='ocrx_word' id='word_1_343' title='bbox 314 2479 393 2538; x_wconf 89' lang='lat' dir='ltr'><strong>esse,</strong></span> <span class='ocrx_word' id='word_1_344' title='bbox 415 2468 576 2543; x_wconf 88' lang='lat' dir='ltr'><strong>quatenus</strong></span> <span class='ocrx_word' id='word_1_345' title='bbox 598 2480 703 2526; x_wconf 91' lang='lat' dir='ltr'><strong>sermo</strong></span> <span class='ocrx_word' id='word_1_346' title='bbox 724 2469 774 2525; x_wconf 91' lang='lat' dir='ltr'><strong>est</strong></span> <span class='ocrx_word' id='word_1_347' title='bbox 799 2461 863 2525; x_wconf 92' lang='lat' dir='ltr'><strong>Dei</strong></span> <span class='ocrx_word' id='word_1_348' title='bbox 885 2469 1051 2539; x_wconf 88' lang='lat' dir='ltr'><strong>aeternus,</strong></span> <span class='ocrx_word' id='word_1_349' title='bbox 1073 2463 1164 2543; x_wconf 88' lang='lat' dir='ltr'><strong>quie</strong></span> <span class='ocrx_word' id='word_1_350' title='bbox 1306 2463 1353 2523; x_wconf 83' lang='lat'><strong>18.</strong></span> <span class='ocrx_word' id='word_1_351' title='bbox 1405 2458 1429 2542; x_wconf 89' lang='lat'><strong>¹)</strong></span> <span class='ocrx_word' id='word_1_352' title='bbox 1438 2458 1552 2523; x_wconf 77' lang='lat' dir='ltr'><strong>Talem</strong></span> <span class='ocrx_word' id='word_1_353' title='bbox 1573 2460 1717 2541; x_wconf 87' lang='lat' dir='ltr'><strong>corporis</strong></span> <span class='ocrx_word' id='word_1_354' title='bbox 1739 2468 1772 2524; x_wconf 90' lang='lat' dir='ltr'><strong>et</strong></span> <span class='ocrx_word' id='word_1_355' title='bbox 1791 2461 1960 2543; x_wconf 88' lang='lat' dir='ltr'><strong>sanguinis</strong></span> <span class='ocrx_word' id='word_1_356' title='bbox 1979 2461 2030 2525; x_wconf 92' lang='lat' dir='ltr'><strong>sui</strong></span> <span class='ocrx_word' id='word_1_357' title='bbox 2048 2482 2191 2526; x_wconf 91' lang='lat' dir='ltr'><strong>commu-</strong></span> 
     </span>
     <span class='ocr_line' id='line_1_26' title="bbox 189 2545 2191 2626; baseline 0.001 -16"><span class='ocrx_word' id='word_1_358' title='bbox 189 2546 277 2610; x_wconf 92' lang='lat' dir='ltr'><strong>coclo</strong></span> <span class='ocrx_word' id='word_1_359' title='bbox 300 2546 341 2609; x_wconf 89' lang='lat' dir='ltr'><strong>ad</strong></span> <span class='ocrx_word' id='word_1_360' title='bbox 362 2568 421 2610; x_wconf 88' lang='lat' dir='ltr'><strong>nos</strong></span> <span class='ocrx_word' id='word_1_361' title='bbox 445 2545 623 2624; x_wconf 89' lang='lat' dir='ltr'><strong>descendit,</strong></span> <span class='ocrx_word' id='word_1_362' title='bbox 652 2546 709 2610; x_wconf 91' lang='lat' dir='ltr'><strong>sed</strong></span> <span class='ocrx_word' id='word_1_363' title='bbox 736 2545 959 2611; x_wconf 90' lang='lat' dir='ltr'><strong>descendendo</strong></span> <span class='ocrx_word' id='word_1_364' title='bbox 977 2547 1046 2611; x_wconf 82' lang='lat' dir='ltr'><strong>vim</strong></span> <span class='ocrx_word' id='word_1_365' title='bbox 1066 2548 1164 2611; x_wconf 86' lang='lat' dir='ltr'><strong>istam</strong></span> <span class='ocrx_word' id='word_1_366' title='bbox 1215 2546 1412 2610; x_wconf 91' lang='lat' dir='ltr'><strong>nicationem</strong></span> <span class='ocrx_word' id='word_1_367' title='bbox 1454 2545 1617 2609; x_wconf 90' lang='lat' dir='ltr'><strong>Dominus</strong></span> <span class='ocrx_word' id='word_1_368' title='bbox 1657 2546 1700 2609; x_wconf 88' lang='lat' dir='ltr'><strong>in·</strong></span> <span class='ocrx_word' id='word_1_369' title='bbox 1723 2567 1817 2611; x_wconf 88' lang='lat' dir='ltr'><strong>sacra</strong></span> <span class='ocrx_word' id='word_1_370' title='bbox 1853 2566 1952 2610; x_wconf 91' lang='lat' dir='ltr'><strong>coena</strong></span> <span class='ocrx_word' id='word_1_371' title='bbox 1989 2547 2191 2626; x_wconf 87' lang='lat' dir='ltr'><strong>testificatur,</strong></span> 
     </span>
     <span class='ocr_line' id='line_1_27' title="bbox 188 2630 2192 2714; baseline 0.001 -19"><span class='ocrx_word' id='word_1_372' title='bbox 188 2631 223 2695; x_wconf 94' lang='lat' dir='ltr'><strong>in</strong></span> <span class='ocrx_word' id='word_1_373' title='bbox 251 2653 383 2696; x_wconf 89' lang='lat' dir='ltr'><strong>carnem</strong></span> <span class='ocrx_word' id='word_1_374' title='bbox 412 2653 510 2714; x_wconf 91' lang='lat' dir='ltr'><strong>quam</strong></span> <span class='ocrx_word' id='word_1_375' title='bbox 537 2632 644 2696; x_wconf 92' lang='lat' dir='ltr'><strong>induit</strong></span> <span class='ocrx_word' id='word_1_376' title='bbox 670 2631 850 2709; x_wconf 86' lang='lat' dir='ltr'><strong>diffudisse,</strong></span> <span class='ocrx_word' id='word_1_377' title='bbox 886 2638 923 2695; x_wconf 91' lang='lat' dir='ltr'><strong>ut</strong></span> <span class='ocrx_word' id='word_1_378' title='bbox 943 2631 1020 2695; x_wconf 89' lang='lat' dir='ltr'><strong>inde</strong></span> <span class='ocrx_word' id='word_1_379' title='bbox 1041 2631 1083 2696; x_wconf 90' lang='lat' dir='ltr'><strong>ad</strong></span> <span class='ocrx_word' id='word_1_380' title='bbox 1104 2653 1163 2697; x_wconf 88' lang='lat' dir='ltr'><strong>nos</strong></span> <span class='ocrx_word' id='word_1_381' title='bbox 1215 2630 1358 2713; x_wconf 91' lang='lat' dir='ltr'><strong>adeoque</strong></span> <span class='ocrx_word' id='word_1_382' title='bbox 1381 2630 1477 2696; x_wconf 89' lang='lat' dir='ltr'><strong>offert</strong></span> <span class='ocrx_word' id='word_1_383' title='bbox 1497 2638 1531 2694; x_wconf 91' lang='lat' dir='ltr'><strong>et</strong></span> <span class='ocrx_word' id='word_1_384' title='bbox 1552 2631 1685 2695; x_wconf 90' lang='lat' dir='ltr'><strong>exhibet</strong></span> <span class='ocrx_word' id='word_1_385' title='bbox 1706 2631 1866 2710; x_wconf 89' lang='lat' dir='ltr'><strong>omnibus,</strong></span> <span class='ocrx_word' id='word_1_386' title='bbox 1890 2632 1944 2713; x_wconf 92' lang='lat' dir='ltr'><strong>qui</strong></span> <span class='ocrx_word' id='word_1_387' title='bbox 1962 2630 2004 2694; x_wconf 89' lang='lat' dir='ltr'><strong>ad</strong></span> <span class='ocrx_word' id='word_1_388' title='bbox 2022 2633 2192 2714; x_wconf 89' lang='lat' dir='ltr'><strong>spirituale</strong></span> 
     </span>
     <span class='ocr_line' id='line_1_28' title="bbox 189 2715 2191 2800; baseline 0.001 -19"><span class='ocrx_word' id='word_1_389' title='bbox 189 2718 276 2781; x_wconf 87' lang='lat' dir='ltr'><strong>vitac</strong></span> <span class='ocrx_word' id='word_1_390' title='bbox 305 2719 553 2783; x_wconf 89' lang='lat' dir='ltr'><strong>communicatio</strong></span> <span class='ocrx_word' id='word_1_391' title='bbox 580 2727 797 2800; x_wconf 90' lang='lat' dir='ltr'><strong>promanaret.</strong></span> <span class='ocrx_word' id='word_1_392' title='bbox 842 2717 930 2781; x_wconf 91' lang='lat' dir='ltr'><strong>Hinc</strong></span> <span class='ocrx_word' id='word_1_393' title='bbox 952 2723 985 2780; x_wconf 94' lang='lat' dir='ltr'><strong>et</strong></span> <span class='ocrx_word' id='word_1_394' title='bbox 1011 2717 1069 2781; x_wconf 92' lang='lat' dir='ltr'><strong>illa</strong></span> <span class='ocrx_word' id='word_1_395' title='bbox 1097 2719 1163 2782; x_wconf 92' lang='lat' dir='ltr'><strong>iam</strong></span> <span class='ocrx_word' id='word_1_396' title='bbox 1213 2715 1296 2779; x_wconf 91' lang='lat' dir='ltr'><strong>illud</strong></span> <span class='ocrx_word' id='word_1_397' title='bbox 1319 2716 1453 2799; x_wconf 92' lang='lat' dir='ltr'><strong>epulum</strong></span> <span class='ocrx_word' id='word_1_398' title='bbox 1475 2717 1686 2796; x_wconf 82' lang='lat' dir='ltr'><strong>accumbunt3</strong></span> <span class='ocrx_word' id='word_1_399' title='bbox 1719 2738 1905 2799; x_wconf 87' lang='lat' dir='ltr'><strong>quanquam</strong></span> <span class='ocrx_word' id='word_1_400' title='bbox 1927 2738 1947 2782; x_wconf 88' lang='lat' dir='ltr'><strong>a</strong></span> <span class='ocrx_word' id='word_1_401' title='bbox 1967 2716 2118 2783; x_wconf 88' lang='lat' dir='ltr'><strong>fidelibus</strong></span> <span class='ocrx_word' id='word_1_402' title='bbox 2140 2741 2191 2783; x_wconf 91' lang='lat' dir='ltr'><strong>so-</strong></span> 
     </span>
     <span class='ocr_line' id='line_1_29' title="bbox 188 2800 2192 2886; baseline 0 -19"><span class='ocrx_word' id='word_1_403' title='bbox 188 2810 442 2885; x_wconf 89' lang='lat' dir='ltr'><strong>consequuntur:</strong></span> <span class='ocrx_word' id='word_1_404' title='bbox 473 2802 558 2884; x_wconf 93' lang='lat' dir='ltr'><strong>qnod</strong></span> <span class='ocrx_word' id='word_1_405' title='bbox 587 2824 662 2868; x_wconf 88' lang='lat' dir='ltr'><strong>caro</strong></span> <span class='ocrx_word' id='word_1_406' title='bbox 690 2805 760 2868; x_wconf 90' lang='lat' dir='ltr'><strong>eius</strong></span> <span class='ocrx_word' id='word_1_407' title='bbox 789 2824 865 2869; x_wconf 83' lang='lat' dir='ltr'><strong>vere</strong></span> <span class='ocrx_word' id='word_1_408' title='bbox 888 2809 938 2866; x_wconf 89' lang='lat' dir='ltr'><strong>est</strong></span> <span class='ocrx_word' id='word_1_409' title='bbox 958 2802 1061 2881; x_wconf 76' lang='lat' dir='ltr'><strong>cibus,</strong></span> <span class='ocrx_word' id='word_1_410' title='bbox 1088 2824 1162 2867; x_wconf 89' lang='lat' dir='ltr'><strong>san·</strong></span> <span class='ocrx_word' id='word_1_411' title='bbox 1214 2800 1255 2866; x_wconf 90' lang='lat' dir='ltr'><strong>lis</strong></span> <span class='ocrx_word' id='word_1_412' title='bbox 1276 2802 1473 2883; x_wconf 69' lang='lat' dir='ltr'><strong>arcufracto</strong></span> <span class='ocrx_word' id='word_1_413' title='bbox 1493 2802 1687 2884; x_wconf 85' lang='lat' dir='ltr'><strong>percipitur,</strong></span> <span class='ocrx_word' id='word_1_414' title='bbox 1717 2803 1773 2884; x_wconf 89' lang='lat' dir='ltr'><strong>qui</strong></span> <span class='ocrx_word' id='word_1_415' title='bbox 1801 2810 1927 2867; x_wconf 88' lang='lat' dir='ltr'><strong>tantam</strong></span> <span class='ocrx_word' id='word_1_416' title='bbox 1954 2803 2192 2886; x_wconf 89' lang='lat' dir='ltr'><strong>benignitatem</strong></span> 
     </span>
     <span class='ocr_line' id='line_1_30' title="bbox 190 2886 2189 2972; baseline 0.001 -20"><span class='ocrx_word' id='word_1_417' title='bbox 190 2889 263 2971; x_wconf 90' lang='lat' dir='ltr'><strong>guis</strong></span> <span class='ocrx_word' id='word_1_418' title='bbox 285 2890 354 2953; x_wconf 89' lang='lat' dir='ltr'><strong>eius</strong></span> <span class='ocrx_word' id='word_1_419' title='bbox 374 2910 451 2953; x_wconf 81' lang='lat' dir='ltr'><strong>vere</strong></span> <span class='ocrx_word' id='word_1_420' title='bbox 473 2896 523 2953; x_wconf 89' lang='lat' dir='ltr'><strong>est</strong></span> <span class='ocrx_word' id='word_1_421' title='bbox 543 2896 652 2971; x_wconf 87' lang='lat' dir='ltr'><strong>potus:</strong></span> <span class='ocrx_word' id='word_1_422' title='bbox 686 2890 802 2970; x_wconf 89' lang='lat' dir='ltr'><strong>quibus</strong></span> <span class='ocrx_word' id='word_1_423' title='bbox 823 2888 987 2953; x_wconf 87' lang='lat' dir='ltr'><strong>alimentis</strong></span> <span class='ocrx_word' id='word_1_424' title='bbox 1003 2889 1038 2952; x_wconf 92' lang='lat' dir='ltr'><strong>in</strong></span> <span class='ocrx_word' id='word_1_425' title='bbox 1059 2889 1162 2954; x_wconf 80' lang='lat' dir='ltr'><strong>vitam</strong></span> <span class='ocrx_word' id='word_1_426' title='bbox 1214 2907 1279 2969; x_wconf 88' lang='lat' dir='ltr'><strong>qua</strong></span> <span class='ocrx_word' id='word_1_427' title='bbox 1311 2886 1403 2952; x_wconf 86' lang='lat' dir='ltr'><strong>decet</strong></span> <span class='ocrx_word' id='word_1_428' title='bbox 1433 2887 1498 2951; x_wconf 92' lang='lat' dir='ltr'><strong>fide</strong></span> <span class='ocrx_word' id='word_1_429' title='bbox 1507 2888 1536 2969; x_wconf 81' lang='lat'><strong>²)</strong></span> <span class='ocrx_word' id='word_1_430' title='bbox 1570 2888 1734 2970; x_wconf 89' lang='lat' dir='ltr'><strong>animique</strong></span> <span class='ocrx_word' id='word_1_431' title='bbox 1758 2887 1966 2972; x_wconf 68' lang='lat' dir='ltr'><strong>‘gratitudine</strong></span> <span class='ocrx_word' id='word_1_432' title='bbox 1999 2890 2189 2971; x_wconf 89' lang='lat' dir='ltr'><strong>suscipiunt.</strong></span> 
     </span>
     <span class='ocr_line' id='line_1_31' title="bbox 190 2970 2191 3058; baseline 0.002 -22"><span class='ocrx_word' id='word_1_433' title='bbox 190 2981 357 3037; x_wconf 87' lang='lat' dir='ltr'><strong>aeternam</strong></span> <span class='ocrx_word' id='word_1_434' title='bbox 382 2974 495 3039; x_wconf 89' lang='lat' dir='ltr'><strong>fideles</strong></span> <span class='ocrx_word' id='word_1_435' title='bbox 522 2975 710 3039; x_wconf 88' lang='lat' dir='ltr'><strong>educantur.</strong></span> <span class='ocrx_word' id='word_1_436' title='bbox 755 2975 797 3039; x_wconf 93' lang='lat' dir='ltr'><strong>In</strong></span> <span class='ocrx_word' id='word_1_437' title='bbox 824 2975 885 3038; x_wconf 92' lang='lat' dir='ltr'><strong>hcc</strong></span> <span class='ocrx_word' id='word_1_438' title='bbox 914 2995 992 3057; x_wconf 84' lang='lat' dir='ltr'><strong>ergo</strong></span> <span class='ocrx_word' id='word_1_439' title='bbox 1024 2975 1087 3039; x_wconf 90' lang='lat' dir='ltr'><strong>sita</strong></span> <span class='ocrx_word' id='word_1_440' title='bbox 1113 2981 1163 3039; x_wconf 89' lang='lat' dir='ltr'><strong>cst</strong></span> <span class='ocrx_word' id='word_1_441' title='bbox 1215 2970 1290 3052; x_wconf 76' lang='lat' dir='ltr'><strong>Qua</strong></span> <span class='ocrx_word' id='word_1_442' title='bbox 1311 2974 1436 3037; x_wconf 87' lang='lat' dir='ltr'><strong>ratione</strong></span> <span class='ocrx_word' id='word_1_443' title='bbox 1458 2972 1543 3037; x_wconf 90' lang='lat' dir='ltr'><strong>dixit</strong></span> <span class='ocrx_word' id='word_1_444' title='bbox 1564 2973 1736 3055; x_wconf 90' lang='lat' dir='ltr'><strong>apostolus,</strong></span> <span class='ocrx_word' id='word_1_445' title='bbox 1757 2995 1878 3057; x_wconf 91' lang='lat' dir='ltr'><strong>panem</strong></span> <span class='ocrx_word' id='word_1_446' title='bbox 1896 2995 1992 3056; x_wconf 89' lang='lat' dir='ltr'><strong>quem</strong></span> <span class='ocrx_word' id='word_1_447' title='bbox 2009 2975 2191 3058; x_wconf 83' lang='lat' dir='ltr'><strong>frangimus</strong></span> 
     </span>
     <span class='ocr_line' id='line_1_32' title="bbox 188 3058 2190 3143; baseline 0.002 -23"><span class='ocrx_word' id='word_1_448' title='bbox 188 3059 251 3140; x_wconf 90' lang='lat' dir='ltr'><strong>piis</strong></span> <span class='ocrx_word' id='word_1_449' title='bbox 273 3060 394 3122; x_wconf 91' lang='lat' dir='ltr'><strong>eximia</strong></span> <span class='ocrx_word' id='word_1_450' title='bbox 415 3060 599 3138; x_wconf 88' lang='lat' dir='ltr'><strong>consolatio,</strong></span> <span class='ocrx_word' id='word_1_451' title='bbox 626 3060 711 3142; x_wconf 91' lang='lat' dir='ltr'><strong>quod</strong></span> <span class='ocrx_word' id='word_1_452' title='bbox 733 3061 834 3125; x_wconf 87' lang='lat' dir='ltr'><strong>vitam</strong></span> <span class='ocrx_word' id='word_1_453' title='bbox 856 3061 890 3122; x_wconf 93' lang='lat' dir='ltr'><strong>in</strong></span> <span class='ocrx_word' id='word_1_454' title='bbox 912 3061 1044 3141; x_wconf 88' lang='lat' dir='ltr'><strong>propria</strong></span> <span class='ocrx_word' id='word_1_455' title='bbox 1065 3080 1162 3125; x_wconf 87' lang='lat' dir='ltr'><strong>carne</strong></span> <span class='ocrx_word' id='word_1_456' title='bbox 1215 3059 1473 3123; x_wconf 91' lang='lat' dir='ltr'><strong>communionem</strong></span> <span class='ocrx_word' id='word_1_457' title='bbox 1500 3080 1569 3123; x_wconf 89' lang='lat' dir='ltr'><strong>csso</strong></span> <span class='ocrx_word' id='word_1_458' title='bbox 1597 3060 1740 3142; x_wconf 85' lang='lat' dir='ltr'><strong>corporis</strong></span> <span class='ocrx_word' id='word_1_459' title='bbox 1767 3058 1894 3125; x_wconf 89' lang='lat' dir='ltr'><strong>Christi</strong></span> <span class='ocrx_word' id='word_1_460' title='bbox 1901 3083 1909 3138; x_wconf 91' lang='lat'>;</span> <span class='ocrx_word' id='word_1_461' title='bbox 1938 3060 2071 3125; x_wconf 85' lang='lat' dir='ltr'><strong>calicem</strong></span> <span class='ocrx_word' id='word_1_462' title='bbox 2094 3082 2190 3143; x_wconf 90' lang='lat' dir='ltr'><strong>quem</strong></span> 
     </span>
     <span class='ocr_line' id='line_1_33' title="bbox 189 3143 2190 3231; baseline 0.002 -24"><span class='ocrx_word' id='word_1_463' title='bbox 189 3165 278 3208; x_wconf 92' lang='lat' dir='ltr'><strong>nunc</strong></span> <span class='ocrx_word' id='word_1_464' title='bbox 299 3145 473 3226; x_wconf 90' lang='lat' dir='ltr'><strong>reperiunt.</strong></span> <span class='ocrx_word' id='word_1_465' title='bbox 519 3144 575 3212; x_wconf 81' lang='lat' dir='ltr'><strong>Sic</strong></span> <span class='ocrx_word' id='word_1_466' title='bbox 598 3148 685 3210; x_wconf 92' lang='lat' dir='ltr'><strong>enim</strong></span> <span class='ocrx_word' id='word_1_467' title='bbox 707 3166 773 3210; x_wconf 91' lang='lat' dir='ltr'><strong>non</strong></span> <span class='ocrx_word' id='word_1_468' title='bbox 794 3145 890 3210; x_wconf 91' lang='lat' dir='ltr'><strong>modo</strong></span> <span class='ocrx_word' id='word_1_469' title='bbox 918 3144 1004 3210; x_wconf 90' lang='lat' dir='ltr'><strong>facili</strong></span> <span class='ocrx_word' id='word_1_470' title='bbox 1026 3144 1067 3211; x_wconf 89' lang='lat' dir='ltr'><strong>ad</strong></span> <span class='ocrx_word' id='word_1_471' title='bbox 1088 3166 1162 3209; x_wconf 89' lang='lat' dir='ltr'><strong>eam</strong></span> <span class='ocrx_word' id='word_1_472' title='bbox 1215 3145 1362 3209; x_wconf 85' lang='lat' dir='ltr'><strong>verboac</strong></span> <span class='ocrx_word' id='word_1_473' title='bbox 1384 3144 1534 3226; x_wconf 87' lang='lat' dir='ltr'><strong>precibus</strong></span> <span class='ocrx_word' id='word_1_474' title='bbox 1552 3144 1659 3210; x_wconf 92' lang='lat' dir='ltr'><strong>inhoc</strong></span> <span class='ocrx_word' id='word_1_475' title='bbox 1677 3147 1929 3224; x_wconf 89' lang='lat' dir='ltr'><strong>sanctificamus,</strong></span> <span class='ocrx_word' id='word_1_476' title='bbox 1943 3143 1971 3231; x_wconf 82' lang='lat'><strong>⁸)</strong></span> <span class='ocrx_word' id='word_1_477' title='bbox 1991 3148 2190 3212; x_wconf 89' lang='lat' dir='ltr'><strong>communio-</strong></span> 
     </span>
     <span class='ocr_line' id='line_1_34' title="bbox 190 3228 2192 3315; baseline 0.002 -21"><span class='ocrx_word' id='word_1_478' title='bbox 190 3228 281 3294; x_wconf 89' lang='lat' dir='ltr'><strong>aditu</strong></span> <span class='ocrx_word' id='word_1_479' title='bbox 301 3237 483 3311; x_wconf 78' lang='lat' dir='ltr'><strong>penetrant</strong></span> <span class='ocrx_word' id='word_1_480' title='bbox 501 3231 558 3296; x_wconf 90' lang='lat' dir='ltr'><strong>sed</strong></span> <span class='ocrx_word' id='word_1_481' title='bbox 580 3232 666 3296; x_wconf 92' lang='lat' dir='ltr'><strong>ultro</strong></span> <span class='ocrx_word' id='word_1_482' title='bbox 693 3233 754 3297; x_wconf 93' lang='lat' dir='ltr'><strong>sibi</strong></span> <span class='ocrx_word' id='word_1_483' title='bbox 776 3233 957 3315; x_wconf 89' lang='lat' dir='ltr'><strong>expositam</strong></span> <span class='ocrx_word' id='word_1_484' title='bbox 979 3239 1012 3295; x_wconf 92' lang='lat' dir='ltr'><strong>et</strong></span> <span class='ocrx_word' id='word_1_485' title='bbox 1032 3232 1162 3296; x_wconf 80' lang='lat' dir='ltr'><strong>obviam</strong></span> <span class='ocrx_word' id='word_1_486' title='bbox 1213 3250 1289 3293; x_wconf 90' lang='lat' dir='ltr'><strong>nem</strong></span> <span class='ocrx_word' id='word_1_487' title='bbox 1320 3251 1391 3295; x_wconf 88' lang='lat' dir='ltr'><strong>esse</strong></span> <span class='ocrx_word' id='word_1_488' title='bbox 1422 3231 1593 3313; x_wconf 90' lang='lat' dir='ltr'><strong>sanguinis</strong></span> <span class='ocrx_word' id='word_1_489' title='bbox 1623 3231 1735 3313; x_wconf 90' lang='lat' dir='ltr'><strong>ipsius.</strong></span> <span class='ocrx_word' id='word_1_490' title='bbox 1783 3231 1853 3296; x_wconf 90' lang='lat' dir='ltr'><strong>Nec</strong></span> <span class='ocrx_word' id='word_1_491' title='bbox 1885 3231 2040 3314; x_wconf 88' lang='lat' dir='ltr'><strong>estquod</strong></span> <span class='ocrx_word' id='word_1_492' title='bbox 2062 3232 2192 3298; x_wconf 90' lang='lat' dir='ltr'><strong>obiiciat</strong></span> 
     </span>
     <span class='ocr_line' id='line_1_35' title="bbox 187 3314 2190 3400; baseline 0.002 -22"><span class='ocrx_word' id='word_1_493' title='bbox 187 3314 318 3379; x_wconf 88' lang='lat' dir='ltr'><strong>habent.</strong></span> <span class='ocrx_word' id='word_1_494' title='bbox 364 3314 479 3381; x_wconf 88' lang='lat' dir='ltr'><strong>Cordis</strong></span> <span class='ocrx_word' id='word_1_495' title='bbox 502 3319 609 3381; x_wconf 89' lang='lat' dir='ltr'><strong>sinum</strong></span> <span class='ocrx_word' id='word_1_496' title='bbox 626 3325 755 3382; x_wconf 89' lang='lat' dir='ltr'><strong>tantum</strong></span> <span class='ocrx_word' id='word_1_497' title='bbox 773 3316 970 3399; x_wconf 85' lang='lat' dir='ltr'><strong>protendant</strong></span> <span class='ocrx_word' id='word_1_498' title='bbox 987 3338 1050 3400; x_wconf 93' lang='lat' dir='ltr'><strong>quo</strong></span> <span class='ocrx_word' id='word_1_499' title='bbox 1066 3338 1161 3400; x_wconf 88' lang='lat' dir='ltr'><strong>prae-</strong></span> <span class='ocrx_word' id='word_1_500' title='bbox 1214 3316 1388 3398; x_wconf 90' lang='lat' dir='ltr'><strong>quispiam,</strong></span> <span class='ocrx_word' id='word_1_501' title='bbox 1409 3316 1585 3398; x_wconf 89' lang='lat' dir='ltr'><strong>figuratam</strong></span> <span class='ocrx_word' id='word_1_502' title='bbox 1607 3337 1677 3382; x_wconf 86' lang='lat' dir='ltr'><strong>csse</strong></span> <span class='ocrx_word' id='word_1_503' title='bbox 1698 3317 1934 3400; x_wconf 89' lang='lat' dir='ltr'><strong>loquutioncm,</strong></span> <span class='ocrx_word' id='word_1_504' title='bbox 1956 3338 2020 3399; x_wconf 90' lang='lat' dir='ltr'><strong>qua</strong></span> <span class='ocrx_word' id='word_1_505' title='bbox 2042 3318 2190 3400; x_wconf 91' lang='lat' dir='ltr'><strong>signatae</strong></span> 
     </span>
     <span class='ocr_line' id='line_1_36' title="bbox 187 3401 2190 3485; baseline 0.002 -20"><span class='ocrx_word' id='word_1_506' title='bbox 187 3408 316 3465; x_wconf 89' lang='lat' dir='ltr'><strong>sentem</strong></span> <span class='ocrx_word' id='word_1_507' title='bbox 337 3401 565 3483; x_wconf 84' lang='lat' dir='ltr'><strong>amplexentur</strong></span> <span class='ocrx_word' id='word_1_508' title='bbox 585 3410 618 3467; x_wconf 91' lang='lat' dir='ltr'><strong>ct</strong></span> <span class='ocrx_word' id='word_1_509' title='bbox 639 3425 711 3467; x_wconf 92' lang='lat' dir='ltr'><strong>eam</strong></span> <span class='ocrx_word' id='word_1_510' title='bbox 732 3403 932 3468; x_wconf 89' lang='lat' dir='ltr'><strong>obtinebunt.</strong></span> <span class='ocrx_word' id='word_1_511' title='bbox 1213 3403 1261 3465; x_wconf 89' lang='lat' dir='ltr'><strong>rei</strong></span> <span class='ocrx_word' id='word_1_512' title='bbox 1282 3423 1401 3465; x_wconf 89' lang='lat' dir='ltr'><strong>nomen</strong></span> <span class='ocrx_word' id='word_1_513' title='bbox 1424 3402 1517 3484; x_wconf 90' lang='lat' dir='ltr'><strong>signo</strong></span> <span class='ocrx_word' id='word_1_514' title='bbox 1540 3401 1713 3482; x_wconf 87' lang='lat' dir='ltr'><strong>deferatur,</strong></span> <span class='ocrx_word' id='word_1_515' title='bbox 1735 3402 1864 3484; x_wconf 92' lang='lat' dir='ltr'><strong>quando</strong></span> <span class='ocrx_word' id='word_1_516' title='bbox 1885 3403 2077 3467; x_wconf 84' lang='lat' dir='ltr'><strong>fractionem</strong></span> <span class='ocrx_word' id='word_1_517' title='bbox 2095 3404 2190 3485; x_wconf 88' lang='lat' dir='ltr'><strong>panis</strong></span> 
     </span>
     <span class='ocr_line' id='line_1_37' title="bbox 277 3486 2190 3572; baseline 0.002 -23"><span class='ocrx_word' id='word_1_518' title='bbox 277 3490 324 3550; x_wconf 81' lang='lat'><strong>17.</strong></span> <span class='ocrx_word' id='word_1_519' title='bbox 369 3487 443 3551; x_wconf 85' lang='lat' dir='ltr'><strong>Etsi</strong></span> <span class='ocrx_word' id='word_1_520' title='bbox 463 3494 573 3551; x_wconf 90' lang='lat' dir='ltr'><strong>autem</strong></span> <span class='ocrx_word' id='word_1_521' title='bbox 595 3495 720 3553; x_wconf 88' lang='lat' dir='ltr'><strong>tantam</strong></span> <span class='ocrx_word' id='word_1_522' title='bbox 745 3510 816 3554; x_wconf 90' lang='lat' dir='ltr'><strong>ase</strong></span> <span class='ocrx_word' id='word_1_523' title='bbox 833 3491 904 3571; x_wconf 92' lang='lat' dir='ltr'><strong>ipsa</strong></span> <span class='ocrx_word' id='word_1_524' title='bbox 921 3490 1077 3554; x_wconf 88' lang='lat' dir='ltr'><strong>virtutem</strong></span> <span class='ocrx_word' id='word_1_525' title='bbox 1094 3510 1162 3554; x_wconf 89' lang='lat' dir='ltr'><strong>non</strong></span> <span class='ocrx_word' id='word_1_526' title='bbox 1213 3486 1398 3572; x_wconf 80' lang='lat' dir='ltr'><strong>symbolum</strong></span> <span class='ocrx_word' id='word_1_527' title='bbox 1419 3508 1500 3566; x_wconf 88' lang='lat' dir='ltr'><strong>esse,</strong></span> <span class='ocrx_word' id='word_1_528' title='bbox 1523 3508 1590 3552; x_wconf 91' lang='lat' dir='ltr'><strong>non</strong></span> <span class='ocrx_word' id='word_1_529' title='bbox 1613 3510 1683 3553; x_wconf 91' lang='lat' dir='ltr'><strong>rem</strong></span> <span class='ocrx_word' id='word_1_530' title='bbox 1705 3489 1825 3571; x_wconf 89' lang='lat' dir='ltr'><strong>ipsam,</strong></span> <span class='ocrx_word' id='word_1_531' title='bbox 1849 3488 1932 3553; x_wconf 87' lang='lat' dir='ltr'><strong>citra</strong></span> <span class='ocrx_word' id='word_1_532' title='bbox 1954 3487 2089 3553; x_wconf 91' lang='lat' dir='ltr'><strong>dubium</strong></span> <span class='ocrx_word' id='word_1_533' title='bbox 2112 3509 2190 3553; x_wconf 93' lang='lat' dir='ltr'><strong>con·</strong></span> 
     </span>
     <span class='ocr_line' id='line_1_38' title="bbox 187 3571 2190 3657; baseline 0.002 -21"><span class='ocrx_word' id='word_1_534' title='bbox 187 3572 287 3637; x_wconf 89' lang='lat' dir='ltr'><strong>habet</strong></span> <span class='ocrx_word' id='word_1_535' title='bbox 308 3571 433 3637; x_wconf 83' lang='lat' dir='ltr'><strong>Christi</strong></span> <span class='ocrx_word' id='word_1_536' title='bbox 460 3593 534 3639; x_wconf 89' lang='lat' dir='ltr'><strong>caro</strong></span> <span class='ocrx_word' id='word_1_537' title='bbox 557 3581 594 3637; x_wconf 91' lang='lat' dir='ltr'><strong>ut</strong></span> <span class='ocrx_word' id='word_1_538' title='bbox 621 3596 681 3639; x_wconf 91' lang='lat' dir='ltr'><strong>nos</strong></span> <span class='ocrx_word' id='word_1_539' title='bbox 702 3575 859 3653; x_wconf 78' lang='lat' dir='ltr'><strong>vivificet,</strong></span> <span class='ocrx_word' id='word_1_540' title='bbox 888 3596 971 3657; x_wconf 90' lang='lat' dir='ltr'><strong>quae</strong></span> <span class='ocrx_word' id='word_1_541' title='bbox 997 3581 1030 3639; x_wconf 91' lang='lat' dir='ltr'><strong>et</strong></span> <span class='ocrx_word' id='word_1_542' title='bbox 1056 3575 1163 3657; x_wconf 91' lang='lat' dir='ltr'><strong>prima</strong></span> <span class='ocrx_word' id='word_1_543' title='bbox 1214 3580 1287 3638; x_wconf 90' lang='lat' dir='ltr'><strong>stat</strong></span> <span class='ocrx_word' id='word_1_544' title='bbox 1338 3572 1425 3637; x_wconf 90' lang='lat' dir='ltr'><strong>Nam</strong></span> <span class='ocrx_word' id='word_1_545' title='bbox 1443 3580 1480 3638; x_wconf 92' lang='lat' dir='ltr'><strong>ut</strong></span> <span class='ocrx_word' id='word_1_546' title='bbox 1496 3573 1711 3639; x_wconf 89' lang='lat' dir='ltr'><strong>concedamus</strong></span> <span class='ocrx_word' id='word_1_547' title='bbox 1733 3573 1820 3639; x_wconf 91' lang='lat' dir='ltr'><strong>hunc</strong></span> <span class='ocrx_word' id='word_1_548' title='bbox 1840 3573 1938 3639; x_wconf 91' lang='lat' dir='ltr'><strong>Pauli</strong></span> <span class='ocrx_word' id='word_1_549' title='bbox 1957 3573 2066 3638; x_wconf 82' lang='lat' dir='ltr'><strong>verbis</strong></span> <span class='ocrx_word' id='word_1_550' title='bbox 2083 3575 2190 3640; x_wconf 87' lang='lat' dir='ltr'><strong>inesse</strong></span> 
     </span>
     <span class='ocr_line' id='line_1_39' title="bbox 187 3657 2189 3741; baseline 0.001 -18"><span class='ocrx_word' id='word_1_551' title='bbox 187 3680 247 3723; x_wconf 86' lang='lat' dir='ltr'><strong>sua</strong></span> <span class='ocrx_word' id='word_1_552' title='bbox 269 3657 451 3724; x_wconf 88' lang='lat' dir='ltr'><strong>conditione</strong></span> <span class='ocrx_word' id='word_1_553' title='bbox 473 3660 662 3724; x_wconf 90' lang='lat' dir='ltr'><strong>mortalitati</strong></span> <span class='ocrx_word' id='word_1_554' title='bbox 685 3661 825 3725; x_wconf 89' lang='lat' dir='ltr'><strong>obnoxia</strong></span> <span class='ocrx_word' id='word_1_555' title='bbox 846 3662 916 3739; x_wconf 91' lang='lat' dir='ltr'><strong>fuit,</strong></span> <span class='ocrx_word' id='word_1_556' title='bbox 940 3669 973 3725; x_wconf 91' lang='lat' dir='ltr'><strong>et</strong></span> <span class='ocrx_word' id='word_1_557' title='bbox 994 3682 1083 3725; x_wconf 89' lang='lat' dir='ltr'><strong>nunc</strong></span> <span class='ocrx_word' id='word_1_558' title='bbox 1100 3662 1162 3725; x_wconf 92' lang='lat' dir='ltr'><strong>im·</strong></span> <span class='ocrx_word' id='word_1_559' title='bbox 1214 3680 1361 3739; x_wconf 88' lang='lat' dir='ltr'><strong>sensum,</strong></span> <span class='ocrx_word' id='word_1_560' title='bbox 1397 3681 1417 3723; x_wconf 94' lang='lat' dir='ltr'><strong>a</strong></span> <span class='ocrx_word' id='word_1_561' title='bbox 1449 3680 1464 3722; x_wconf 92' lang='lat' dir='ltr'><strong>s</strong></span> <span class='ocrx_word' id='word_1_562' title='bbox 1522 3659 1588 3723; x_wconf 94' lang='lat' dir='ltr'><strong>boli</strong></span> <span class='ocrx_word' id='word_1_563' title='bbox 1620 3666 1731 3724; x_wconf 88' lang='lat' dir='ltr'><strong>tamon</strong></span> <span class='ocrx_word' id='word_1_564' title='bbox 1767 3658 1967 3724; x_wconf 91' lang='lat' dir='ltr'><strong>exhibitione</strong></span> <span class='ocrx_word' id='word_1_565' title='bbox 2003 3660 2108 3741; x_wconf 90' lang='lat' dir='ltr'><strong>ipsam</strong></span> <span class='ocrx_word' id='word_1_566' title='bbox 2141 3662 2189 3726; x_wconf 86' lang='lat' dir='ltr'><strong>rei</strong></span> 
     </span>
     <span class='ocr_line' id='line_1_40' title="bbox 187 3680 2190 3829; baseline 0.002 -22"><span class='ocrx_word' id='word_1_567' title='bbox 187 3744 385 3808; x_wconf 80' lang='lat' dir='ltr'><strong>mortalitate</strong></span> <span class='ocrx_word' id='word_1_568' title='bbox 414 3745 561 3826; x_wconf 90' lang='lat' dir='ltr'><strong>praedita</strong></span> <span class='ocrx_word' id='word_1_569' title='bbox 587 3767 647 3829; x_wconf 91' lang='lat' dir='ltr'><strong>per</strong></span> <span class='ocrx_word' id='word_1_570' title='bbox 673 3767 707 3810; x_wconf 92' lang='lat' dir='ltr'><strong>se</strong></span> <span class='ocrx_word' id='word_1_571' title='bbox 735 3768 801 3810; x_wconf 92' lang='lat' dir='ltr'><strong>non</strong></span> <span class='ocrx_word' id='word_1_572' title='bbox 823 3748 920 3825; x_wconf 82' lang='lat' dir='ltr'><strong>vivit3</strong></span> <span class='ocrx_word' id='word_1_573' title='bbox 952 3748 1024 3811; x_wconf 89' lang='lat' dir='ltr'><strong>iure</strong></span> <span class='ocrx_word' id='word_1_574' title='bbox 1052 3753 1163 3811; x_wconf 89' lang='lat' dir='ltr'><strong>tamen</strong></span> <span class='ocrx_word' id='word_1_575' title='bbox 1214 3745 1387 3810; x_wconf 77' lang='lat' dir='ltr'><strong>veritatem</strong></span> <span class='ocrx_word' id='word_1_576' title='bbox 1425 3680 1573 3810; x_wconf 74' lang='lat' dir='ltr'><strong>exbiberi</strong></span> <span class='ocrx_word' id='word_1_577' title='bbox 1614 3747 1676 3809; x_wconf 87' lang='lat' dir='ltr'><strong>rite</strong></span> <span class='ocrx_word' id='word_1_578' title='bbox 1706 3745 1926 3829; x_wconf 52' lang='lat' dir='ltr'><strong>colligemus!</strong></span> <span class='ocrx_word' id='word_1_579' title='bbox 1996 3746 2069 3810; x_wconf 90' lang='lat' dir='ltr'><strong>Nisi</strong></span> <span class='ocrx_word' id='word_1_580' title='bbox 2101 3747 2190 3811; x_wconf 87' lang='lat' dir='ltr'><strong>enim</strong></span> 
     </span>
     <span class='ocr_line' id='line_1_41' title="bbox 186 3829 2189 3915; baseline 0.001 -20"><span class='ocrx_word' id='word_1_581' title='bbox 186 3832 318 3896; x_wconf 78' lang='lat' dir='ltr'><strong>vivifica</strong></span> <span class='ocrx_word' id='word_1_582' title='bbox 345 3829 475 3910; x_wconf 60' lang='lat' dir='ltr'><strong>dioitun</strong></span> <span class='ocrx_word' id='word_1_583' title='bbox 504 3853 586 3913; x_wconf 89' lang='lat' dir='ltr'><strong>quae</strong></span> <span class='ocrx_word' id='word_1_584' title='bbox 615 3833 702 3896; x_wconf 86' lang='lat' dir='ltr'><strong>vitae</strong></span> <span class='ocrx_word' id='word_1_585' title='bbox 729 3831 932 3914; x_wconf 90' lang='lat' dir='ltr'><strong>plenitudine</strong></span> <span class='ocrx_word' id='word_1_586' title='bbox 951 3832 1083 3915; x_wconf 69' lang='lat' dir='ltr'><strong>perfilsa</strong></span> <span class='ocrx_word' id='word_1_587' title='bbox 1104 3838 1163 3910; x_wconf 92' lang='lat' dir='ltr'><strong>est,</strong></span> <span class='ocrx_word' id='word_1_588' title='bbox 1215 3832 1287 3913; x_wconf 90' lang='lat' dir='ltr'><strong>quis</strong></span> <span class='ocrx_word' id='word_1_589' title='bbox 1317 3830 1466 3895; x_wconf 85' lang='lat' dir='ltr'><strong>fallacem</strong></span> <span class='ocrx_word' id='word_1_590' title='bbox 1499 3852 1616 3895; x_wconf 89' lang='lat' dir='ltr'><strong>vocare</strong></span> <span class='ocrx_word' id='word_1_591' title='bbox 1637 3831 1748 3895; x_wconf 92' lang='lat' dir='ltr'><strong>Deum</strong></span> <span class='ocrx_word' id='word_1_592' title='bbox 1780 3831 1881 3908; x_wconf 81' lang='lat' dir='ltr'><strong>volet,</strong></span> <span class='ocrx_word' id='word_1_593' title='bbox 1914 3831 2013 3895; x_wconf 89' lang='lat' dir='ltr'><strong>inane</strong></span> <span class='ocrx_word' id='word_1_594' title='bbox 2046 3833 2086 3896; x_wconf 90' lang='lat' dir='ltr'><strong>ab</strong></span> <span class='ocrx_word' id='word_1_595' title='bbox 2118 3833 2189 3914; x_wconf 89' lang='lat' dir='ltr'><strong>ipso</strong></span> 
     </span>
     <span class='ocr_line' id='line_1_42' title="bbox 187 3915 2189 4016; baseline 0.002 -37"><span class='ocrx_word' id='word_1_596' title='bbox 187 3936 286 3998; x_wconf 91' lang='lat' dir='ltr'><strong>quam</strong></span> <span class='ocrx_word' id='word_1_597' title='bbox 307 3917 349 3981; x_wconf 91' lang='lat' dir='ltr'><strong>ad</strong></span> <span class='ocrx_word' id='word_1_598' title='bbox 371 3937 430 3981; x_wconf 92' lang='lat' dir='ltr'><strong>nos</strong></span> <span class='ocrx_word' id='word_1_599' title='bbox 452 3918 697 3982; x_wconf 87' lang='lat' dir='ltr'><strong>transmitteret.</strong></span> <span class='ocrx_word' id='word_1_600' title='bbox 741 3918 783 3981; x_wconf 92' lang='lat' dir='ltr'><strong>In</strong></span> <span class='ocrx_word' id='word_1_601' title='bbox 805 3939 902 4001; x_wconf 90' lang='lat' dir='ltr'><strong>quem</strong></span> <span class='ocrx_word' id='word_1_602' title='bbox 923 3939 1056 3984; x_wconf 87' lang='lat' dir='ltr'><strong>sensum</strong></span> <span class='ocrx_word' id='word_1_603' title='bbox 1082 3917 1164 3982; x_wconf 91' lang='lat' dir='ltr'><strong>illud</strong></span> <span class='ocrx_word' id='word_1_604' title='bbox 1215 3915 1399 4016; x_wconf 64' lang='lat' dir='ltr'><strong>symbolum</strong></span> <span class='ocrx_word' id='word_1_605' title='bbox 1420 3916 1565 3998; x_wconf 90' lang='lat' dir='ltr'><strong>proponi,</strong></span> <span class='ocrx_word' id='word_1_606' title='bbox 1588 3937 1756 3999; x_wconf 92' lang='lat' dir='ltr'><strong>nunquam</strong></span> <span class='ocrx_word' id='word_1_607' title='bbox 1778 3915 1884 3981; x_wconf 89' lang='lat' dir='ltr'><strong>dicere</strong></span> <span class='ocrx_word' id='word_1_608' title='bbox 1902 3917 2029 3981; x_wconf 88' lang='lat' dir='ltr'><strong>audeat.</strong></span> <span class='ocrx_word' id='word_1_609' title='bbox 2074 3917 2189 4000; x_wconf 87' lang='lat' dir='ltr'><strong>Itaque</strong></span> 
     </span>
     <span class='ocr_line' id='line_1_43' title="bbox 187 3999 2188 4089; baseline 0.001 -24"><span class='ocrx_word' id='word_1_610' title='bbox 187 3999 311 4066; x_wconf 87' lang='lat' dir='ltr'><strong>Christi</strong></span> <span class='ocrx_word' id='word_1_611' title='bbox 323 4001 427 4085; x_wconf 91' lang='lat' dir='ltr'><strong>(Ioan.</strong></span> <span class='ocrx_word' id='word_1_612' title='bbox 449 4008 476 4080; x_wconf 80' lang='lat'><strong>5,</strong></span> <span class='ocrx_word' id='word_1_613' title='bbox 496 4001 552 4085; x_wconf 85' lang='lat'><strong>26)</strong></span> <span class='ocrx_word' id='word_1_614' title='bbox 575 4003 698 4068; x_wconf 89' lang='lat' dir='ltr'><strong>dictum</strong></span> <span class='ocrx_word' id='word_1_615' title='bbox 716 4025 791 4069; x_wconf 91' lang='lat' dir='ltr'><strong>cum</strong></span> <span class='ocrx_word' id='word_1_616' title='bbox 809 4002 933 4089; x_wconf 82' lang='lat' dir='ltr'><strong>Cyrillo</strong></span> <span class='ocrx_word' id='word_1_617' title='bbox 955 4005 1164 4085; x_wconf 86' lang='lat' dir='ltr'><strong>interpretor:</strong></span> <span class='ocrx_word' id='word_1_618' title='bbox 1216 4025 1243 4067; x_wconf 86' lang='lat' dir='ltr'><strong>sr</strong></span> <span class='ocrx_word' id='word_1_619' title='bbox 1265 4023 1324 4085; x_wconf 92' lang='lat' dir='ltr'><strong>per</strong></span> <span class='ocrx_word' id='word_1_620' title='bbox 1345 4002 1535 4066; x_wconf 87' lang='lat' dir='ltr'><strong>fractionem</strong></span> <span class='ocrx_word' id='word_1_621' title='bbox 1556 4001 1651 4085; x_wconf 90' lang='lat' dir='ltr'><strong>panis</strong></span> <span class='ocrx_word' id='word_1_622' title='bbox 1669 4003 1832 4067; x_wconf 88' lang='lat' dir='ltr'><strong>Dominus</strong></span> <span class='ocrx_word' id='word_1_623' title='bbox 1849 4005 1993 4085; x_wconf 87' lang='lat' dir='ltr'><strong>corporis</strong></span> <span class='ocrx_word' id='word_1_624' title='bbox 2015 4004 2066 4068; x_wconf 89' lang='lat' dir='ltr'><strong>sui</strong></span> <span class='ocrx_word' id='word_1_625' title='bbox 2087 4005 2188 4085; x_wconf 89' lang='lat' dir='ltr'><strong>parti-</strong></span> 
     </span>
     <span class='ocr_line' id='line_1_44' title="bbox 188 4087 2189 4172; baseline 0.002 -22"><span class='ocrx_word' id='word_1_626' title='bbox 188 4088 272 4151; x_wconf 90' lang='lat' dir='ltr'><strong>sicut</strong></span> <span class='ocrx_word' id='word_1_627' title='bbox 298 4095 391 4169; x_wconf 91' lang='lat' dir='ltr'><strong>pater</strong></span> <span class='ocrx_word' id='word_1_628' title='bbox 418 4089 521 4152; x_wconf 87' lang='lat' dir='ltr'><strong>vitam</strong></span> <span class='ocrx_word' id='word_1_629' title='bbox 553 4087 653 4154; x_wconf 88' lang='lat' dir='ltr'><strong>habet</strong></span> <span class='ocrx_word' id='word_1_630' title='bbox 678 4091 713 4153; x_wconf 92' lang='lat' dir='ltr'><strong>in</strong></span> <span class='ocrx_word' id='word_1_631' title='bbox 746 4091 933 4172; x_wconf 88' lang='lat' dir='ltr'><strong>semetipso,</strong></span> <span class='ocrx_word' id='word_1_632' title='bbox 964 4091 1011 4154; x_wconf 88' lang='lat' dir='ltr'><strong>ita</strong></span> <span class='ocrx_word' id='word_1_633' title='bbox 1037 4096 1070 4154; x_wconf 93' lang='lat' dir='ltr'><strong>et</strong></span> <span class='ocrx_word' id='word_1_634' title='bbox 1096 4090 1163 4154; x_wconf 93' lang='lat' dir='ltr'><strong>filio</strong></span> <span class='ocrx_word' id='word_1_635' title='bbox 1215 4087 1410 4170; x_wconf 86' lang='lat' dir='ltr'><strong>cipationom</strong></span> <span class='ocrx_word' id='word_1_636' title='bbox 1431 4108 1509 4152; x_wconf 88' lang='lat' dir='ltr'><strong>vere</strong></span> <span class='ocrx_word' id='word_1_637' title='bbox 1535 4094 1774 4169; x_wconf 88' lang='lat' dir='ltr'><strong>repraesentat,</strong></span> <span class='ocrx_word' id='word_1_638' title='bbox 1802 4089 1937 4153; x_wconf 89' lang='lat' dir='ltr'><strong>minime</strong></span> <span class='ocrx_word' id='word_1_639' title='bbox 1960 4088 2094 4154; x_wconf 93' lang='lat' dir='ltr'><strong>dubium</strong></span> <span class='ocrx_word' id='word_1_640' title='bbox 2118 4109 2189 4154; x_wconf 86' lang='lat' dir='ltr'><strong>esse</strong></span> 
     </span>
     <span class='ocr_line' id='line_1_45' title="bbox 188 4171 2188 4257; baseline 0.001 -21"><span class='ocrx_word' id='word_1_641' title='bbox 188 4171 277 4236; x_wconf 90' lang='lat' dir='ltr'><strong>dedit</strong></span> <span class='ocrx_word' id='word_1_642' title='bbox 304 4174 406 4236; x_wconf 87' lang='lat' dir='ltr'><strong>vitam</strong></span> <span class='ocrx_word' id='word_1_643' title='bbox 436 4173 556 4239; x_wconf 90' lang='lat' dir='ltr'><strong>habere</strong></span> <span class='ocrx_word' id='word_1_644' title='bbox 583 4176 619 4238; x_wconf 91' lang='lat' dir='ltr'><strong>in</strong></span> <span class='ocrx_word' id='word_1_645' title='bbox 647 4176 827 4257; x_wconf 89' lang='lat' dir='ltr'><strong>semetipso.</strong></span> <span class='ocrx_word' id='word_1_646' title='bbox 873 4176 946 4240; x_wconf 80' lang='lat' dir='ltr'><strong>illic</strong></span> <span class='ocrx_word' id='word_1_647' title='bbox 973 4176 1060 4240; x_wconf 90' lang='lat' dir='ltr'><strong>enim</strong></span> <span class='ocrx_word' id='word_1_648' title='bbox 1073 4196 1163 4257; x_wconf 86' lang='lat' dir='ltr'><strong>.pro·</strong></span> <span class='ocrx_word' id='word_1_649' title='bbox 1216 4173 1325 4253; x_wconf 89' lang='lat' dir='ltr'><strong>debet,</strong></span> <span class='ocrx_word' id='word_1_650' title='bbox 1359 4174 1438 4256; x_wconf 93' lang='lat' dir='ltr'><strong>quin</strong></span> <span class='ocrx_word' id='word_1_651' title='bbox 1463 4194 1540 4238; x_wconf 84' lang='lat' dir='ltr'><strong>vere</strong></span> <span class='ocrx_word' id='word_1_652' title='bbox 1572 4180 1717 4256; x_wconf 89' lang='lat' dir='ltr'><strong>praestet</strong></span> <span class='ocrx_word' id='word_1_653' title='bbox 1749 4180 1845 4256; x_wconf 84' lang='lat' dir='ltr'><strong>atquo</strong></span> <span class='ocrx_word' id='word_1_654' title='bbox 1872 4174 2034 4240; x_wconf 91' lang='lat' dir='ltr'><strong>exhibeat.</strong></span> <span class='ocrx_word' id='word_1_655' title='bbox 2079 4175 2188 4256; x_wconf 84' lang='lat' dir='ltr'><strong>Atque</strong></span> 
     </span>
     <span class='ocr_line' id='line_1_46' title="bbox 187 4258 2188 4343; baseline 0.001 -22"><span class='ocrx_word' id='word_1_656' title='bbox 187 4259 258 4340; x_wconf 91' lang='lat' dir='ltr'><strong>prie</strong></span> <span class='ocrx_word' id='word_1_657' title='bbox 287 4258 326 4321; x_wconf 90' lang='lat' dir='ltr'><strong>de</strong></span> <span class='ocrx_word' id='word_1_658' title='bbox 355 4259 423 4323; x_wconf 91' lang='lat' dir='ltr'><strong>suis</strong></span> <span class='ocrx_word' id='word_1_659' title='bbox 457 4259 585 4325; x_wconf 91' lang='lat' dir='ltr'><strong>dotibus</strong></span> <span class='ocrx_word' id='word_1_660' title='bbox 619 4260 762 4339; x_wconf 91' lang='lat' dir='ltr'><strong>disserit,</strong></span> <span class='ocrx_word' id='word_1_661' title='bbox 796 4282 862 4324; x_wconf 93' lang='lat' dir='ltr'><strong>non</strong></span> <span class='ocrx_word' id='word_1_662' title='bbox 895 4283 975 4343; x_wconf 90' lang='lat' dir='ltr'><strong>quas</strong></span> <span class='ocrx_word' id='word_1_663' title='bbox 1002 4262 1042 4327; x_wconf 90' lang='lat' dir='ltr'><strong>ab</strong></span> <span class='ocrx_word' id='word_1_664' title='bbox 1071 4261 1163 4326; x_wconf 89' lang='lat' dir='ltr'><strong>initio</strong></span> <span class='ocrx_word' id='word_1_665' title='bbox 1214 4261 1347 4325; x_wconf 90' lang='lat' dir='ltr'><strong>omnino</strong></span> <span class='ocrx_word' id='word_1_666' title='bbox 1373 4259 1497 4324; x_wconf 73' lang='lat' dir='ltr'><strong>isthmo</strong></span> <span class='ocrx_word' id='word_1_667' title='bbox 1525 4259 1587 4343; x_wconf 92' lang='lat' dir='ltr'><strong>piis</strong></span> <span class='ocrx_word' id='word_1_668' title='bbox 1614 4259 1757 4324; x_wconf 91' lang='lat' dir='ltr'><strong>tenenda</strong></span> <span class='ocrx_word' id='word_1_669' title='bbox 1777 4259 1892 4343; x_wconf 89' lang='lat' dir='ltr'><strong>regula</strong></span> <span class='ocrx_word' id='word_1_670' title='bbox 1918 4267 1980 4325; x_wconf 90' lang='lat' dir='ltr'><strong>est:</strong></span> <span class='ocrx_word' id='word_1_671' title='bbox 2004 4266 2041 4324; x_wconf 94' lang='lat' dir='ltr'><strong>ut</strong></span> <span class='ocrx_word' id='word_1_672' title='bbox 2062 4260 2188 4340; x_wconf 89' lang='lat' dir='ltr'><strong>quoties</strong></span> 
     </span>
     <span class='ocr_line' id='line_1_47' title="bbox 188 4344 2187 4431; baseline 0.001 -24"><span class='ocrx_word' id='word_1_673' title='bbox 188 4344 274 4426; x_wconf 88' lang='lat' dir='ltr'><strong>apud</strong></span> <span class='ocrx_word' id='word_1_674' title='bbox 296 4351 423 4425; x_wconf 92' lang='lat' dir='ltr'><strong>patrem</strong></span> <span class='ocrx_word' id='word_1_675' title='bbox 445 4344 643 4426; x_wconf 90' lang='lat' dir='ltr'><strong>possidebat,</strong></span> <span class='ocrx_word' id='word_1_676' title='bbox 674 4345 731 4411; x_wconf 92' lang='lat' dir='ltr'><strong>sed</strong></span> <span class='ocrx_word' id='word_1_677' title='bbox 752 4346 869 4428; x_wconf 89' lang='lat' dir='ltr'><strong>quibus</strong></span> <span class='ocrx_word' id='word_1_678' title='bbox 891 4354 1025 4412; x_wconf 90' lang='lat' dir='ltr'><strong>ornatus</strong></span> <span class='ocrx_word' id='word_1_679' title='bbox 1046 4347 1109 4412; x_wconf 88' lang='lat' dir='ltr'><strong>fuit</strong></span> <span class='ocrx_word' id='word_1_680' title='bbox 1128 4348 1163 4412; x_wconf 92' lang='lat' dir='ltr'><strong>in</strong></span> <span class='ocrx_word' id='word_1_681' title='bbox 1214 4344 1362 4431; x_wconf 79' lang='lat' dir='ltr'><strong>symbola</strong></span> <span class='ocrx_word' id='word_1_682' title='bbox 1379 4344 1493 4410; x_wconf 83' lang='lat' dir='ltr'><strong>vident</strong></span> <span class='ocrx_word' id='word_1_683' title='bbox 1510 4346 1683 4409; x_wconf 92' lang='lat' dir='ltr'><strong>aDomino</strong></span> <span class='ocrx_word' id='word_1_684' title='bbox 1704 4346 1863 4423; x_wconf 87' lang='lat' dir='ltr'><strong>instituta,</strong></span> <span class='ocrx_word' id='word_1_685' title='bbox 1885 4344 1954 4411; x_wconf 92' lang='lat' dir='ltr'><strong>illic</strong></span> <span class='ocrx_word' id='word_1_686' title='bbox 1975 4346 2023 4409; x_wconf 90' lang='lat' dir='ltr'><strong>rei</strong></span> <span class='ocrx_word' id='word_1_687' title='bbox 2040 4346 2187 4427; x_wconf 87' lang='lat' dir='ltr'><strong>signatae</strong></span> 
     </span>
     <span class='ocr_line' id='line_1_48' title="bbox 188 4429 2185 4515; baseline 0 -21"><span class='ocrx_word' id='word_1_688' title='bbox 188 4451 227 4494; x_wconf 89' lang='lat' dir='ltr'><strong>ea</strong></span> <span class='ocrx_word' id='word_1_689' title='bbox 255 4431 327 4511; x_wconf 90' lang='lat' dir='ltr'><strong>ipsa</strong></span> <span class='ocrx_word' id='word_1_690' title='bbox 352 4451 467 4507; x_wconf 88' lang='lat' dir='ltr'><strong>carne,</strong></span> <span class='ocrx_word' id='word_1_691' title='bbox 501 4432 536 4495; x_wconf 96' lang='lat' dir='ltr'><strong>in</strong></span> <span class='ocrx_word' id='word_1_692' title='bbox 569 4453 634 4514; x_wconf 91' lang='lat' dir='ltr'><strong>qua</strong></span> <span class='ocrx_word' id='word_1_693' title='bbox 666 4432 824 4513; x_wconf 90' lang='lat' dir='ltr'><strong>apparuit.</strong></span> <span class='ocrx_word' id='word_1_694' title='bbox 868 4433 1012 4511; x_wconf 86' lang='lat' dir='ltr'><strong>Proinde</strong></span> <span class='ocrx_word' id='word_1_695' title='bbox 1042 4433 1078 4496; x_wconf 93' lang='lat' dir='ltr'><strong>in</strong></span> <span class='ocrx_word' id='word_1_696' title='bbox 1103 4453 1163 4497; x_wconf 91' lang='lat' dir='ltr'><strong>sua</strong></span> <span class='ocrx_word' id='word_1_697' title='bbox 1213 4432 1385 4496; x_wconf 80' lang='lat' dir='ltr'><strong>veritatem</strong></span> <span class='ocrx_word' id='word_1_698' title='bbox 1407 4430 1520 4496; x_wconf 85' lang='lat' dir='ltr'><strong>adosse</strong></span> <span class='ocrx_word' id='word_1_699' title='bbox 1541 4437 1629 4496; x_wconf 84' lang='lat' dir='ltr'><strong>certo</strong></span> <span class='ocrx_word' id='word_1_700' title='bbox 1651 4432 1796 4515; x_wconf 89' lang='lat' dir='ltr'><strong>cogitent</strong></span> <span class='ocrx_word' id='word_1_701' title='bbox 1817 4451 1855 4496; x_wconf 86' lang='lat' dir='ltr'><strong>ac</strong></span> <span class='ocrx_word' id='word_1_702' title='bbox 1877 4430 1938 4496; x_wconf 88' lang='lat' dir='ltr'><strong>sibi</strong></span> <span class='ocrx_word' id='word_1_703' title='bbox 1959 4429 2185 4512; x_wconf 89' lang='lat' dir='ltr'><strong>persuadoant.</strong></span> 
     </span>
     <span class='ocr_line' id='line_1_49' title="bbox 186 4515 2187 4602; baseline 0.001 -24"><span class='ocrx_word' id='word_1_704' title='bbox 186 4536 313 4598; x_wconf 91' lang='lat' dir='ltr'><strong>quoque</strong></span> <span class='ocrx_word' id='word_1_705' title='bbox 325 4515 529 4581; x_wconf 89' lang='lat' dir='ltr'><strong>humanitate</strong></span> <span class='ocrx_word' id='word_1_706' title='bbox 540 4519 628 4582; x_wconf 83' lang='lat' dir='ltr'><strong>ritae</strong></span> <span class='ocrx_word' id='word_1_707' title='bbox 643 4517 878 4599; x_wconf 88' lang='lat' dir='ltr'><strong>plenitudinem</strong></span> <span class='ocrx_word' id='word_1_708' title='bbox 895 4518 1043 4584; x_wconf 89' lang='lat' dir='ltr'><strong>habitare</strong></span> <span class='ocrx_word' id='word_1_709' title='bbox 1054 4525 1161 4583; x_wconf 90' lang='lat' dir='ltr'><strong>osten-</strong></span> <span class='ocrx_word' id='word_1_710' title='bbox 1213 4515 1380 4597; x_wconf 78' lang='lat' dir='ltr'><strong>Quorsum</strong></span> <span class='ocrx_word' id='word_1_711' title='bbox 1401 4517 1488 4581; x_wconf 85' lang='lat' dir='ltr'><strong>onim</strong></span> <span class='ocrx_word' id='word_1_712' title='bbox 1505 4516 1649 4599; x_wconf 85' lang='lat' dir='ltr'><strong>corporis</strong></span> <span class='ocrx_word' id='word_1_713' title='bbox 1671 4518 1722 4582; x_wconf 91' lang='lat' dir='ltr'><strong>sui</strong></span> <span class='ocrx_word' id='word_1_714' title='bbox 1744 4516 1928 4602; x_wconf 86' lang='lat' dir='ltr'><strong>symbolum</strong></span> <span class='ocrx_word' id='word_1_715' title='bbox 1949 4515 2008 4579; x_wconf 92' lang='lat' dir='ltr'><strong>tibi</strong></span> <span class='ocrx_word' id='word_1_716' title='bbox 2024 4516 2187 4581; x_wconf 88' lang='lat' dir='ltr'><strong>Dominus</strong></span> 
     </span>
     <span class='ocr_line' id='line_1_50' title="bbox 187 4601 2187 4687; baseline 0.001 -22"><span class='ocrx_word' id='word_1_717' title='bbox 187 4601 248 4665; x_wconf 88' lang='lat' dir='ltr'><strong>dit:</strong></span> <span class='ocrx_word' id='word_1_718' title='bbox 282 4609 319 4666; x_wconf 90' lang='lat' dir='ltr'><strong>ut</strong></span> <span class='ocrx_word' id='word_1_719' title='bbox 346 4602 490 4684; x_wconf 90' lang='lat' dir='ltr'><strong>quisquis</strong></span> <span class='ocrx_word' id='word_1_720' title='bbox 517 4604 609 4667; x_wconf 89' lang='lat' dir='ltr'><strong>carni</strong></span> <span class='ocrx_word' id='word_1_721' title='bbox 637 4624 715 4668; x_wconf 90' lang='lat' dir='ltr'><strong>suae</strong></span> <span class='ocrx_word' id='word_1_722' title='bbox 737 4625 774 4669; x_wconf 90' lang='lat' dir='ltr'><strong>ao</strong></span> <span class='ocrx_word' id='word_1_723' title='bbox 803 4604 955 4687; x_wconf 86' lang='lat' dir='ltr'><strong>sanguini</strong></span> <span class='ocrx_word' id='word_1_724' title='bbox 981 4604 1161 4669; x_wconf 91' lang='lat' dir='ltr'><strong>communi-</strong></span> <span class='ocrx_word' id='word_1_725' title='bbox 1212 4603 1248 4667; x_wconf 91' lang='lat' dir='ltr'><strong>in</strong></span> <span class='ocrx_word' id='word_1_726' title='bbox 1269 4624 1405 4668; x_wconf 91' lang='lat' dir='ltr'><strong>manum</strong></span> <span class='ocrx_word' id='word_1_727' title='bbox 1426 4602 1587 4686; x_wconf 87' lang='lat' dir='ltr'><strong>porrigat,</strong></span> <span class='ocrx_word' id='word_1_728' title='bbox 1615 4603 1679 4667; x_wconf 89' lang='lat' dir='ltr'><strong>nisi</strong></span> <span class='ocrx_word' id='word_1_729' title='bbox 1701 4609 1739 4667; x_wconf 92' lang='lat' dir='ltr'><strong>ut</strong></span> <span class='ocrx_word' id='word_1_730' title='bbox 1761 4601 1801 4667; x_wconf 90' lang='lat' dir='ltr'><strong>de</strong></span> <span class='ocrx_word' id='word_1_731' title='bbox 1822 4622 1901 4667; x_wconf 83' lang='lat' dir='ltr'><strong>vera</strong></span> <span class='ocrx_word' id='word_1_732' title='bbox 1922 4601 1991 4666; x_wconf 91' lang='lat' dir='ltr'><strong>eius</strong></span> <span class='ocrx_word' id='word_1_733' title='bbox 2013 4601 2187 4683; x_wconf 85' lang='lat' dir='ltr'><strong>participa·</strong></span> 
     </span>
     <span class='ocr_line' id='line_1_51' title="bbox 187 4686 2190 4772; baseline -0 -20"><span class='ocrx_word' id='word_1_734' title='bbox 187 4688 283 4761; x_wconf 88' lang='lat' dir='ltr'><strong>carit,</strong></span> <span class='ocrx_word' id='word_1_735' title='bbox 313 4688 399 4753; x_wconf 86' lang='lat' dir='ltr'><strong>vitae</strong></span> <span class='ocrx_word' id='word_1_736' title='bbox 425 4690 673 4771; x_wconf 89' lang='lat' dir='ltr'><strong>participatione</strong></span> <span class='ocrx_word' id='word_1_737' title='bbox 700 4689 798 4754; x_wconf 92' lang='lat' dir='ltr'><strong>simul</strong></span> <span class='ocrx_word' id='word_1_738' title='bbox 823 4688 960 4754; x_wconf 78' lang='lat' dir='ltr'><strong>fimatur.</strong></span> <span class='ocrx_word' id='word_1_739' title='bbox 1004 4689 1045 4753; x_wconf 94' lang='lat' dir='ltr'><strong>Id</strong></span> <span class='ocrx_word' id='word_1_740' title='bbox 1066 4689 1161 4772; x_wconf 88' lang='lat' dir='ltr'><strong>quale</strong></span> <span class='ocrx_word' id='word_1_741' title='bbox 1213 4689 1302 4753; x_wconf 93' lang='lat' dir='ltr'><strong>tione</strong></span> <span class='ocrx_word' id='word_1_742' title='bbox 1324 4695 1356 4753; x_wconf 93' lang='lat' dir='ltr'><strong>te</strong></span> <span class='ocrx_word' id='word_1_743' title='bbox 1378 4688 1550 4754; x_wconf 91' lang='lat' dir='ltr'><strong>certiorem</strong></span> <span class='ocrx_word' id='word_1_744' title='bbox 1570 4687 1689 4753; x_wconf 83' lang='lat' dir='ltr'><strong>faciat?</strong></span> <span class='ocrx_word' id='word_1_745' title='bbox 1720 4686 1864 4768; x_wconf 77' lang='lat' dir='ltr'><strong>Quodsi</strong></span> <span class='ocrx_word' id='word_1_746' title='bbox 1888 4695 2190 4770; x_wconf 66' lang='lat' dir='ltr'><strong>verumestpraa</strong></span> 
     </span>
     <span class='ocr_line' id='line_1_52' title="bbox 187 4770 2187 4857; baseline 0 -20"><span class='ocrx_word' id='word_1_747' title='bbox 187 4774 230 4837; x_wconf 87' lang='lat' dir='ltr'><strong>sit</strong></span> <span class='ocrx_word' id='word_1_748' title='bbox 256 4773 408 4838; x_wconf 91' lang='lat' dir='ltr'><strong>familiari</strong></span> <span class='ocrx_word' id='word_1_749' title='bbox 444 4776 592 4856; x_wconf 89' lang='lat' dir='ltr'><strong>exemplo</strong></span> <span class='ocrx_word' id='word_1_750' title='bbox 619 4774 781 4857; x_wconf 89' lang='lat' dir='ltr'><strong>explicare</strong></span> <span class='ocrx_word' id='word_1_751' title='bbox 807 4774 890 4839; x_wconf 86' lang='lat' dir='ltr'><strong>licet</strong></span> <span class='ocrx_word' id='word_1_752' title='bbox 942 4773 1161 4855; x_wconf 77' lang='lat' dir='ltr'><strong>Quemadmo-</strong></span> <span class='ocrx_word' id='word_1_753' title='bbox 1212 4773 1283 4838; x_wconf 89' lang='lat' dir='ltr'><strong>beri</strong></span> <span class='ocrx_word' id='word_1_754' title='bbox 1303 4774 1396 4840; x_wconf 90' lang='lat' dir='ltr'><strong>nobis</strong></span> <span class='ocrx_word' id='word_1_755' title='bbox 1416 4773 1547 4857; x_wconf 88' lang='lat' dir='ltr'><strong>signum</strong></span> <span class='ocrx_word' id='word_1_756' title='bbox 1573 4775 1716 4853; x_wconf 87' lang='lat' dir='ltr'><strong>visibile,</strong></span> <span class='ocrx_word' id='word_1_757' title='bbox 1746 4772 1787 4837; x_wconf 89' lang='lat' dir='ltr'><strong>ad</strong></span> <span class='ocrx_word' id='word_1_758' title='bbox 1815 4770 2050 4855; x_wconf 82' lang='lat' dir='ltr'><strong>obsignandum</strong></span> <span class='ocrx_word' id='word_1_759' title='bbox 2072 4773 2187 4838; x_wconf 81' lang='lat' dir='ltr'><strong>invisi-</strong></span> 
     </span>
     <span class='ocr_line' id='line_1_53' title="bbox 187 4858 1161 4942; baseline 0.003 -21"><span class='ocrx_word' id='word_1_760' title='bbox 187 4858 266 4922; x_wconf 93' lang='lat' dir='ltr'><strong>dum</strong></span> <span class='ocrx_word' id='word_1_761' title='bbox 287 4861 374 4924; x_wconf 92' lang='lat' dir='ltr'><strong>enim</strong></span> <span class='ocrx_word' id='word_1_762' title='bbox 398 4880 416 4924; x_wconf 92' lang='lat' dir='ltr'><strong>e</strong></span> <span class='ocrx_word' id='word_1_763' title='bbox 436 4860 525 4924; x_wconf 90' lang='lat' dir='ltr'><strong>fonte</strong></span> <span class='ocrx_word' id='word_1_764' title='bbox 554 4878 639 4942; x_wconf 84' lang='lat' dir='ltr'><strong>aqua</strong></span> <span class='ocrx_word' id='word_1_765' title='bbox 665 4882 753 4925; x_wconf 90' lang='lat' dir='ltr'><strong>nunc</strong></span> <span class='ocrx_word' id='word_1_766' title='bbox 774 4859 910 4938; x_wconf 92' lang='lat' dir='ltr'><strong>bibitur,</strong></span> <span class='ocrx_word' id='word_1_767' title='bbox 938 4882 1026 4925; x_wconf 90' lang='lat' dir='ltr'><strong>nuno</strong></span> <span class='ocrx_word' id='word_1_768' title='bbox 1048 4859 1161 4924; x_wconf 88' lang='lat' dir='ltr'><strong>hauri-</strong></span> 
     </span>
     <span class='ocr_line' id='line_1_54' title="bbox 187 4944 1380 5030; baseline 0.003 -24"><span class='ocrx_word' id='word_1_769' title='bbox 187 4949 256 5022; x_wconf 89' lang='lat' dir='ltr'><strong>tur,</strong></span> <span class='ocrx_word' id='word_1_770' title='bbox 289 4967 376 5011; x_wconf 90' lang='lat' dir='ltr'><strong>nunc</strong></span> <span class='ocrx_word' id='word_1_771' title='bbox 403 4966 462 5029; x_wconf 87' lang='lat' dir='ltr'><strong>per</strong></span> <span class='ocrx_word' id='word_1_772' title='bbox 491 4947 621 5012; x_wconf 88' lang='lat' dir='ltr'><strong>canales</strong></span> <span class='ocrx_word' id='word_1_773' title='bbox 655 4944 831 5030; x_wconf 86' lang='lat' dir='ltr'><strong>irrigandis</strong></span> <span class='ocrx_word' id='word_1_774' title='bbox 859 4946 946 5030; x_wconf 85' lang='lat' dir='ltr'><strong>agris</strong></span> <span class='ocrx_word' id='word_1_775' title='bbox 981 4945 1160 5023; x_wconf 88' lang='lat' dir='ltr'><strong>deducitur,</strong></span> <span class='ocrx_word' id='word_1_776' title='bbox 1216 4946 1380 4953; x_wconf 51' lang='lat'><strong>*⁸*—</strong></span> 
     </span>
    </p>
   </div>
   <div class='ocr_carea' id='block_1_3' title="bbox 187 5024 2187 5248">
    <p class='ocr_par' dir='ltr' id='par_1_3' title="bbox 187 5024 2187 5248">
     <span class='ocr_line' id='line_1_55' title="bbox 187 5024 2187 5116; baseline -0.009 -19"><span class='ocrx_word' id='word_1_777' title='bbox 187 5029 243 5110; x_wconf 87' lang='lat' dir='ltr'><strong>qui</strong></span> <span class='ocrx_word' id='word_1_778' title='bbox 264 5037 375 5095; x_wconf 89' lang='lat' dir='ltr'><strong>tamen</strong></span> <span class='ocrx_word' id='word_1_779' title='bbox 394 5052 461 5095; x_wconf 92' lang='lat' dir='ltr'><strong>non</strong></span> <span class='ocrx_word' id='word_1_780' title='bbox 483 5053 503 5097; x_wconf 88' lang='lat' dir='ltr'><strong>a</strong></span> <span class='ocrx_word' id='word_1_781' title='bbox 525 5054 560 5097; x_wconf 91' lang='lat' dir='ltr'><strong>se</strong></span> <span class='ocrx_word' id='word_1_782' title='bbox 581 5034 652 5116; x_wconf 89' lang='lat' dir='ltr'><strong>ipso</strong></span> <span class='ocrx_word' id='word_1_783' title='bbox 673 5032 831 5098; x_wconf 87' lang='lat' dir='ltr'><strong>exuberat</strong></span> <span class='ocrx_word' id='word_1_784' title='bbox 851 5031 886 5096; x_wconf 93' lang='lat' dir='ltr'><strong>in</strong></span> <span class='ocrx_word' id='word_1_785' title='bbox 907 5036 956 5096; x_wconf 89' lang='lat' dir='ltr'><strong>tot</strong></span> <span class='ocrx_word' id='word_1_786' title='bbox 976 5053 1069 5110; x_wconf 88' lang='lat' dir='ltr'><strong>usus,</strong></span> <span class='ocrx_word' id='word_1_787' title='bbox 1104 5030 1162 5096; x_wconf 86' lang='lat' dir='ltr'><strong>sed</strong></span> <span class='ocrx_word' id='word_1_788' title='bbox 1265 5024 1368 5095; x_wconf 81' lang='lat' dir='ltr'><strong>&#39;1)1a</strong></span> <span class='ocrx_word' id='word_1_789' title='bbox 1390 5028 1452 5083; x_wconf 74' lang='lat' dir='ltr'><strong>edit.</strong></span> <span class='ocrx_word' id='word_1_790' title='bbox 1475 5046 1501 5083; x_wconf 79' lang='lat' dir='ltr'><strong>a.</strong></span> <span class='ocrx_word' id='word_1_791' title='bbox 1526 5027 1593 5084; x_wconf 77' lang='lat'>1539</span> <span class='ocrx_word' id='word_1_792' title='bbox 1631 5029 1654 5096; x_wconf 66' lang='lat'><strong>5.</strong></span> <span class='ocrx_word' id='word_1_793' title='bbox 1678 5025 1713 5081; x_wconf 89' lang='lat'><strong>18</strong></span> <span class='ocrx_word' id='word_1_794' title='bbox 1730 5033 1796 5096; x_wconf 80' lang='lat' dir='ltr'><strong>post</strong></span> <span class='ocrx_word' id='word_1_795' title='bbox 1818 5028 1841 5094; x_wconf 69' lang='grc'><strong>5.</strong></span> <span class='ocrx_word' id='word_1_796' title='bbox 1864 5026 1900 5080; x_wconf 77' lang='lat'><strong>20</strong></span> <span class='ocrx_word' id='word_1_797' title='bbox 1922 5026 2028 5082; x_wconf 72' lang='lat' dir='ltr'><strong>dem</strong></span> <span class='ocrx_word' id='word_1_798' title='bbox 2051 5029 2187 5097; x_wconf 68' lang='lat' dir='ltr'><strong>requam,-</strong></span> 
     </span>
     <span class='ocr_line' id='line_1_56' title="bbox 188 5094 2187 5248; baseline -0.016 -72"><span class='ocrx_word' id='word_1_799' title='bbox 188 5114 228 5177; x_wconf 89' lang='lat' dir='ltr'><strong>ab</strong></span> <span class='ocrx_word' id='word_1_800' title='bbox 251 5116 321 5196; x_wconf 79' lang='lat' dir='ltr'><strong>ipsa</strong></span> <span class='ocrx_word' id='word_1_801' title='bbox 343 5119 551 5201; x_wconf 71' lang='lat' dir='ltr'><strong>scaturigine,</strong></span> <span class='ocrx_word' id='word_1_802' title='bbox 574 5138 657 5200; x_wconf 80' lang='lat' dir='ltr'><strong>quae</strong></span> <span class='ocrx_word' id='word_1_803' title='bbox 674 5119 811 5201; x_wconf 87' lang='lat' dir='ltr'><strong>perenni</strong></span> <span class='ocrx_word' id='word_1_804' title='bbox 831 5119 923 5181; x_wconf 89' lang='lat' dir='ltr'><strong>fluxu</strong></span> <span class='ocrx_word' id='word_1_805' title='bbox 944 5138 1064 5183; x_wconf 85' lang='lat' dir='ltr'><strong>novam</strong></span> <span class='ocrx_word' id='word_1_806' title='bbox 1086 5117 1161 5182; x_wconf 84' lang='lat' dir='ltr'><strong>sub·</strong></span> <span class='ocrx_word' id='word_1_807' title='bbox 1214 5094 1291 5234; x_wconf 43' lang='grc' dir='ltr'><strong>ἓξὲξ</strong></span> <span class='ocrx_word' id='word_1_808' title='bbox 1309 5095 1388 5231; x_wconf 49' lang='lat' dir='ltr'><strong>‘³⁶⁶ss</strong></span> <span class='ocrx_word' id='word_1_809' title='bbox 1401 5097 1573 5248; x_wconf 49' lang='lat' dir='ltr'><strong>1543),quss</strong></span> <span class='ocrx_word' id='word_1_810' title='bbox 1586 5095 1730 5220; x_wconf 56' lang='lat' dir='ltr'><strong>fildaotd</strong></span> <span class='ocrx_word' id='word_1_811' title='bbox 1731 5111 1864 5221; x_wconf 43' lang='grc' dir='ltr'><strong>ἔφη</strong></span> <span class='ocrx_word' id='word_1_812' title='bbox 1864 5095 2108 5236; x_wconf 44' lang='lat' dir='ltr'><strong>{magmas}</strong></span> <span class='ocrx_word' id='word_1_813' title='bbox 2110 5095 2187 5220; x_wconf 41' lang='lat' dir='ltr'><strong>1{1532ss</strong></span> 
     </span>
    </p>
   </div>
   <div class='ocr_carea' id='block_1_4' title="bbox 187 5198 2185 5374">
    <p class='ocr_par' dir='ltr' id='par_1_4' title="bbox 187 5198 2185 5374">
     <span class='ocr_line' id='line_1_57' title="bbox 187 5198 2185 5308; baseline 0.003 -25"><span class='ocrx_word' id='word_1_814' title='bbox 187 5198 268 5297; x_wconf 64' lang='lat' dir='ltr'><strong>inde,</strong></span> <span class='ocrx_word' id='word_1_815' title='bbox 299 5200 486 5302; x_wconf 54' lang='lat' dir='ltr'><strong>largitam</strong></span> <span class='ocrx_word' id='word_1_816' title='bbox 522 5203 571 5267; x_wconf 69' lang='lat' dir='ltr'><strong>iffi</strong></span> <span class='ocrx_word' id='word_1_817' title='bbox 609 5205 728 5304; x_wconf 58' lang='lat' dir='ltr'><strong>flllffissst</strong></span> <span class='ocrx_word' id='word_1_818' title='bbox 760 5226 803 5303; x_wconf 50' lang='grc' dir='ltr'><strong>Μ,</strong></span> <span class='ocrx_word' id='word_1_819' title='bbox 831 5205 1076 5304; x_wconf 45' lang='grc' dir='ltr'><strong>,Βξὼωὶῦᾗῦἵηῖο</strong></span> <span class='ocrx_word' id='word_1_820' title='bbox 1115 5204 1163 5302; x_wconf 57' lang='lat' dir='ltr'><strong>lt?</strong></span> <span class='ocrx_word' id='word_1_821' title='bbox 1213 5233 1270 5286; x_wconf 90' lang='lat' dir='ltr'><strong>lum</strong></span> <span class='ocrx_word' id='word_1_822' title='bbox 1288 5249 1354 5298; x_wconf 84' lang='lat' dir='ltr'><strong>esse,</strong></span> <span class='ocrx_word' id='word_1_823' title='bbox 1373 5250 1427 5287; x_wconf 91' lang='lat' dir='ltr'><strong>non</strong></span> <span class='ocrx_word' id='word_1_824' title='bbox 1444 5251 1502 5288; x_wconf 89' lang='lat' dir='ltr'><strong>rem</strong></span> <span class='ocrx_word' id='word_1_825' title='bbox 1519 5252 1613 5305; x_wconf 77' lang='lat' dir='ltr'><strong>ipsam.</strong></span> <span class='ocrx_word' id='word_1_826' title='bbox 1650 5236 1753 5290; x_wconf 87' lang='lat' dir='ltr'><strong>Verum</strong></span> <span class='ocrx_word' id='word_1_827' title='bbox 1775 5234 1826 5308; x_wconf 82' lang='lat' dir='ltr'><strong>hoc</strong></span> <span class='ocrx_word' id='word_1_828' title='bbox 1848 5236 1950 5303; x_wconf 86' lang='lat' dir='ltr'><strong>posito,</strong></span> <span class='ocrx_word' id='word_1_829' title='bbox 1974 5252 1991 5287; x_wconf 84' lang='lat' dir='ltr'><strong>a</strong></span> <span class='ocrx_word' id='word_1_830' title='bbox 2012 5236 2127 5305; x_wconf 85' lang='lat' dir='ltr'><strong>symboli</strong></span> <span class='ocrx_word' id='word_1_831' title='bbox 2145 5241 2185 5289; x_wconf 85' lang='lat' dir='ltr'><strong>ta·</strong></span> 
     </span>
     <span class='ocr_line' id='line_1_58' title="bbox 188 5283 2039 5374; baseline 0.004 -25"><span class='ocrx_word' id='word_1_832' title='bbox 188 5283 313 5350; x_wconf 78' lang='lat' dir='ltr'><strong>Chnstl</strong></span> <span class='ocrx_word' id='word_1_833' title='bbox 338 5307 414 5351; x_wconf 74' lang='lat' dir='ltr'><strong>earo</strong></span> <span class='ocrx_word' id='word_1_834' title='bbox 438 5296 544 5353; x_wconf 70' lang='lat' dir='ltr'><strong>mabar</strong></span> <span class='ocrx_word' id='word_1_835' title='bbox 570 5290 668 5356; x_wconf 68' lang='lat' dir='ltr'><strong>follius</strong></span> <span class='ocrx_word' id='word_1_836' title='bbox 694 5296 746 5356; x_wconf 79' lang='lat' dir='ltr'><strong>est</strong></span> <span class='ocrx_word' id='word_1_837' title='bbox 772 5289 883 5356; x_wconf 74' lang='lat' dir='ltr'><strong>dlvlhs</strong></span> <span class='ocrx_word' id='word_1_838' title='bbox 910 5298 943 5354; x_wconf 85' lang='lat' dir='ltr'><strong>et</strong></span> <span class='ocrx_word' id='word_1_839' title='bbox 963 5289 1161 5368; x_wconf 75' lang='lat' dir='ltr'><strong>inexhausti,</strong></span> <span class='ocrx_word' id='word_1_840' title='bbox 1214 5318 1275 5356; x_wconf 84' lang='lat' dir='ltr'><strong>rnen</strong></span> <span class='ocrx_word' id='word_1_841' title='bbox 1293 5301 1460 5357; x_wconf 87' lang='lat' dir='ltr'><strong>exhibitione</strong></span> <span class='ocrx_word' id='word_1_842' title='bbox 1477 5318 1535 5356; x_wconf 88' lang='lat' dir='ltr'><strong>rem</strong></span> <span class='ocrx_word' id='word_1_843' title='bbox 1552 5304 1639 5374; x_wconf 85' lang='lat' dir='ltr'><strong>ipsam</strong></span> <span class='ocrx_word' id='word_1_844' title='bbox 1657 5304 1788 5371; x_wconf 86' lang='lat' dir='ltr'><strong>exhiberi,</strong></span> <span class='ocrx_word' id='word_1_845' title='bbox 1806 5304 1859 5357; x_wconf 82' lang='lat' dir='ltr'><strong>rite</strong></span> <span class='ocrx_word' id='word_1_846' title='bbox 1876 5304 2039 5373; x_wconf 85' lang='lat' dir='ltr'><strong>colligemus.</strong></span> 
     </span>
    </p>
   </div>
   <div class='ocr_carea' id='block_1_5' title="bbox 0 0 2390 6022">
    <p class='ocr_par' dir='ltr' id='par_1_5' title="bbox 0 0 2390 6022">
     <span class='ocr_line' id='line_1_59' title="bbox 0 0 2390 6022; baseline 0 0"><span class='ocrx_word' id='word_1_847' title='bbox 0 0 2390 6022; x_wconf 95' lang='lat' dir='ltr'><strong> </strong></span> 
     </span>
    </p>
   </div>
  </div>
 </body>
</html>
