4770 6030
192 368 253 429 777
316 317 318 323 ’
728 356 826 423 777.
849 357 893 422 x.
916 357 1008 440 (77.)
1052 357 1116 421 77
1138 355 1517 423 77777777777777
1540 358 1681 423 rium.
2048 315 2054 360 ¹
2131 365 2193 425 777

191 477 305 544 7777
323 475 434 542 saue,
453 472 554 527 7777.

191 573 304 619 sumus
337 550 377 615 ab
410 459 602 614 aeternitaite
634 553 710 610 ante
742 544 857 610 mundi
890 544 1163 622 constitutionem,
1215 545 1263 610 les
1289 545 1490 610 innumerae.
1535 546 1612 611 Non
1639 547 1729 611 enim
1757 552 1813 611 aut
1834 548 2071 630 comparandae
2099 551 2195 616 iusti-

190 636 569 712 771177771777777117,
592 632 851 698 sedseeundum
882 631 985 696 divini
1012 631 1165 712 benepla·
1216 632 1655 709 1177,77177171171771777
1680 633 1895 715 acquirendae
1919 634 2106 699 facultatem
2129 636 2194 702 fide

190 722 247 789 citi
277 722 492 805 propositum;
534 719 620 801 quod
655 719 725 783 cius
765 724 869 783 morte
902 718 965 800 ipsi
998 739 1019 781 7
1050 717 1164 781 mortis
1216 715 1342 782 Christi
1373 717 1542 800 obtingere
1570 720 1756 802 significant
1762 743 1770 797 ;
1804 719 1861 784 771
1894 727 2069 803 utrumque
2101 722 2194 787 nobis
2220 764 2227 783 .

190 808 399 874 damnatione
432 806 590 888 redempti
624 827 661 870 ac
694 804 822 868 liberati
848 826 867 867 a
899 801 1080 885 perditione
1109 824 1163 866 77·
1216 801 1340 868 donari.
1385 803 1529 868 Proinde
1550 806 1648 869 simul
1671 811 1768 887 atque
1794 805 1973 887 perfidem
1995 807 2137 872 insertus
2159 829 2194 873 es

190 916 279 974 mus;
306 893 391 977 quod
414 894 448 956 in
470 893 539 973 ipso
560 891 704 973 adoptati
725 911 838 955 sumus
866 891 902 953 in
924 889 1008 953 filios
1031 896 1064 953 et
1086 888 1164 953 hae-
1217 887 1365 966 Chr-istc,
1395 890 1461 954 iam
1484 890 1571 955 filius
1593 892 1859 969 117117717777,
1884 891 2048 956 coelorum
2067 894 2193 974 haeres,

190 979 329 1046 771777
356 987 448 1060 77177
477 978 619 1055 coelesti;
647 976 732 1058 quod
758 998 818 1059 per
840 976 942 1058 ipsius
969 974 1164 1058 sanguinem
1216 975 1362 1039 iustitiae
1389 977 1567 1058 particeps,
1598 978 1686 1042 vitae
1712 998 1891 1059 possessor3
1921 999 1958 1042 77
1986 999 2049 1060 quo
2078 979 2194 1044 melius

190 1065 268 1132 huie
290 1087 403 1131 sumus
426 1063 638 1140 reconciliati;
660 1061 745 1145 quod
767 1061 815 1125 illi
837 1061 873 1125 in
894 1059 1074 1126 custodiam
1096 1059 1165 1124 dati
1217 1081 1330 1124 eorum
1351 1061 1522 1126 mendacia
1544 1071 1771 1146 coarguantur,
1795 1085 1861 1127 non
1884 1063 2021 1146 adeptus
2047 1065 2194 1129 merendi

189 1151 349 1234 pereundi
380 1149 612 1231 excidendique
635 1147 778 1231 periculo
800 1148 989 1225 eximimur3
1012 1145 1098 1228 quod
1114 1145 1164 1208 illi
1217 1148 1502 1228 opportunitatem,
1525 1148 1583 1212 sed
1605 1151 1715 1214 omnia
1737 1149 1861 1214 Christi
1883 1150 2010 1229 merita,
2035 1151 2193 1233 siquidem

190 1238 237 1303 117
263 1237 378 1301 1777711
405 1237 471 1299 iam
499 1236 585 1300 vitae
614 1242 765 1298 aeternae
793 1232 1029 1315 quodammodo
1051 1253 1165 1296 sumus
1217 1232 1278 1296 tibi
1300 1234 1591 1299 communicantur.

190 1324 374 1406 participes,
397 1323 432 1385 17
454 1343 592 1403 regnum
614 1321 677 1384 Dei
699 1342 758 1402 per
780 1341 872 1402 spem
892 1319 1040 1402 ingressi.
1080 1318 1164 1383 Nec-
1305 1323 1353 1382 55.
1399 1319 1451 1383 Ita
1477 1321 1666 1386 7771771777
1699 1321 1842 1400 77177177,
1872 1342 2019 1386 errorum
2047 1324 2194 1387 omnium

191 1409 270 1474 dum
291 1409 383 1472 finis:
410 1406 496 1488 quod
517 1407 617 1470 talem
643 1406 712 1470 eius
740 1405 1022 1487 participationem
1045 1403 1163 1486 adepti,
1216 1410 1347 1484 matres,
1370 1405 1634 1471 iustificationem
1654 1406 1741 1486 fidei,
1765 1429 1847 1490 quae
1868 1409 2000 1490 pietatis
2022 1415 2073 1472 est
2095 1410 2194 1473 totius

190 1499 356 1576 uteunque
388 1494 489 1557 simus
522 1491 629 1556 adhue
655 1493 691 1555 in
719 1492 812 1556 nobis
840 1490 945 1568 stulti,
974 1491 1042 1572 ipsc
1070 1491 1164 1554 nobis
1216 1511 1353 1570 summa,
1377 1491 1469 1555 nobis
1491 1492 1702 1556 sustulerunt
1747 1492 1910 1558 Fateatur
1931 1493 2062 1575 quidem
2085 1495 2193 1572 verbo,

190 1601 300 1646 coram
321 1580 393 1643 Deo
414 1578 573 1660 sapientia
594 1584 658 1655 est;
686 1585 722 1641 ut
742 1583 927 1658 peccatores
949 1577 1065 1653 simus,
1094 1577 1164 1658 ipse
1216 1577 1386 1641 iustificari
1413 1576 1478 1641 fide
1499 1577 1638 1643 formata
1666 1579 1846 1644 hominem:
1875 1578 1932 1642 sed
1952 1578 1987 1643 id
2007 1585 2121 1661 postea
2141 1581 2195 1643 in-

189 1665 283 1731 77117
309 1665 448 1741 iustitia;
477 1672 515 1727 ut
540 1663 702 1727 immundi
722 1664 838 1743 simus,
867 1664 937 1744 ipse
959 1663 1051 1727 nobis
1072 1662 1164 1744 puri·
1216 1669 1449 1745 terpretantur,
1472 1665 1627 1746 quoniam
1649 1686 1669 1728 7
1690 1664 1754 1729 fide
1776 1665 1900 1729 habent
1921 1665 2007 1731 bona
2028 1686 2134 1747 opera,
2158 1674 2196 1729 ut

189 1763 254 1830 tas;
274 1759 313 1814 ut
333 1751 456 1814 infirmi
478 1750 592 1827 simus,
622 1758 659 1812 ut
686 1751 828 1814 inermes
850 1755 883 1812 et
909 1757 1044 1813 satanae
1065 1768 1164 1829 expo·
1217 1746 1259 1811 ad
1286 1749 1445 1812 iustitiam
1473 1745 1619 1828 valeant3
1654 1757 1692 1814 ut
1718 1772 1822 1833 paone
1854 1773 1913 1833 per
1940 1750 2118 1815 ludibrium
2144 1753 2195 1816 71-

189 1837 262 1914 siti,
283 1837 347 1918 ipsi
368 1844 480 1900 tamen
502 1835 579 1899 data
601 1842 651 1899 est
665 1835 689 1920 ¹)
716 1836 861 1900 incaelo
887 1835 976 1898 etin
999 1842 1087 1898 terra
1107 1854 1165 1915 po·
1218 1833 1357 1898 deantur
1383 1835 1554 1899 nominare
1580 1835 1694 1915 fidem,
1725 1838 1802 1918 quia
1829 1837 1899 1901 sinc
1921 1837 2047 1920 ingenti
2069 1836 2194 1902 1771117

189 1929 307 2001 177177,
337 1943 402 2004 qua
427 1944 486 2004 pro
513 1921 607 1986 nobis
630 1931 780 1985 satanam
801 1927 961 1997 conterat,
991 1927 1023 1983 et
1044 1920 1164 1984 infero·
1218 1919 1307 1984 sileri
1334 1941 1400 1983 non
1422 1928 1565 2002 7717771,
1594 1944 1695 2003 quum
1717 1924 1813 1988 toties
1841 1945 1861 1986 7
1883 1923 2046 2004 scriptura
2067 1929 2194 2004 repeta-

189 2029 264 2072 rum
301 2014 413 2092 portas
450 2008 648 2090 confringat;
684 2014 721 2071 ut
757 2029 873 2088 eorpus
911 2007 1025 2069 mortis
1058 2004 1166 2069 adhuc
1218 2012 1280 2069 tur.
1332 2005 1482 2071 Necdum
1512 2008 1612 2070 etiam
1644 2010 1805 2082 contenti,
1840 2009 1875 2072 in
1907 2007 2003 2072 laude
2035 2009 2195 2074 bonorum

189 2094 358 2159 nobiscum
379 2094 653 2171 circumferamus,
677 2095 746 2176 ipsc
769 2100 881 2157 tamen
903 2092 996 2156 nobis
1017 2092 1087 2155 vita
1105 2098 1163 2156 771
1218 2112 1353 2173 operum
1380 2092 1452 2156 Deo
1480 2092 1698 2172 suffurantur,
1727 2093 1814 2176 quod
1835 2093 1878 2158 ad
1899 2093 2065 2159 hominem
2086 2103 2194 2180 17777-

189 2179 358 2257 Β7771177,
387 2179 472 2260 quod
494 2180 603 2242 omnia
624 2179 712 2243 illius
735 2187 848 2243 777177
870 2185 964 2255 7771,
994 2183 1107 2243 etnos
1129 2177 1165 2241 17
1218 2178 1334 2242 ferant.
1380 2175 1469 2258 Quia
1488 2177 1603 2243 711771
1622 2200 1739 2261 parum
1761 2179 1872 2244 valere
1893 2179 1936 2244 ad
1957 2180 2124 2244 hominem
2146 2189 2195 2245 at-

188 2265 246 2330 illo
267 2267 377 2329 omnia
398 2265 565 2342 habemus,
590 2266 625 2327 in
647 2266 740 2329 nobis
762 2263 854 2328 nihil
901 2261 1009 2344 Super
1029 2262 1092 2327 hoc
1114 2263 1165 2327 in-
1217 2262 1399 2328 tollendum
1419 2264 1505 2329 bona
1526 2285 1633 2346 opera,
1655 2286 1693 2330 77
1715 2286 1756 2330 77
1778 2266 1898 2329 merita
1917 2265 2050 2346 quidem
2066 2267 2196 2348 proprie

189 2372 288 2434 quam
316 2351 566 2415 fundamentum
593 2351 755 2415 aedificari
778 2370 838 2413 nos
866 2350 1033 2427 convenit,
1057 2350 1085 2414 71
1108 2370 1165 2414 7ο-
1218 2351 1342 2428 777771,
1373 2349 1401 2413 71
1421 2348 1553 2414 1171777
1573 2350 1698 2433 gratiae
1718 2352 1845 2415 fructus
1865 2357 2074 2430 censeantur,
2099 2371 2140 2416 ex
2163 2352 2195 2418 71

188 2437 297 2502 lumus
318 2439 351 2500 in
375 2437 533 2518 templum
554 2436 695 2500 Domino
718 2444 868 2500 sanetum
889 2456 1041 2500 cresccre.
1217 2434 1313 2498 liberi
1335 2435 1462 2499 arbitrii
1494 2456 1532 2500 ea
1551 2435 1704 2502 eliciunt:
1733 2436 1840 2501 oleum
1862 2437 1986 2502 seilicet
2007 2458 2048 2501 ex
2075 2437 2192 2520 lapide.

276 2527 325 2586 54.
378 2524 424 2586 At
450 2522 547 2604 longe
574 2521 671 2585 aliter
700 2520 894 2604 iampridem
920 2521 1088 2585 institutus
1117 2529 1166 2585 771
1219 2521 1269 2585 Ac
1296 2520 1512 2603 principalem
1538 2521 1674 2605 quidem
1690 2543 1821 2588 causam
1848 2523 1884 2585 in
1907 2522 2014 2604 gratia
2036 2544 2106 2588 esse
2129 2545 2196 2588 non

188 2609 283 2674 orbis.
318 2609 463 2690 Reperta
485 2615 563 2672 7771
584 2608 722 2672 monilia
739 2608 847 2672 777717
866 2627 948 2689 quae
965 2606 1051 2671 bona
1068 2627 1166 2689 opera
1218 2614 1356 2690 negaut;
1387 2606 1444 2672 sed
1474 2629 1512 2673 eo
1541 2614 1652 2673 tamen
1683 2607 1884 2673 contendunt
1910 2629 1976 2671 non
1998 2607 2127 2673 excludi
2157 2609 2196 2673 li·

210 2696 305 2760 uibus
334 2695 466 2778 gratiosi
494 2694 567 2758 Deo
600 2693 780 2758 reddantur
809 2692 957 2757 homines
990 2704 1165 2774 antequam
1219 2693 1332 2756 berum
1355 2692 1541 2772 arbitrium,
1564 2715 1624 2775 per
1645 2694 1730 2776 quod
1751 2695 1794 2758 711
1815 2715 1911 2757 omne
1933 2694 2095 2757 meritum.
2129 2695 2197 2759 Ne·

188 2717 322 2847 Christo
354 2782 549 2844 inserantur.
606 2778 709 2859 Quasi
741 2800 819 2844 7777
852 2779 1031 2842 mentiatur
1063 2780 1165 2861 scrip·
1218 2799 1280 2860 que
1301 2778 1337 2843 id
1358 2778 1494 2844 tradunt
1522 2781 1715 2862 posteriores
1736 2778 1832 2844 modo
1853 2778 2035 2862 sophistae,
2064 2779 2122 2844 sed
2144 2802 2198 2844 eo·

188 2873 277 2946 1777,
308 2888 408 2950 quum
431 2866 522 2944 dicit,
551 2867 587 2929 in
608 2874 713 2930 morte
735 2887 805 2930 esse
826 2886 954 2941 omnes,
984 2865 1039 2946 qui
1060 2864 1166 2929 filium
1217 2885 1294 2927 rum
1315 2864 1522 2949 Pythagoras
1545 2865 1769 2945 bombardae,
1788 2864 1812 2950 ¹)
1843 2886 1940 2948 quem
1968 2865 1996 2929 si
2025 2886 2100 2929 eum
2124 2867 2197 2931 17117

188 2974 255 3016 777
276 2952 486 3035 possederint.
532 2950 570 3016 Si
591 2953 626 3015 in
649 2960 752 3016 morte
775 2956 866 3029 7771,
896 2950 1055 3033 quomodo
1077 2952 1165 3015 71177
1218 2970 1385 3032 compares
1406 2972 1524 3016 sanum
1545 2956 1578 3015 et
1601 2953 1746 3017 sobrium
1767 2973 1838 3016 esse
1861 2950 1957 3016 dicas.
1997 2951 2104 3016 Mirae
2122 2973 2197 3034 pro·

188 3039 361 3102 materiam
399 3037 615 3122 generarent?
672 3036 776 3117 Quasi
809 3036 893 3101 nihil
933 3036 1015 3100 illud
1046 3035 1164 3114 771771,
1217 3036 1301 3102 17717
1323 3037 1489 3102 caecitatis
1510 3037 1582 3116 fuit,
1605 3059 1707 3119 quum
1729 3038 1954 3121 augustinum
1974 3037 2070 3102 toties
2088 3038 2125 3101 17
2142 3060 2198 3102 777

189 3130 359 3207 peecatum
381 3146 465 3202 esse,
494 3124 651 3206 quidquid
677 3125 715 3187 111
736 3131 830 3188 extra
857 3121 956 3187 fidem
980 3122 1089 3204 (Rom.
1116 3127 1164 3202 14,
1218 3122 1363 3201 haberet,
1386 3144 1453 3187 777
1475 3122 1595 3188 vidisse
1616 3131 1740 3206 quanta
1761 3123 1979 3190 sollicitudine
2001 3123 2054 3188 vir
2070 3123 2126 3188 ille
2144 3145 2197 3190 ca-

189 3209 255 3294 23).
302 3208 405 3289 Quasi
427 3210 551 3275 arboris
572 3211 678 3275 malae
696 3211 821 3292 possint
839 3216 968 3274 exstare
984 3209 1061 3274 boni
1079 3208 1165 3273 fruc-
1217 3209 1312 3286 verit,
1336 3209 2197 3296 777117771771777771177717717777711771717

188 3301 251 3360 tus.
289 3295 421 3360 Christo
443 3317 529 3374 vero,
553 3297 610 3361 ubi
632 3318 725 3361 suam
747 3297 904 3361 virtutem
926 3302 1064 3374 exserat,
1088 3294 1166 3377 quid
1218 3294 1385 3358 hominem
1415 3293 1626 3360 derivaretur.
1674 3293 1799 3379 Supra,
1827 3294 1992 3378 quamde
2019 3294 2197 3360 liberoar-
2264 3324 2267 3333 <

188 3381 446 3463 pestilentissimi
476 3382 639 3464 sophistae
674 3380 896 3465 reliquerunt?
952 3383 1058 3446 Aiunt
1095 3402 1164 3445 me·
1216 3381 1314 3445 bitrio
1342 3379 1518 3463 disputatio
1545 3388 1645 3459 essct,
1675 3383 1884 3447 recitavimus
1909 3380 2033 3463 aliquot
2054 3382 2090 3445 in
2112 3382 2197 3448 hanc
2227 3431 2232 3448 .

188 3468 293 3532 misse
314 3467 407 3531 nobis
434 3468 575 3548 primam
597 3470 752 3552 gratiam,
780 3469 840 3532 hoc
868 3474 932 3545 est,
964 3468 1165 3533 occasionem
1218 3487 1288 3531 rem
1316 3467 1418 3549 ipsius
1446 3467 1646 3546 testimonia,
1674 3469 1791 3550 quibus
1819 3467 1940 3532 similia
1960 3466 2140 3531 identidem
2161 3468 2197 3531 in

188 3552 344 3618 merendi.
395 3553 479 3617 Esse
505 3553 571 3617 iam
598 3563 785 3619 nostrarum
811 3555 969 3637 partium,
1005 3554 1166 3622 occasioni
1218 3553 1288 3617 eius
1317 3553 1446 3634 77717117
1476 3562 1663 3632 recurruut;
1691 3561 1729 3617 ut
1757 3574 1854 3633 quum
1882 3550 1999 3636 771712)
2022 3573 2059 3616 ae
2085 3554 2197 3617 7777117

189 3638 316 3704 oblatae
342 3661 409 3702 non
437 3638 555 3703 deesse.
602 3639 632 3704 Ο
660 3642 838 3723 proiectam
860 3640 1036 3722 impietatis
1058 3640 1164 3722 impu·
1218 3643 1325 3703 777177
1363 3659 1498 3720 usquam
1536 3639 1698 3718 17717777,
1737 3641 1814 3721 quia
1853 3643 1880 3704 71
1914 3639 1987 3718 1777
2019 3637 2083 3702 Dei
2115 3639 2197 3703 deae

189 3724 348 3789 dentiam!
395 3724 478 3805 Quis
500 3733 726 3806 exspectasset,
750 3734 787 3790 ut
804 3725 929 3791 Christi
951 3747 1069 3790 nomen
1090 3746 1165 3807 pro·
1216 3729 1302 3803 eunt,
1341 3730 1368 3789 71
1398 3747 1500 3807 quum
1532 3725 1653 3804 scribit,
1663 3725 1692 3810 8)
1733 3745 1830 3789 omne
1862 3725 2016 3788 meritum
2047 3731 2197 3790 nostrum

187 3810 265 3876 fessi
287 3812 381 3875 illum
409 3812 456 3875 ita
483 3811 682 3875 denudatum
712 3834 771 3877 sua
797 3813 918 3877 virtute
945 3818 1075 3875 tantum
1098 3833 1164 3875 nou
1216 3831 1283 3875 non
1301 3811 1402 3878 717117
1424 3810 1532 3895 gratia
1553 3833 1638 3890 esse;
1660 3832 1727 3875 non
1748 3812 1858 3893 parari
1879 3831 1939 3892 per
1960 3816 2106 3875 nostram
2128 3811 2196 3875 suf-

188 3897 376 3979 proouloare
398 3897 577 3961 auderent?
622 3897 694 3962 Hoc
722 3899 946 3963 testimonium
972 3897 1021 3961 illi
1041 3897 1165 3978 passim
1216 3897 1409 3975 ficientium,
1443 3896 1501 3961 sed
1532 3918 1591 3979 per
1621 3898 1762 3980 gratiam
1791 3904 1897 3961 totum
1924 3896 2009 3974 fieri,
2037 3903 2095 3961 717.
2141 3896 2196 3961 Ad

188 3982 350 4047 redditur:
388 3982 473 4065 quod
499 3984 666 4047 iustificati
693 3985 775 4062 sint,
809 3986 993 4066 quicunque
1024 3984 1062 4046 17
1089 4004 1165 4048 eum
1217 3983 1397 4065 scripturae
1425 3982 1533 4048 lucem
1560 3984 1750 4061 caecutisse,
1777 3983 1888 4047 minus
1910 3983 2046 4061 mirum3
2073 3984 2196 4064 inqua

189 4068 341 4132 credunt:
371 4070 425 4133 isti
455 4069 538 4132 nihil
566 4068 655 4132 aliud
682 4070 830 4135 beneficii
859 4071 899 4134 ab
928 4091 965 4134 eo
993 4069 1165 4152 provenire
1217 4090 1284 4133 non
1310 4069 1358 4132 ita
1382 4069 1521 4134 feliciter
1542 4070 1758 4135 exercitatum
1784 4069 1884 4134 fuisse
1912 4074 2056 4151 apparet
2101 4067 2194 4132 Nihil

189 4152 319 4231 docent,
349 4156 411 4218 7171
442 4162 477 4218 71
506 4155 660 4237 singulis,
689 4156 731 4220 ad
760 4177 794 4219 77
816 4157 903 4238 17777
931 4153 1164 4234 iustificandos,
1217 4160 1328 4219 tamen
1360 4153 1538 4220 desiderari
1570 4155 1672 4238 possit
1704 4154 1862 4221 adversus
1893 4175 1948 4219 777
1981 4154 2099 4220 clarius
2132 4154 2194 4217 isto

189 4245 302 4321 aperta
329 4241 371 4303 sit
404 4226 466 4303 717.
516 4240 652 4304 Utinam
684 4263 762 4306 vcro
794 4248 966 4325 7777177771
992 4240 1071 4322 quid
1103 4242 1162 4307 sibi
1217 4240 1353 4323 apostoli
1371 4240 1484 4319 verb03
1501 4241 1676 4307 interdicta
1693 4242 1783 4305 enim
1801 4240 2000 4306 Christianis
2019 4239 2108 4303 omui
2126 4238 2194 4322 glo-

187 4325 294 4390 velint
324 4326 406 4389 istae
438 4327 632 4390 sentcntiae:
670 4329 773 4393 vitam
806 4328 941 4406 habere,
980 4327 1164 4410 quicunque
1216 4327 1369 4405 riatione,
1397 4328 1558 4392 rationem
1583 4349 1642 4393 cur
1669 4327 1803 4411 gloriari
1831 4327 1922 4392 nefas
1945 4328 1988 4390 711
2010 4325 2192 4407 subiungit:

188 4411 295 4475 filium
316 4412 380 4475 Dei
408 4411 550 4476 habeant
571 4413 604 4496 (1
625 4413 714 4477 1777.
736 4418 764 4491 5,
788 4413 856 4496 1‘2);
883 4415 1067 4495 quicunque
1094 4434 1164 4479 cro·
1217 4413 1295 4495 quia
1314 4414 1379 4477 Dei
1400 4413 1527 4478 factura
1548 4435 1670 4488 sumus,
1694 4415 1795 4480 creati
1816 4413 1857 4477 ad
1879 4413 1965 4477 bona
1985 4431 2093 4493 opera,
2112 4431 2194 4492 quae

190 4494 252 4574 dit,
282 4497 450 4562 transiisse
479 4520 499 4561 a
526 4505 629 4562 morte
656 4500 692 4561 in
719 4500 820 4563 711777
848 4499 954 4582 (1777.
976 4504 1004 4577 5,
1024 4502 1162 4578 74716,
1216 4499 1425 4582 praeparavit
1463 4507 1500 4563 ut
1541 4500 1578 4562 in
1610 4499 1675 4565 illis
1708 4499 1915 4564 ambulemus
1948 4496 2049 4580 (Eph.
2073 4500 2102 4574 2,
2130 4493 2193 4579 10).

189 4581 261 4665 40);
291 4581 482 4648 iustificatos
509 4606 580 4648 esse
601 4607 660 4649 nos
682 4585 770 4650 illius
796 4587 919 4668 gratia,
947 4592 985 4649 ut
1006 4584 1164 4651 haeredes
1217 4583 1332 4664 Quum
1353 4605 1431 4668 ergo
1452 4584 1536 4649 nihil
1558 4606 1579 4650 a
1600 4586 1693 4651 nobis
1715 4585 1792 4650 boni
1814 4584 1964 4666 prodeat,
1996 4582 2060 4646 nisi
2083 4587 2195 4664 quate·

188 4668 393 4733 efficeremur
421 4672 508 4734 71177
536 4677 686 4735 aeternae
721 4671 754 4756 (2
775 4672 857 4735 1177.
881 4677 907 4749 l,
928 4677 955 4735 9.
980 4671 1043 4735 Tit.
1065 4673 1093 4751 3,
1113 4672 1163 4755 5);
1217 4691 1280 4734 nus
1312 4672 1494 4754 regenerati
1534 4692 1664 4750 sumus,
1703 4671 1907 4754 regeneratio
1942 4675 2052 4733 autem
2083 4673 2195 4732 nostra

186 4753 293 4834 fideles
315 4754 486 4820 Christum
507 4756 628 4821 habere
650 4758 684 4820 17
706 4779 741 4822 77
765 4765 963 4835 manentem,
986 4778 1045 4839 per
1067 4779 1164 4840 quem
1217 4763 1299 4834 tota,
1328 4759 1410 4822 citra
1437 4758 1676 4840 exceptionem,
1699 4759 1764 4822 Dei
1792 4758 1846 4821 sit:
1875 4777 1941 4818 non
1969 4760 2019 4817 ost
2048 4775 2106 4819 cur
2133 4775 2194 4816 un·

189 4839 261 4905 Deo
287 4840 503 4921 adhaereant3
526 4844 701 4925 participes
728 4844 817 4908 vitae
839 4844 923 4922 eius,
953 4843 1066 4909 sedere
1089 4866 1164 4910 cum
1218 4842 1303 4905 eiam
1325 4843 1418 4907 nobis
1440 4843 1475 4907 iu
1494 4844 1588 4908 bouis
1606 4843 1756 4926 operibus
1774 4840 1993 4906 vendicemus.
2023 4840 2195 4903 Postremo

188 4923 316 5006 ipsein
338 4927 544 5007 coelestibus;
572 4928 737 4994 traductos
766 4949 836 4994 esse
864 4930 901 4994 in
928 4949 1068 5014 regnum
1089 4931 1163 5009 Dei,
1219 4927 1298 4991 dum
1320 4927 1448 4992 assidue
1469 4929 1638 4994 inculcant
1654 4930 1739 4994 bona
1756 4948 1869 5009 opera,
1903 4928 1949 4991 717
1968 4926 2100 4990 interim
2117 4945 2194 4990 oon-

190 5015 224 5073 et
244 5011 384 5077 salutem
404 5022 618 5097 consequutus
640 5016 741 5099 (Eph.
764 5020 790 5094 1,
811 5019 926 5094 3712,
947 5015 998 5099 6);
1020 5018 1053 5079 71
1075 5017 1165 5082 71771-
1219 5012 1372 5079 scientias
1404 5014 1596 5094 instituunt,
1631 5020 1668 5079 nt
1689 5012 1852 5080 confidere
1874 5032 2044 5095 nunquam
2075 5011 2195 5090 ausint,

1291 5221 1318 5287 1)
1341 5222 1402 5275 Lib.
1418 5221 1442 5274 2.
1467 5227 1582 5274 sentent.
1608 5221 1672 5273 dist.
1688 5219 1730 5271 11.
1836 5217 1866 5286 2)
1891 5219 1923 5270 17
1941 5217 2012 5270 Ρ771.
2034 5215 2132 5270 1117.
2153 5215 2194 5268 ll.

261 5284 289 5350 l)
306 5290 401 5338 nostra
417 5293 508 5340 tamen
527 5296 569 5342 eat
587 5307 656 5357 quac
675 5291 727 5359 ipsi
744 5291 809 5344 data
825 5301 867 5345 est
886 5290 954 5346 1111
973 5307 1042 5363 seqq.
1219 5288 1250 5358 3)
1268 5291 1354 5359 117171
1372 5288 1451 5359 101(
1503 5292 1523 5358 ).
1935 5369 1990 5425 w
