4770 6030
206 333 269 397 ees
784 325 1051 395 mummulo
1071 328 1176 392 Rue.
1200 324 1385 393 omem
1407 329 1637 433 iseo-1554.
2149 330 2213 392 eei

206 520 372 602 spicimus,
398 519 535 600 fatentur
554 516 620 581 illic
640 537 696 580 nos
723 519 861 581 inuenire
879 517 1008 599 plenam
1029 516 1099 579 bene
1120 536 1186 596 spe
1237 518 1380 602 ,siuqulas
1408 518 1477 580 eius
1502 516 1647 580 miserias
1677 426 2002 596 1111111111νὲ19111111Β
2017 438 2215 580 gelicidii

207 606 305 671 randi
325 605 504 682 materiam
530 603 585 668 sed
606 604 683 684 quic
702 623 822 686 semper
844 605 967 687 indipui
988 621 1099 667 sumtis
1120 601 1186 665 illis
1232 604 1381 686 peccetis,
1415 603 1518 683 offusa
1544 601 1689 680 terebris,
1716 602 1839 666 irretita
1868 600 2031 677 illecebris,
2063 601 2214 681 pruruns

207 691 347 756 munibus
368 689 456 753 bonis
477 710 556 770 quae
576 691 612 753 in
632 687 755 754 Olmisto
775 689 862 753 nebu
883 690 1060 771 afferuntur,
1082 687 1186 752 volunt
1237 689 1502 770 concupiscentiis,
1525 687 1654 750 obnaaia
1670 686 1890 767 passionibus,
1912 687 2038 768 implebe
2059 685 2213 752 illusioni-

206 776 403 859 indiqnitatis
426 780 549 839 nostrae
577 776 694 838 intuitu
722 794 778 838 nos
801 776 950 854 fluctuari
974 780 1002 839 et
1023 775 1184 839 haesitare.
1237 777 1307 853 bus,
1329 794 1435 856 prona
1454 794 1573 853 semper
1591 773 1634 836 ad
1655 772 1789 851 malum
1811 774 1847 836 in
1867 772 1978 837 uitium
1999 783 2084 837 bomne
2099 773 2214 854 proeli-

208 862 250 927 In
269 882 401 938 summa,
424 862 638 925 conscientiam
657 863 703 924 sio
724 865 864 932 statuunt
884 863 964 925 inter
980 881 1066 942 spem
1083 864 1109 922 et
1126 880 1185 922 me·
1237 863 1295 939 eis,
1311 865 1466 942 postremo
1486 859 1675 940 ipnominiee
1691 864 1720 922 et
1735 859 1928 941 confusionis
1943 858 2062 939 plena?
2108 859 2214 922 Nimi-

205 953 279 1026 tum,
298 953 333 1011 ut
348 967 409 1028 per
429 947 593 1011 intervalla
614 952 642 1010 et
662 947 743 1012 oio'es
763 946 823 1011 buo
840 952 929 1028 alque
950 947 1025 1010 illuc
1041 946 1168 1010 alternet
1175 969 1185 1023 ;
1236 967 1309 1011 rum
1329 948 1360 1012 si
1381 947 1469 1026 ipsae
1496 965 1613 1025 quoque
1633 945 1773 1009 iustitiae
1794 965 1912 1023 omnes,
1941 944 1984 1008 ad
2010 944 2113 1008 minen
2135 947 2214 1009 oeri—

206 1207 393 1288 stinquature
407 1204 431 1288 ¹)
485 1204 537 1268 Ita
558 1210 666 1283 satan,
693 1205 746 1268 ubi
774 1206 841 1269 iam
862 1206 944 1269 mae
966 1208 1090 1285 apertus
1111 1203 1185 1266 illas
1237 1205 1318 1287 quod
1339 1205 1373 1267 in
1394 1203 1481 1268 nobis
1502 1207 1553 1279 est,
1576 1202 1712 1267 leuebrae
1733 1207 1821 1267 sunt:
1848 1204 1937 1284 ipsae
1956 1202 2094 1267 tenebrae
2114 1224 2213 1282 quom

207 1291 382 1368 machinas,
416 1290 528 1371 quibus
557 1290 632 1372 fidei
666 1291 877 1354 certitudinen
908 1291 1062 1355 destruere
1095 1294 1185 1353 antea
1237 1296 1285 1355 tae
1306 1290 1419 1354 mum?
1446 1287 1581 1373 (Mauh.
1602 1293 1631 1365 6,
1650 1289 1719 1371 23.)
1771 1289 1854 1370 Quid
1885 1288 2005 1372 iqitur?
2030 1290 2099 1352 sine
2120 1289 2213 1353 dubio

207 1377 319 1441 solitus
345 1381 425 1454 erat,
448 1396 530 1440 nunc
548 1377 629 1440 nibil
650 1377 765 1455 valere,
793 1376 924 1458 obliquis
944 1375 1096 1441 umuulis
1117 1394 1186 1438 eam
1236 1377 1369 1441 vanitati
1395 1375 1513 1439 similis
1539 1376 1643 1456 factus
1667 1380 1712 1439 est
1730 1375 1834 1454 homo,·
1860 1375 1897 1439 in
1917 1374 2053 1439 nibilum
2071 1374 2214 1440 redactis

208 1463 375 1544 labefacere
406 1468 541 1532 meatur.
601 1463 710 1543 (pirolis
743 1467 845 1527 autem
877 1464 935 1526 em't
971 1462 1029 1526 illa
1057 1461 1184 1542 fiducia,
1235 1468 1280 1527 est
1300 1462 1405 1541 eom,-
1426 1460 1506 1524 nibil
1526 1464 1570 1525 est
1590 1459 1685 1525 lunio.
1728 1461 1881 1542 Qnmuode
1901 1465 2005 1525 tamen
2017 1461 2145 1542 penitus
2166 1462 2214 1524 ni-

207 1568 286 1631 quae
317 1549 446 1613 subinde
477 1549 682 1629 desperationi
714 1549 817 1612 cedet?
867 1548 905 1613 Si
934 1546 1105 1625 Christum,
1137 1548 1185 1609 iu
1237 1548 1282 1612 bil
1304 1553 1356 1625 est,
1379 1568 1469 1628 quem
1489 1547 1667 1628 imp-nemu
1687 1546 1800 1612 Deus?
1846 1547 1999 1628 Qoueodo
2020 1546 2115 1625 nibil,
2139 1568 2214 1629 erqa

205 1636 329 1716 quiunt,
352 1634 541 1711 consideras,
564 1639 646 1699 certa
668 1633 773 1713 salus,·
800 1635 830 1696 si
851 1634 894 1698 ad
914 1639 941 1699 te
962 1635 1067 1714 ipsum
1087 1653 1185 1696 rever-
1236 1634 1512 1716 quemoppositum
1529 1639 1575 1696 est
1592 1652 1642 1696 eor
1659 1633 1826 1696 dioinmn?
1860 1633 2071 1714 smpsimus,
2087 1632 2213 1713 fratres.

206 1721 294 1798 teris,
323 1725 405 1785 certa
431 1720 597 1785 damnatio.
647 1718 734 1803 Erqo
768 1720 896 1784 alternis
924 1720 1131 1801 diffidentiam
1158 1722 1185 1782 et
1237 1720 1312 1784 Etsi
1340 1719 1420 1782 nibil
1453 1738 1563 1782 summ
1589 1719 1624 1781 in
1645 1718 1788 1782 cordibus
1808 1720 1938 1784 nostris:
1966 1719 2044 1800 forte
2071 1720 2105 1782 in
2125 1719 2214 1782 eorde

206 1807 317 1871 bonum
337 1807 479 1887 spemin
501 1807 605 1870 animo
626 1811 677 1869 tuo
697 1826 828 1888 reqnare
848 1825 965 1870 neeesse
987 1811 1038 1868 est.
1085 1804 1184 1885 Quasi
1237 1805 1301 1870 Dei
1323 1809 1422 1887 potest
1449 1804 1572 1885 aliquid
1600 1803 1693 1868 latere
1722 1805 1759 1869 de
1780 1803 1875 1869 nobis.
1924 1803 1951 1870 0
1972 1809 2064 1887 pater
2090 1805 2212 1868 miseri-

205 1913 276 1958 oero
299 1890 458 1957 Obristum
485 1892 578 1955 ueluti
594 1892 705 1972 proced
726 1896 871 1970 stantem,
899 1897 927 1956 et
946 1912 1007 1954 non
1022 1893 1130 1972 potius
1149 1891 1185 1953 in
1237 1892 1428 1968 cordianum,
1455 1911 1472 1954 o
1488 1895 1581 1971 pater
1602 1891 1795 1969 miserorum,
1817 1890 1965 1970 quomodo
1986 1890 2118 1973 opponis
2139 1911 2213 1973 erqo

206 1978 293 2042 nobis
324 1976 511 2042 habitantem
542 1977 705 2043 debeamus
733 1979 873 2060 ooqitare.
930 1976 1004 2041 Ideo
1037 1978 1125 2041 enim⁴
1146 1975 1185 2039 ab
1236 1997 1292 2040 nos
1314 1998 1364 2041 cor
1385 1977 1499 2040 mum?
1528 1974 1588 2039 Gor
1604 1976 1687 2040 enirn
1707 1981 1804 2054 tuum,
1821 1976 1876 2039 ubi
1893 1976 2115 2041 edtbesaurus
2130 1980 2213 2040 tuus.

207 2065 275 2155 ipso
296 2063 428 2127 salutem
449 2067 671 2144 empeetamns,
702 2083 763 2126 non
784 2065 861 2143 quia
881 2064 1002 2127 erninus
1023 2063 1109 2127 nobis
1131 2083 1186 2142 ap
1241 2063 1394 2144 Qecomodo
1411 2067 1514 2126 autem
1530 2061 1695 2126 tltesaumes
1710 2067 1785 2127 tuns
1799 2082 1918 2140 summ,
1936 2063 1967 2127 si
1983 2062 2065 2127 niliil
2081 2062 2215 2127 sunnis?

201 2154 331 2232 pareat,
359 2150 414 2214 sed
443 2150 520 2230 quia
540 2169 596 2213 nos
618 2149 737 2230 corpori
769 2168 825 2212 sua
853 2150 980 2226 insitos,
1014 2168 1075 2212 non
1096 2147 1184 2211 modo
1241 2148 1353 2214 Omnes
1372 2153 1475 2230 qentes
1496 2149 1588 2228 quasi
1610 2167 1672 2211 non
1691 2149 1768 2226 sint,
1791 2149 1931 2213 desunt
1951 2153 2021 2213 ante
2040 2153 2085 2212 te:
2111 2149 2147 2212 in
2167 2148 2216 2211 ni-

206 2255 336 2300 snomnn
366 2235 503 2299 onmium
535 2235 680 2299 bonorum
705 2235 878 2315 participes
903 2234 1015 2316 fedat,
1046 2234 1100 2297 sed
1132 2234 1185 2298 sui
1237 2235 1337 2299 iilum
1365 2232 1596 2315 reputabuntur.
1643 2232 1807 2298 Nimirum
1827 2238 1897 2299 ante
1925 2239 1968 2312 te,·
1988 2254 2050 2297 non
2072 2234 2213 2298 intrate.

207 2341 324 2403 quoqne
345 2321 456 2402 ipsias.
501 2318 638 2385 Proinde
658 2321 712 2384 boc
737 2322 879 2402 ipsorum
904 2325 1118 2403 arqumentum
1139 2320 1185 2383 sic
1239 2320 1293 2385 Sic
1321 2322 1356 2384 in
1378 2320 1495 2384 iudicia
1523 2320 1662 2384 ueritatis
1686 2324 1772 2397 tuae3
1801 2320 1856 2384 sed
1883 2340 1944 2383 non
1971 2321 2017 2383 sic
2043 2321 2079 2383 in
2105 2321 2215 2401 affeetu

130 2430 134 2440 ·
208 2411 381 2488 retorqueo:
401 2408 432 2470 si
453 2411 481 2469 ie
502 2407 608 2487 ipsum
624 2407 809 2485 consideras,
833 2411 914 2471 certa
934 2406 1109 2483 mmmm
1131 2405 1185 2468 sed
1231 2408 1362 2489 pietatis
1383 2412 1462 2470 tuae.
1509 2404 1673 2470 Nimirum
1692 2426 1784 2471 aooas
1804 2427 1842 2471 ea
1863 2425 1942 2486 quae
1962 2426 2023 2470 non
2044 2409 2125 2483 sunt,
2148 2411 2215 2469 ton·

208 2494 354 2575 qnoniam
389 2491 533 2558 Oluistns
564 2492 621 2556 tibi
648 2512 718 2556 aem
748 2492 888 2556 morsibus
919 2493 989 2555 suis
1021 2491 1108 2555 bonis
1139 2491 1185 2555 sio
1237 2513 1332 2574 quom
1358 2492 1428 2556 sint.
1480 2491 1525 2555 Et
1550 2512 1611 2555 non
1638 2497 1711 2556 sunt
1731 2511 1819 2575 erqo,·
1850 2492 1927 2574 quia
1952 2511 2032 2572 quae
2055 2511 2116 2555 nan
2142 2495 2216 2554 sunt

208 2579 448 2645 communicatus
469 2582 520 2654 est,
542 2583 578 2641 ut
599 2579 704 2643 ornnia
724 2579 794 2642 eius
810 2583 865 2642 tua
879 2578 966 2658 fiant,
989 2581 1024 2640 ut
1038 2576 1100 2658 das
1117 2578 1185 2640 eius
1236 2598 1326 2643 uocas
1347 2583 1375 2642 et
1395 2580 1470 2642 sunt
1486 2578 1562 2658 quia
1582 2598 1679 2642 oooas.
1725 2578 1811 2643 Licet
1831 2579 1914 2643 mun
1934 2596 1995 2642 non
2016 2578 2093 2655 sint,
2116 2596 2214 2656 quan·

209 2663 391 2742 membrum,
419 2663 552 2744 adeoque
573 2685 674 2728 unum
695 2684 765 2728 oum
785 2664 870 2745 ipso:
897 2664 1020 2727 iustitia
1040 2664 1109 2727 eius
1130 2668 1185 2727 tua
1236 2670 1302 2729 turn
1330 2665 1372 2729 ad
1399 2684 1445 2742 se,
1479 2664 1566 2746 apud
1593 2668 1743 2728 letamen
1763 2669 1849 2742 sunt,
1883 2665 1974 2727 iusta
1995 2662 2076 2727 illud
2099 2660 2212 2726 Pauli:

203 2752 330 2833 pe'oeata
355 2749 470 2827 obruit,
497 2748 587 2814 salus
612 2751 681 2814 eius
707 2754 795 2813 tuam
820 2749 1049 2814 damnationem
1074 2748 1185 2828 obolet;
1236 2771 1298 2814 non
1316 2771 1354 2814 ee
1375 2748 1517 2831 operibus
1537 2749 1690 2827 iustitiae,
1710 2749 1766 2814 sed
1787 2770 1826 2815 ee
1844 2753 1973 2813 vocante
2017 2747 2139 2813 Deimle
2154 2747 2213 2811 mi-

208 2836 275 2917 ipse
296 2856 357 2899 sua
378 2836 525 2918 diqnitrde
547 2836 712 2914 interemti,
733 2856 772 2899 ne
792 2837 827 2899 in
848 2839 1037 2917 conspectum
1058 2834 1185 2898 Deice
1236 2837 1359 2918 rideam
1381 2835 1545 2899 essedum
1568 2837 1780 2900 coreneaionem
1801 2836 1877 2900 dicit
1896 2836 2058 2915 utriusque
2079 2835 2213 2898 conside-

208 2922 277 2986 niat
303 2925 358 2985 tua
386 2921 566 3003 indipnitas.
613 2920 666 2986 Sic
687 2926 730 2985 est
751 2941 845 2986 sane:
874 2919 1034 2986 Christum
1058 2943 1078 2984 a
1099 2920 1185 2984 nobis
1236 2923 1378 2987 rationis.
1424 2919 1509 2986 Certe
1530 2942 1609 3002 quae
1636 2922 1717 2986 mter
1740 2941 1773 2986 se
1798 2941 1932 2985 mnneaa
1959 2925 2046 3000 sunt,
2076 2940 2108 2984 se
2135 2921 2214 2984 mai·

208 3027 363 3088 separare,
386 3012 442 3070 aut
458 3027 518 3069 *nos
539 3005 578 3071 ab
597 3008 679 3088 ipso,
701 3008 829 3071 minime
850 3008 1000 3086 eonvenit;
1026 3007 1080 3071 sed
1100 3011 1186 3070 utrm
1237 3029 1301 3072 cem
1320 3028 1380 3071 non
1407 3007 1576 3071 destruunt.
1624 3007 1717 3088 Quod
1736 3007 1830 3071 etiarn
1856 3008 1892 3071 in
1918 3006 2106 3071 wndusione
2127 3027 2215 3087 aper·

208 3113 266 3174 que
290 3112 387 3155 manu
412 3092 532 3173 sortiter
559 3094 688 3157 retinere
717 3097 830 3174 opmtet
858 3114 927 3158 eam
953 3114 1017 3173 qua
1045 3113 1078 3157 se
1098 3091 1186 3157 nobis
1237 3095 1302 3158 tius
1322 3093 1457 3157 declaret
1477 3093 1529 3156 leis
1549 3091 1665 3157 verbis:
1690 3095 1757 3157 iam
1775 3094 1807 3157 si
1825 3097 1957 3174 utraque
1976 3091 2215 3156 consideratime

247 3177 414 3260 qlutinaoit
450 3178 627 3241 societatem.
683 3177 736 3243 Ita
767 3199 823 3244 nos
856 3179 1011 3260 apostolus
1042 3178 1185 3242 instituit.
1237 3180 1399 3262 diliqenter
1420 3179 1648 3260 inspeeerimus
1668 3199 1739 3257 nos,
1766 3179 1844 3260 quid
1864 3198 1989 3256 sumus,·
2010 3179 2073 3242 imo
2090 3178 2125 3240 in
2149 3198 2216 3242 una

359 3263 495 3344 quidem,
529 3264 632 3344 inquit
655 3265 765 3349 (Rom
791 3268 826 3342 8,
855 3266 925 3349 10),
960 3269 1115 3328 mortuum
1143 3268 1186 3328 est
1239 3286 1333 3348 quom
1361 3264 1470 3343 nibil,
1486 3266 1522 3328 iu
1543 3264 1758 3346 adaequem
1781 3265 1986 3348 maqnilioati,
2008 3269 2086 3346 puto
2107 3269 2216 3344 tempe-

203 3353 331 3432 propter
351 3355 529 3429 pematum,⁸
557 3349 611 3414 sed
637 3350 771 3430 spiritns
799 3349 932 3429 Glnisti,
959 3351 1014 3431 qni
1040 3351 1075 3414 in
1101 3349 1186 3414 vobis
1238 3356 1310 3416 rata
1332 3351 1453 3415 uidetur
1471 3350 1614 3433 placidio
1638 3355 1760 3430 nostra,·
1788 3352 1843 3415 sed
1864 3351 1973 3432 forsan
1999 3351 2102 3433 maqis
2123 3354 2216 3414 ouda

208 3433 334 3514 mune,
356 3435 420 3499 oita
442 3440 485 3500 est
501 3439 628 3516 propter
648 3435 812 3499 iustitiam.
859 3435 1034 3500 Secundum
1054 3436 1186 3501 istorum
1239 3444 1298 3501 est:
1319 3436 1454 3501 solidata
1474 3441 1577 3500 tanren
1590 3434 1614 3520 ¹)
1636 3441 1672 3500 ut
1690 3456 1752 3501 non
1773 3438 1808 3500 in
1828 3435 1925 3513 nobes,
1947 3437 2002 3501 sed
2022 3437 2058 3499 in
2079 3434 2216 3500 Dommo

207 3526 427 3605 lineamentum
455 3520 554 3585 dicere
580 3520 740 3586 debuerat:
769 3520 914 3588 (ibriones
940 3523 1067 3603 quidem
1088 3523 1186 3586 eitam
1235 3523 1411 3608 qboriemnr.
1464 3521 1630 3586 Ninurmn
1656 3524 1688 3588 si
1707 3524 1891 3606 aquam,
1919 3523 1951 3586 si
1970 3522 2133 3587 decreaemt
2153 3521 2216 3585 sal-

209 3605 295 3687 apud
321 3627 354 3670 se
382 3605 486 3684 babet,
512 3607 567 3671 sed
593 3627 659 3686 vos,
688 3613 724 3671 ut
744 3608 818 3673 estis
840 3613 1027 3690 pecatores,
1054 3609 1186 3673 manetis
1238 3630 1310 3674 aare
1336 3629 1407 3686 nos,
1436 3608 1543 3672 statim
1571 3607 1786 3674 liberabimur:
1818 3609 1887 3673 iam
1914 3609 1950 3672 in
1976 3607 2030 3673 boe
2058 3609 2217 3688 respirare

208 3692 353 3756 mortiet
379 3692 574 3758 damnationi
601 3691 733 3757 obnoxii.
781 3694 882 3776 Atqui
915 3693 1000 3778 lonqe
1025 3694 1116 3759 aliter
1145 3694 1186 3758 lo·
1238 3696 1313 3760 licet.
1366 3693 1427 3758 Sed
1452 3695 1487 3757 in
1514 3693 1654 3759 altiorem
1680 3695 1837 3777 speculam
1862 3694 2056 3759 ascendentes
2085 3713 2217 3773 quaero

209 3777 336 3858 quitur:
358 3777 440 3842 docet
460 3779 541 3842 enim
563 3798 639 3857 earn,
661 3800 757 3860 quem
774 3780 1075 3860 anobismeremur,
1098 3781 1185 3844 dam·
1237 3802 1309 3855 mus
1336 3781 1488 3846 ciuitatem
1513 3779 1592 3858 Dei,
1625 3801 1813 3861 quaeramus
1839 3780 1999 3863 templum,
2027 3799 2217 3861 quaeramus

208 3863 363 3927 nationem
394 3860 511 3929 Obristi
537 3864 637 3929 salute
664 3864 839 3947 absorptam
865 3886 947 3945 esse,·
973 3871 1064 3948 atque
1085 3866 1128 3932 ad
1149 3866 1186 3930 id
1237 3868 1376 3946 domam,
1406 3886 1595 3948 quaeramus
1621 3888 1776 3948 sponsam
1822 3866 1895 3931 Nm
1915 3865 2025 3931 oblitus
2046 3885 2132 3944 surm
2160 3864 2215 3929 sed

209 3948 453 4029 confirmandum
468 3970 506 4014 ee
522 3970 617 4031 quam
633 3951 724 4017 attuli
740 3953 859 4016 ratione
873 3953 987 4016 utitnrr:
1005 3953 1082 4034 qnia
1094 3950 1185 4017 Obri-
1237 3974 1306 4019 ciem
1326 3958 1408 4017 metu
1429 3957 1457 4017 et
1477 3953 1647 4017 reverentia
1667 3953 1750 4018 dico.-
1776 3972 1834 4017 nos
1854 3953 1984 4034 inquam
2008 3971 2133 4030 memus,
2159 3951 2213 4015 sed
2245 3992 2248 3998 -

208 4039 625 4115 memnmramsee,
652 4037 1186 4116 sedinaobisieabitat3necso·
1237 4037 1479 4116 inoordeDei5
1507 4058 1710 4116 nossnmus,
1740 4038 1906 4103 sedidius
1932 4038 2124 4121 diqnatione,
2152 4057 2214 4101 non

209 4119 275 4184 leem
295 4118 458 4184 indiuiduo
480 4123 634 4187 societatis
654 4143 737 4187 neeu
757 4124 845 4188 nobis
866 4123 1025 4204 adhaeret,
1053 4124 1107 4189 sed
1127 4125 1185 4188 mi·
1237 4131 1343 4193 nostra
1362 4124 1518 4208 diqnitate.

207 4205 303 4271 rabili
329 4205 467 4287 quadam
487 4209 695 4273 mmnmnione
715 4210 751 4274 in
771 4230 870 4275 unum
897 4230 1009 4292 eorpus
1029 4210 1186 4275 nobiseum
1326 4216 1374 4275 19.
1419 4210 1524 4275 Porro
1556 4210 1655 4274 timor
1681 4210 1831 4290 Domini,
1864 4211 1957 4275 ouius
1989 4211 2214 4276 testimonium

208 4291 347 4356 ooalescit
366 4293 402 4356 in
423 4292 613 4378 diesmaqis
634 4315 671 4360 ao
691 4297 808 4380 maqis,
831 4297 923 4362 donec
944 4316 1043 4361 unum
1058 4297 1187 4377 penitus
1237 4299 1360 4380 passim
1387 4295 1533 4361 defertur
1559 4296 1681 4361 senatis
1708 4297 1875 4375 omnibus,
1904 4304 1938 4367 et
1963 4297 2018 4380 qui
2041 4295 2122 4362 elios
2150 4295 2212 4358 ini-

207 4377 364 4442 nobiscum
382 4379 447 4460 (iat.
1236 4385 1320 4448 tium
1358 4381 1536 4466 sapientise
1574 4381 1656 4448 alias
1693 4384 1854 4467 sapientia
1891 4384 1964 4466 ipen
2004 4389 2213 4465 nunoupetur

296 4467 343 4528 18.
391 4464 457 4530 Nec
477 4465 568 4530 aliter
586 4467 712 4532 disserit
730 4466 927 4548 Bernardus,
949 4489 1045 4550 quum
1061 4467 1116 4532 boc
1134 4489 1185 4532 or·
1238 4470 1351 4552 (Prov.
1380 4473 1413 4548 1,
1439 4472 1457 4530 7
1481 4474 1515 4531 et
1538 4471 1573 4547 9,
1594 4472 1642 4532 10.
1677 4469 1766 4535 Peel.
1788 4473 1865 4549 111,
1890 4474 1937 4533 10.
1966 4468 2065 4535 Prov.
2088 4473 2141 4547 15,
2162 4471 2212 4532 33.

205 4554 383 4632 ¹‹yeirnerilune
406 4571 445 4615 eoa
465 4553 607 4634 professo
632 4557 755 4632 tractat,
782 4553 911 4619 bamma
937 4554 972 4618 in
999 4553 1186 4618 dedicatione
1237 4555 1306 4622 Iob.
1326 4558 1383 4634 28,
1403 4551 1475 4638 28),
1509 4555 1640 4620 temetsi
1667 4577 1754 4622 unus
1781 4562 1845 4634 est,
1873 4557 2003 4640 gemino
2032 4561 2144 4619 temen
2171 4575 2213 4617 ex

183 4635 313 4726 xtempli
333 4637 452 4717 quinta
495 4637 568 4717 Dei,
590 4639 728 4719 inquam,
751 4638 890 4721 beneficio
907 4659 1128 4720 nonnunquam
1148 4640 1186 4705 de
1237 4663 1336 4707 sensu
1357 4645 1498 4706 emanet
1542 4640 1654 4706 Habet
1679 4643 1769 4707 enim
1794 4642 1829 4706 in
1856 4663 1892 4708 ee
1913 4641 2005 4707 Deus
2030 4641 2134 4722 patn's
2161 4657 2213 4701 re·

208 4720 318 4784 anima
338 4722 483 4805 coptum,
505 4723 610 4788 uideor
630 4723 710 4788 mibi
730 4725 766 4788 in
783 4745 820 4788 ea
839 4725 934 4789 aelesti
953 4724 1015 4789 dieo
1032 4725 1185 4807 quaedam
1237 4729 1419 4793 verentium
1451 4733 1486 4790 et
1512 4725 1643 4794 domini
1695 4729 1810 4811 Imque
1837 4728 1894 4810 qui
1921 4725 2015 4791 illum
2042 4725 2104 4788 rite
2125 4722 2214 4787 volet

207 4806 364 4872 eontraria
390 4809 535 4873 inuenire.
582 4808 621 4873 Si
640 4809 763 4912 ipsam,
782 4814 880 4891 prout
899 4812 935 4874 in
961 4831 994 4875 se
1014 4815 1072 4892 est,
1100 4816 1185 4877 dea
1237 4814 1351 4893 solere,
1375 4821 1409 4877 et
1429 4810 1635 4879 obedientem
1655 4814 1705 4878 illi
1729 4814 1836 4878 filium
1858 4833 1892 4878 se
1911 4816 2081 4894 praestare
2102 4816 2136 4874 et
2156 4809 2213 4874 ob-

206 4910 248 4970 se,
275 4892 413 4957 intneor:
439 4894 476 4959 de
497 4914 534 4958 ea
554 4894 636 4959 nibil
660 4896 767 4961 uerius
788 4895 888 4960 dicere
908 4916 1056 4978 possim
1089 4919 1184 4980 quam
1237 4907 1427 4983 sequentem
1449 4919 1581 4964 servum
1599 4899 1749 4965 studebit
1789 4896 2029 4973 obedientiam,
2052 4894 2215 4978 quaesibi

207 4977 250 5041 ad
280 4977 416 5042 nibilmn
444 5000 509 5044 esse
536 4981 701 5046 redddam.
756 4981 840 5063 Quid
865 4982 953 5047 niodo
980 5003 1099 5050 nmesse
1131 4988 1182 5064 est,
1237 4992 1275 5051 ut
1291 4985 1379 5070 petri
1394 4983 1552 5063 redditum,
1570 4984 1732 5050 Dominus
1744 5003 1803 5066 per
1820 4981 2014 5066 prophetem
2027 4979 2214 5067 (111116)

278 5246 306 5314 1)
324 5251 447 5304 eoueidet
466 5250 534 5307 1550
551 5258 576 5308 rt
593 5269 662 5326 seqq.
1308 5259 1337 5326 l)
1356 5259 1466 5329 quidem
1484 5255 1552 5311 1558
1569 5264 1596 5312 ct
1611 5273 1681 5328 seqq.
