4770 6030
761 338 1028 406 ΙΝΒΤΙΤΠΤΙΟ
1048 339 1154 405 RDL.
1177 338 1357 406 CHRIST.
1384 345 1615 405 1539-1554.

2130 345 2196 406 804

1785 453 1791 468 '
1829 453 2199 523 A227;Balo;cele.

191 534 324 610 1166166,
355 552 436 614 quae
466 531 544 596 alibi
571 530 740 613 expeditae
769 535 861 607 sunt,
896 550 938 593 ex
965 530 1092 612 integro
1114 551 1165 593 re·
1218 439 1851 612 11616666666116666166661666156,
1877 551 1961 593 novo
1982 529 2101 611 populo
2123 552 2196 596 esse

191 627 332 685 tractare
354 638 593 700 supervacuum
613 616 719 679 fuerit.
764 616 807 678 In
827 615 931 679 tribus
952 617 1096 679 maxime
1113 636 1167 679 ca·
1218 615 1406 681 destinatas.
1456 616 1543 679 Nam
1576 616 1672 698 paulo
1700 623 1774 697 post
1793 636 1891 696 quam
1917 615 1999 679 illud
2023 616 2131 696 posuit
2153 616 2196 681 de

190 705 310 788 pitibus
332 702 387 768 hio
415 701 633 766 insistendum
655 709 712 766 est.
756 700 908 765 Primum
929 709 966 765 ut
987 708 1165 780 teneamus,
1219 702 1388 786 evangelio
1409 703 1445 765 in
1468 701 1539 784 lege
1556 703 1723 784 promisso,
1747 701 1883 775 subiicit,
1907 721 2116 784 quaeeunque
2137 703 2195 766 lex

190 812 256 855 non
295 789 461 855 carnalem
501 787 700 870 opulentiam
745 808 782 852 ac
819 786 1007 852 felicitatem
1043 793 1167 850 metam
1218 789 1377 866 continet,
1406 787 1448 851 ad
1475 789 1621 851 eos‘sine
1643 786 1740 851 dubio
1767 788 1896 868 proprie
1918 786 2029 868 dirigi,
2054 788 2110 868 qui
2132 789 2195 852 sub

189 877 288 940 fuisse
310 873 441 939 Iudaeis
463 875 675 956 propositam,
699 872 861 953 adquam
883 872 1014 937 demum
1043 874 1166 954 aspira-
1217 873 1290 956 lege
1312 882 1390 937 sunt
1412 873 1521 956 (Rom.
1542 878 1570 952 3,
1598 872 1658 957 19).
1704 872 1743 935 16
1767 871 1829 935 6116
1851 871 1882 934 11
1899 874 1923 954 ¹)
1946 872 2076 953 quidem
2093 895 2194 957 argu·

189 969 280 1040 rent,
312 960 369 1025 sed
398 960 434 1024 in
463 981 555 1042 spem
583 958 837 1023 immortalitatis
865 957 965 1022 fuisse
992 965 1164 1039 cooptatos
1218 966 1328 1022 mento
1349 959 1453 1023 fateor
1460 981 1468 1037 ;
1491 958 1631 1034 sednon
1650 958 1729 1022 adeo
1747 968 1818 1021 erat
1835 958 2018 1036 obliviosus,
2037 966 2075 1021 ut
2091 979 2194 1040 quum

190 1055 287 1129 atque
310 1046 409 1110 huius
432 1045 613 1126 adoptionis
631 1045 864 1109 revelationem
881 1045 946 1108 11116
968 1045 1077 1120 161666,
1096 1051 1167 1107 tum
1219 1043 1341 1109 diceret
1369 1044 1410 1109 ad
1438 1043 1577 1109 Iudaeos
1604 1065 1681 1109 vere
1711 1044 1874 1124 pertinere
1901 1064 2112 1126 quaeeunque
2137 1046 2195 1109 lex

189 1133 344 1211 oraculis,
376 1140 444 1195 tum
468 1132 554 1213 loge,
577 1139 648 1193 tum
669 1130 862 1213 prophetiis,
893 1136 980 1195 certo
1003 1151 1167 1194 commen-
1219 1130 1319 1207 docet,
1342 1152 1409 1194 666
1432 1132 1589 1212 cogitaret
1610 1129 1688 1212 quid
1710 1131 1821 1211 paucis
1844 1136 1919 1193 anto
1938 1129 2085 1195 versibus
2103 1131 2194 1194 affir-

189 1219 309 1284 datam.
353 1217 483 1282 Deinde
505 1216 633 1293 foedus,
660 1237 723 1297 quo
750 1216 912 1281 conciliati
932 1216 1076 1280 Domino
1097 1216 1166 1279 fue·
1218 1225 1353 1294 massot,
1383 1216 1423 1280 16
1446 1216 1615 1298 cvangelio
1636 1216 1671 1278 in
1699 1213 1770 1297 lege
1792 1216 1957 1296 promisso.
2003 1214 2194 1280 Clarissima

172 1312 283 1381 runt,
312 1303 412 1368 nullis
443 1323 557 1367 eorum
584 1303 724 1380 meritis,
754 1301 811 1366 sed
839 1301 908 1365 sola
928 1302 993 1365 Dei
1020 1300 1166 1365 vocantis
1219 1323 1296 1384 ergo
1319 1302 1520 1366 demonstrat
1542 1300 1719 1383 apostolus,
1742 1300 1783 1364 ad
1805 1302 1949 1364 futuram
1970 1302 2074 1366 vitam
2097 1323 2193 1384 prae-

188 1389 409 1455 misericordia
428 1389 528 1453 fuisse
551 1387 729 1452 suffultum.
774 1388 937 1465 Tertium,
960 1394 993 1450 et
1015 1386 1167 1451 habuisse
1219 1390 1311 1470 cipue
1342 1395 1504 1470 spectasse
1533 1393 1765 1452 testamentum
1791 1395 1900 1455 vetus.
1929 1408 2028 1467 quum
2062 1388 2122 1454 sub
2155 1409 2194 1452 eo

189 1477 286 1559 ipsos,
310 1482 343 1539 et
361 1475 550 1557 cognovisse
567 1473 778 1537 mediatorem
797 1472 975 1549 Christum,
994 1492 1053 1554 per
1070 1493 1167 1555 quem
1219 1473 1297 1539 dicit
1319 1473 1480 1556 evangelii
1502 1473 1731 1554 promissiones
1753 1473 1919 1536 contineri.

189 1568 223 1626 et
249 1563 323 1626 Deo
344 1561 622 1642 coniungerentur
644 1567 678 1622 61
704 1560 955 1641 promissionum
984 1559 1053 1622 eius
1077 1580 1165 1623 com·
1304 1567 1333 1622 1.
1379 1559 1504 1623 Ε6166ι
1522 1560 1646 1623 ratione
1663 1559 1822 1638 sequitur,
1842 1566 1875 1621 et
1890 1560 2034 1640 gratuita
2050 1560 2114 1623 Dei
2132 1561 2195 1623 mi-

188 1654 279 1729 potes
302 1647 417 1711 forent.
455 1647 510 1710 Ex
532 1646 648 1728 quibus
671 1644 850 1709 secundum
872 1645 1077 1709 notissimum
1095 1665 1165 1708 esse
1219 1644 1394 1710 sericordia
1416 1645 1606 1722 constitisse,
1636 1651 1669 1707 61
1690 1642 1814 1707 Christi
1838 1644 2068 1708 intercessione
2094 1646 2195 1709 fnisse

188 1734 280 1798 nobis
301 1732 405 1797 debet.
451 1732 550 1813 ’.1611)
579 1752 615 1795 66
645 1738 713 1794 tam
734 1730 909 1795 luculentis
930 1730 1165 1812 prophetarum
1220 1733 1456 1797 confirmatum.
1506 1731 1593 1794 Nam
1616 1738 1648 1793 et
1675 1729 1863 1811 evangelica
1889 1729 2087 1810 praedicatio
2108 1731 2194 1794 nihil

187 1819 381 1883 testimoniis
404 1818 677 1894 confirmavimus,
701 1838 721 1880 a
743 1837 834 1879 mera
850 1817 949 1880 fuisse
966 1816 1110 1880 bonitate
1128 1836 1165 1880 ac
1219 1816 1308 1881 aliud
1330 1838 1427 1898 quam
1449 1823 1588 1897 paterna
1604 1815 1668 1879 Dei
1688 1814 1892 1897 indulgentia
1914 1815 2081 1880 iustificari
2098 1837 2195 1898 prae·

188 1904 407 1987 indulgentia,
438 1901 594 1985 quidquid
615 1923 759 1984 unquam
781 1902 943 1966 Dominus
967 1902 1085 1983 populo
1107 1921 1165 1966 suo
1217 1911 1268 1966 ter
1296 1924 1392 1966 suum
1424 1903 1578 1966 meritum
1610 1913 1795 1982 peccatores
1825 1901 2027 1982 pronuntiat,
2061 1910 2095 1965 et
2124 1909 2196 1966 tota

187 1990 348 2055 benefecit
369 2010 407 2054 ac
429 1989 585 2070 promisit.
632 1988 779 2051 Tertium
804 2009 930 2070 quoque
952 2009 1027 2052 suas
1049 1987 1166 2051 habuit
1218 1990 1287 2053 eius
1310 2009 1439 2052 summa
1460 1989 1495 2050 16
1519 1986 1651 2051 Christo
1673 1989 1875 2050 terminatur.
1912 1985 1995 2065 Quis
2017 1987 2118 2071 igitur
2135 2009 2194 2052 ex-

191 348 253 410 803

7 2127 10 2140 .
63 2143 68 2150 ,
188 2077 328 2158 sparsim
349 2096 416 2139 non
441 2075 595 2138 obscuras
617 2073 915 2138 demonstrationes.
961 2075 1011 2138 Ac
1033 2095 1075 2137 ne
1096 2074 1163 2154 pri·
1217 2080 1325 2156 pertas
1347 2073 1473 2138 Christi
1500 2073 1638 2137 Iudaeos
1665 2072 1771 2137 facere
1794 2072 1894 2151 ausit,
1919 2074 2112 2154 quibuscum
2135 2095 2194 2138 au-

187 2183 279 2225 mum
302 2160 433 2242 quidem
454 2161 615 2224 intactum
637 2159 836 2239 reliquimus.
1218 2159 1324 2224 dimus
1344 2160 1442 2224 fuisse
1464 2179 1654 2240 percussum
1677 2157 1838 2241 evangelii
1860 2159 1981 2237 foedus,
2007 2160 2099 2224 cuius
2120 2161 2194 2223 uni-

276 2251 303 2308 3.
349 2246 390 2309 In
412 2245 473 2310 hoc
496 2266 573 2327 ergo
595 2243 801 2327 explicand0,
830 2246 906 2326 quia
928 2253 961 2308 et
982 2245 1086 2309 levius
1108 2245 1182 2307 su?
1216 2268 1291 2311 cum
1313 2244 1561 2308 fundamentum
1583 2243 1736 2308 Christus
1758 2241 1828 2308 est?
1874 2243 1956 2323 Quia
1975 2244 2097 2310 alienos
2119 2245 2195 2310 red·

187 2353 248 2414 pra
270 2337 428 2397 attactum
450 2339 513 2408 661,
543 2340 575 2394 61
597 2330 636 2394 16
658 2331 728 2411 ipso
750 2331 823 2412 plus
844 2332 1083 2396 controversiae
1105 2351 1163 2393 no-
1216 2331 1293 2395 dero
1315 2353 1335 2394 a
1356 2331 1517 2412 gratuitae
1536 2330 1650 2394 salutis
1667 2330 1832 2405 beneficio,
1852 2331 1968 2411 quibus
1985 2330 2194 2396 administra·
2291 2340 2294 2355 '

187 2419 238 2482 bis
260 2417 393 2494 faciunt,
416 2417 626 2481 intentiorem
643 2437 801 2497 ponemus
820 2437 965 2498 operam;
984 2417 1030 2481 616
1053 2423 1164 2479 tamen
1216 2425 1284 2480 tam
1315 2418 1414 2480 161666
1441 2415 1592 2480 audimus
1621 2417 1763 2479 iustitiae
1791 2415 1867 2479 fidei
1895 2415 2097 2480 doctrinam?
2143 2418 2193 2482 Ac

188 2513 240 2582 ut,
270 2503 297 2580 si
320 2502 397 2584 quid
418 2503 556 2566 aliorum
584 2502 793 2584 explicationi
815 2501 919 2580 deest,
948 2503 1052 2567 obiter
1073 2501 1163 2565 suffi-
1215 2524 1258 2566 ne
1281 2501 1337 2566 diu
1355 2501 1395 2565 do
1413 2523 1448 2565 re
1467 2501 1589 2583 liquida
1607 2501 1831 2583 disceptemus,
1856 2501 2013 2565 habemus
2030 2503 2194 2586 insignem

190 2590 302 2654 eiatur.
338 2586 427 2653 Sane
450 2587 489 2651 de
510 2588 660 2652 omnibus
683 2587 781 2651 simul
793 2587 1028 2652 dubitationem
1050 2588 1164 2650 eximit
1214 2589 1349 2653 Domini
1370 2589 1563 2652 sententiam
1587 2586 1691 2669 (loen.
1712 2590 1741 2671 3,
1762 2587 1831 2669 56);
1866 2586 2035 2651 Abraham
2050 2588 2194 2652 exsulta-

189 2673 484 2761 apostolus„quum
508 2674 554 2736 ait
564 2674 673 2756 (Rom.
690 2677 716 2751 l,
732 2671 775 2755 2),
788 2674 897 2737 Deum
915 2682 1042 2754 patrem
1063 2694 1163 2737 evan·
1216 2675 1264 2738 vit
1286 2681 1324 2738 ut
1344 2673 1472 2738 videret
1492 2672 1576 2736 diem
1599 2694 1725 2752 meum;
1746 2673 1830 2736 vidit
1851 2682 1884 2736 et
1906 2674 2037 2755 gavisus
2056 2680 2110 2738 est.
2146 2675 2195 2737 Et

189 2760 324 2844 gelium,
357 2758 442 2839 quod
464 2757 504 2824 de
526 2758 593 2823 filio
621 2779 678 2823 suo
707 2758 885 2822 secundum
913 2766 1042 2840 tempus
1064 2758 1163 2822 desti·
1215 2759 1300 2841 quod
1330 2760 1370 2823 16
1400 2759 1570 2823 Abraham
1598 2767 1736 2822 testatur
1763 2759 1829 2824 illic
1852 2757 2021 2835 Christus,
2050 2759 2194 2823 ostendit

188 2854 304 2909 natum·
329 2844 563 2926 promulgavit,
598 2845 695 2926 longe
728 2852 804 2908 ante
832 2865 890 2925 per
921 2844 1096 2925 prophetas
1128 2846 1163 2907 16
1215 2845 1378 2926 apostolus
1406 2846 1441 2907 in
1468 2843 1556 2908 fideli
1585 2843 1703 2926 populo
1730 2845 1830 2908 fuisse
1858 2844 2060 2922 universale,
2090 2866 2194 2926 quum

188 2931 358 3013 scripturis
388 2931 508 2995 sanctis
529 2931 723 3011 promisisse.
768 2930 867 3008 Item,
897 2929 972 2994 fidei
995 2931 1161 3008 iustitiam,
1215 2931 1294 2996 dicit
1315 2930 1432 3014 (Hebr.
1457 2933 1505 3006 13,
1525 2929 1560 3013 8)
1584 2929 1752 2993 Christum
1771 2951 1905 2994 manere
1927 2929 2008 3007 heri,
2031 2929 2137 3005 hodie,
2161 2939 2194 2994 et

187 3038 270 3098 quae
303 3037 361 3098 per
390 3015 597 3098 evangelium
625 3017 733 3096 ipsum
763 3015 909 3091 docetur,
939 3017 1163 3081 testimonium
1214 3018 1249 3080 in
1277 3017 1415 3081 saecula.
1466 3015 1580 3096 Neque
1608 3016 1696 3079 enim
1730 3014 1769 3079 de
1796 3015 1920 3080 Christi
1948 3024 2082 3079 aeterna
2109 3016 2193 3080 divi-

188 3103 351 3166 haberea
379 3101 451 3184 lege
474 3108 507 3164 61
531 3099 697 3183 prophetis
720 3100 829 3185 (Rom.
850 3104 879 3179 3,
899 3100 964 3185 21).
1009 3101 1163 3184 Evange-
1214 3104 1316 3166 nitate
1345 3100 1534 3183 simpliciter
1561 3101 1628 3165 11116
1649 3101 1806 3182 1ο6611ι6·;
1835 3101 1891 3165 661
1920 3102 1960 3165 16
1989 3103 2058 3166 6166
2086 3103 2192 3165 mani-

186 3188 269 3252 lium
298 3186 457 3269 siquidom
491 3186 660 3250 hominum
693 3186 790 3250 corda
822 3208 889 3251 non
916 3188 952 3251 in
982 3189 1163 3269 praesentis
1214 3189 1384 3253 festatione
1395 3188 1424 3273 2)
1443 3208 1525 3269 quae
1543 3195 1698 3269 perpetuo
1715 3185 1866 3251 fidelibus
1883 3189 1945 3251 1611
1956 3187 2151 3268 dispensata.
2163 3187 2191 3270 ⁸)

188 3275 275 3336 vitae
307 3272 431 3337 laetitia
459 3271 594 3350 detinet,
629 3270 686 3336 sed
718 3271 760 3336 ad
786 3294 878 3355 spem
910 3271 1164 3338 immortalitatis
1217 3272 1328 3352 Quare
1350 3280 1383 3337 et
1403 3273 1499 3338 beata
1520 3273 1629 3355 virgo,
1658 3281 1692 3336 et
1713 3272 1890 3337 Zacharias
1911 3273 1947 3336 in
1968 3274 2034 3337 suis
2057 3273 2193 3338 canticis

188 3359 312 3437 evehit;
345 3378 413 3421 non
444 3357 582 3421 terrenis
615 3356 739 3422 deliciis
768 3359 885 3441 affigit,
920 3359 977 3423 sed
1005 3380 1095 3441 spem
1128 3360 1164 3422 in
1217 3360 1313 3444 (Luc.
1337 3365 1363 3438 1,
1388 3364 1429 3422 54
1452 3368 1486 3423 et
1510 3358 1565 3440 72)
1599 3359 1777 3423 revelatam
1809 3360 1844 3422 in
1877 3357 2009 3423 Christo
2043 3358 2192 3434 salutem,

187 3445 275 3509 coelo
293 3445 469 3525 repositam
483 3444 696 3518 annuntians,
714 3443 792 3508 illuc
809 3444 1044 3525 quodammodo
1057 3453 1164 3509 trans·
1216 3444 1449 3509 exhibitionem
1473 3467 1544 3509 6666
1566 3443 1680 3508 116661
1697 3445 1956 3526 promissionum,
1980 3466 2059 3526 quas
2084 3445 2192 3508 fibra-

188 3538 304 3613 portat.
351 3527 408 3594 Sic
430 3530 517 3593 enim
536 3529 613 3594 alibi
635 3529 748 3593 definit
770 3529 870 3615 (Eph.
894 3535 919 3608 1,
944 3529 1014 3614 13),
1037 3537 1164 3613 postca
1217 3532 1295 3594 ham
1317 3539 1351 3595 et
1371 3530 1566 3613 patriarchis
1584 3530 1661 3594 olim
1683 3530 1805 3594 fecerat
1822 3531 1991 3594 Dominus.
2038 3528 2076 3594 Si
2094 3529 2192 3594 Chri-

118 3648 124 3656 -
187 3638 286 3696 quam
315 3614 484 3697 evangelio
520 3614 716 3693 credidistis,
746 3616 908 3699 obsignati
935 3619 1013 3680 estis
1047 3617 1165 3698 spiritu
1217 3624 1304 3681 stum
1327 3638 1423 3680 suum
1443 3615 1625 3681 exhibendo
1652 3615 1863 3680 iurisiurandi
1883 3616 1933 3680 sui
1956 3617 2075 3679 veteris
2093 3616 2192 3679 fidem

187 3701 411 3782 promissionis
444 3708 571 3778 sancto,
603 3702 658 3783 qui
699 3709 749 3765 est
783 3701 922 3766 arrhabo
955 3702 1165 3766 haereditatis
1216 3703 1315 3766 solvit
1339 3703 1515 3780 Dominus,
1547 3701 1609 3766 dici
1638 3723 1704 3765 non
1731 3710 1837 3783 potest
1862 3702 1939 3783 quin
1969 3703 2038 3765 eius
2060 3703 2135 3765 finis
2156 3702 2193 3764 in

189 3793 333 3861 nostrae,
356 3787 390 3848 in
416 3785 673 3867 redemptionem
696 3787 871 3869 acquisitae
893 3788 1164 3873 promissionis.²)
1217 3787 1359 3866 Christo,
1382 3797 1415 3852 et
1435 3789 1504 3853 vita
1526 3797 1659 3852 aeterna
1680 3808 1809 3868 semper
1831 3788 1937 3850 fuerit.

188 3870 274 3934 Item
297 3871 380 3953 (Col.
404 3871 499 3954 1,4);
529 3872 713 3937 audivimus
730 3872 829 3937 fidem
846 3881 989 3938 vestram
1010 3874 1044 3937 in
1067 3873 1165 3937 Chri·
1305 3878 1332 3937 5.
1379 3873 1469 3954 Quin
1492 3873 1654 3954 apostolus
1682 3894 1749 3936 non
1770 3872 1907 3937 foederis
1935 3879 2063 3936 tantum
2087 3874 2195 3955 gratia

190 3963 240 4021 sto
263 3956 352 4032 Iesu,
382 3963 415 4019 et
437 3959 605 4020 caritatem
634 3980 713 4042 erga
740 3966 883 4036 sanctos;
912 3967 1044 4040 proptor
1073 3980 1165 4041 spem
1216 3981 1312 4042 pares
1340 3961 1433 4024 nobis
1461 3960 1538 4024 facit
1559 3959 1742 4035 Israelitas,
1771 3958 1949 4022 sedetiam
1973 3966 2193 4022 sacramento-

188 4043 280 4107 vobis
303 4043 477 4123 repositam
498 4044 666 4119 incaelis,
695 4044 735 4108 (16
760 4066 825 4125 666
853 4044 989 4109 66116116
1016 4065 1075 4127 per
1097 4066 1165 4109 ser·
1216 4066 1291 4108 rum
1320 4046 1562 4128 significatione.
1614 4044 1646 4107 N
1648 4066 1700 4108 am
1725 4065 1903 4126 poenarum
1925 4044 2097 4125 exemplis,
2120 4046 2192 4125 qui·
2231 4095 2237 4115 ,,

187 4149 318 4192 monem
345 4148 495 4191 veracem
522 4130 691 4212 evangelii.
741 4129 827 4193 Item
855 4129 889 4213 (2
909 4131 1022 4194 Thess.
1043 4135 1071 4207 2,
1093 4130 1163 4213 11);
1218 4132 1279 4196 bus
1302 4132 1475 4214 castigatos
1497 4130 1575 4193 olim
1595 4131 1694 4195 fuisse
1716 4131 1789 4194 illos
1811 4131 1972 4211 scriptura
1993 4131 2116 4207 recitat,
2136 4129 2193 4193 de-

188 4214 318 4279 vocavit
350 4234 409 4277 nos
447 4234 507 4295 pcr
544 4215 765 4297 evangelium,
793 4235 797 4244 ⁶
812 4217 846 4279 in
885 4217 1165 4298 participationem
1217 4224 1339 4280 terrere
1362 4216 1548 4286 Corinthios
1568 4217 1696 4294 volens,
1726 4237 1768 4279 ne
1790 4217 1824 4278 in
1847 4215 1966 4280 similia
1994 4216 2117 4298 flagitia
2140 4216 2193 4278 in-

189 4299 473 4382 gloriacDomini
500 4301 603 4364 nostri
635 4300 710 4365 Iesu
740 4301 873 4366 Christi.
919 4301 1014 4367 Unde
1037 4311 1070 4367 et
1091 4322 1165 4366 ver·

188 4387 266 4450 bum
295 4385 423 4461 salutis,
456 4392 489 4447 et
516 4387 660 4466 potentia
681 4387 745 4450 Dei
773 4386 814 4450 ad
842 4387 1016 4452 salvandos
1043 4387 1163 4466 fideles,

189 4480 222 4535 et
244 4492 384 4554 regnum
406 4470 569 4535 coelorum
586 4479 802 4552 nuncupatur.
849 4472 946 4552 Quod
968 4473 995 4537 si
1013 4473 1165 4554 spiritua-

188 4558 228 4621 116
251 4568 300 4621 661
322 4556 484 4640 evangelii
506 4556 661 4634 doctrina,
684 4558 780 4620 etad
802 4560 889 4623 vitae
910 4558 1165 4638 incorruptibilis

187 4644 423 4724 possessionem
444 4642 568 4706 aditum
591 4643 711 4724 aperit,
734 4665 776 4707 ne
797 4652 950 4725 putemus
973 4664 1027 4707 eos
1048 4645 1165 4726 quibus

187 4729 383 4808 promissum
406 4750 443 4793 66
464 4728 691 4794 denuntiatum
713 4729 783 4806 fuit,
806 4729 981 4810 praeterita
1001 4730 1165 4813 neglecta-

188 4836 250 4895 que
279 4815 408 4877 animac
436 4836 530 4891 cura,
559 4816 594 4879 in
622 4814 790 4896 captandis
819 4815 962 4897 corporIs
990 4817 1166 4898 voluptati-

187 4899 264 4977 bus,
298 4901 403 4963 instar
434 4900 596 4982 pecudum
628 4900 841 4983 obstupuisse.
892 4901 961 4965 Neo
995 4903 1166 4967 cavilletur

188 4984 241 5048 hio
263 4983 433 5066 quispiam,
456 4987 694 5068 promissiones,
717 4989 857 5069 quaein
879 4983 950 5071 le'ge
973 4996 1006 5051 et
1025 4988 1166 5070 prophe·

188 5157 229 5164 >-
236 5160 320 5164 ——-.
332 5158 392 5165 ..Α

255 5256 288 5322 1)
307 5255 371 5309 odd.
391 5258 495 5309 66111661
512 5256 582 5311 1553
598 5275 650 5327 aeq.
721 5260 751 5327 2)
768 5261 947 5330 possessionis
965 5259 1033 5314 1553
1050 5277 1102 5330 aeq.

1218 4310 1401 4380 currerent,
1435 4323 1455 4366 a
1481 4302 1680 4384 praefatione
1707 4303 1771 4366 ista
1800 4300 1925 4365 orditur
1948 4302 1980 4385 (l
2003 4299 2075 4365 Cor.
2100 4305 2146 4372 10,
2175 4306 2190 4364 l

1218 4387 1339 4472 6111);
1376 4409 1442 4452 non
1475 4409 1545 4453 esse
1579 4410 1638 4453 cur
1672 4388 1773 4452 ullam
1806 4388 2067 4470 praerogativam
2098 4386 2193 4452 nobis

1217 4474 1435 4551 vindicemus,
1458 4495 1541 4557 quae
1562 4496 1620 4538 nos
1643 4497 1663 4538 a
1683 4474 1747 4537 Dei
1774 4472 1919 4538 vindicta
1939 4473 2069 4555 eripiat,
2094 4493 2194 4553 quam

1218 4561 1265 4623 illi
1289 4561 1470 4639 subierant,
1498 4559 1656 4641 siquidem
1677 4578 1743 4622 non
1769 4558 1883 4622 iisdem
1910 4559 2006 4622 modo
2028 4558 2193 4623 beneficiis
2271 4561 2276 4569 '

1217 4654 1432 4728 prosequutus
1461 4646 1600 4710 61111166
1628 4646 1804 4718 Dominus,
1840 4644 1897 4708 sed
1925 4644 2040 4708 iisdem
2067 4665 2194 4725 quoque

1219 4732 1374 4816 symbolis
1396 4731 1558 4797 illustrem
1584 4732 1671 4794 inter
1692 4751 1746 4794 eos
1767 4731 1906 4812 gratiam
1928 4751 2020 4794 suam
2044 4729 2193 4794 reddide-

1218 4818 1263 4881 rit
1270 4841 1277 4896 ;
1307 4839 1344 4883 ac
1367 4819 1395 4882 si
1417 4816 1551 4882 diceret:
1581 4819 1608 4881 si
1631 4816 1791 4881 confiditis
1813 4838 1870 4880 vos
1893 4824 1987 4879 extra
2012 4815 2195 4896 perieulum
2271 4875 2277 4897 ,

1219 4925 1297 4982 esse,
1322 4904 1397 4985 quia
1419 4911 1452 4966 et
1473 4904 1653 4985 baptismus
1674 4923 1737 4984 quo
1758 4902 1906 4983 insigniti
1929 4903 2015 4979 66116,
2037 4907 2071 4964 61
2092 4918 2195 4965 66666

1218 5010 1317 5071 quarn
1338 4988 1480 5071 quotidie
1502 4989 1679 5070 suscipitis,
1703 4988 1839 5051 eximias
1863 4986 1986 5051 habent
2007 4986 2193 5068 promissio-

1287 5193 1317 5259 1)
1334 5194 1363 5246 id
1381 5193 1464 5246 omitt.
1484 5190 1552 5244 1553
1570 5208 1597 5243 se
1617 5236 1622 5247 .
1706 5191 1856 5257 2)(1161616
1876 5191 1943 5244 1553
1959 5207 1987 5243 ae
2006 5233 2011 5244 .

1217 5259 1599 5330 ρο6666161543.1515.15
1641 5279 1647 5322 ;
1682 5259 1943 5328 66161661615531
2001 5302 2006 5312 .

2091 5189 2121 5257 3)
2140 5192 2193 5244 dis·
