4770 6030
222 329 281 390 111
867 323 1132 393 1222122212
1153 325 1258 391 222.
1280 323 1461 392 2112122.
1486 329 1578 392 reae.
2168 328 2228 390 112
2261 287 2265 295 ’

112 546 117 552 ·
220 514 358 591 animus,
382 518 419 577 21
441 512 481 578 de
503 518 709 597 peccatorum
731 515 920 579 remissione
943 535 1071 597 semper
1087 520 1196 578 certus
1247 511 1389 577 Ioannes
1411 519 1445 576 et
1472 513 1607 595 apostoli
1634 519 1881 593 eonsensenmt;
1909 514 2038 598 utrique
2059 512 2095 578 in
2116 516 2258 596 poeni·-

220 620 416 680 seeurusque
434 600 484 663 sit
533 598 620 663 Nam
638 599 698 664 etsi
717 599 817 664 semol
838 599 1084 666 administratus
1102 620 1196 681 prae-
1248 598 1394 676 tentiam,
1418 598 1547 681 utrique
1563 600 1599 662 in
1616 599 1840 664 remissionem
1861 606 2076 683 peccatorum,
2099 601 2229 684 utrique

219 686 346 750 teriisse
368 684 457 748 visus
479 689 543 763 est,
571 684 803 767 posterioribus
825 693 935 750 tamen
961 686 1102 769 peooatis
1130 706 1197 749 non
1248 684 1284 747 in
1304 704 1423 750 nomen
1445 682 1586 762 Christi,
1614 706 1634 749 a
1653 705 1717 767 quo
1747 687 1947 768 poenitentia
1967 695 2001 750 et
2021 693 2228 768 peccatorum

219 777 271 836 est
291 769 437 835 abolitus.
472 770 606 835 Puritas
627 771 716 834 enim
733 769 858 835 Christi
879 772 914 835 in
937 794 974 837 eo
996 773 1089 837 nobis
1107 771 1196 835 obla·
1248 768 1396 834 remissio
1424 776 1524 848 esset,
1550 769 1765 853 baptisarunt
1814 772 1956 837 Ioannes
1978 771 2076 850 dixit,
2105 793 2228 856 agnum

219 862 256 921 ta
276 861 339 934 est,
367 875 407 919 ea
428 876 558 938 semper
578 857 683 939 viget,
713 855 812 921 nullis
834 858 971 922 maculis
993 857 1195 940 opprimitur,
1249 875 1320 919 esse
1337 854 1410 934 Dei,
1433 876 1607 938 perquem
1625 855 1817 922 tollerentur
1833 851 1967 939 peccata
1983 857 2098 922 mundi
2121 857 2226 943 (1222.

218 939 276 1007 sed
297 961 410 1006 omnes
431 949 560 1006 nostras
582 940 693 1007 sordes
714 942 823 1006 obruit
843 949 877 1006 et
899 945 1049 1026 extergit.
1082 943 1196 1024 Neque
1253 939 1294 1022 l).
1339 940 1404 1006 Ubi
1427 942 1526 1006 etiam
1548 941 1688 1012 hostiam
1709 942 1785 1006 lecit
1805 944 1892 1026 patri
1915 951 2094 1025 22222122,
2117 944 2227 1026 propi-

219 1025 297 1092 hino
322 1025 478 1109 peccandi
505 1028 540 1090 in
568 1027 715 1091 futurum
736 1027 868 1094 licentia
889 1028 1050 1110 captanda
1072 1037 1136 1106 est,
1159 1037 1197 1093 ut
1248 1026 1415 1105 tiatorem,
1444 1034 1651 1093 servatorem.
1697 1026 1786 1108 Quid
1815 1028 1967 1095 adhunc
1993 1029 2227 1094 confessionem

217 1118 305 1179 corte
320 1111 410 1178 ‘hine
431 1111 481 1190 ¹ad
502 1113 603 1178 talem
630 1113 799 1179 audaciam
826 1115 961 1180 minime
988 1116 1195 1192 instruimur;
1249 1109 1368 1176 addere
1391 1119 1542 1194 poterant
1563 1113 1722 1196 apostoli?

218 1197 277 1264 sed
298 1197 380 1264 haee
402 1197 551 1265 doctrina
577 1199 617 1263 iis
639 1206 768 1263 tantum
789 1199 943 1278 traditur,
966 1202 1022 1283 qui
1044 1201 1196 1282 211222-
1335 1195 1424 1278 Quid
1447 1219 1524 1281 ergo
1552 1207 1618 1278 est,
1647 1198 1732 1282 quod
1762 1201 1902 1266 Ioannes
1930 1200 2014 1265 dixit
2042 1201 2226 1285 (11211113.

217 1292 390 1363 eavenmt,
419 1285 479 1349 sub
507 1286 647 1367 peooatis
675 1286 742 1350 suis
762 1286 895 1369 ‘fatigati
922 1295 956 1350 et
982 1285 1118 1351 desolati
1139 1307 1196 1369 ge-
1249 1283 1329 1349 Luc.
1351 1282 1400 1368 3):
1424 1283 1611 1366 sequidem
1633 1306 1718 1367 aqua
1738 1287 1911 1369 baptisare,
1935 1294 2112 1352 venturum
2129 1286 2227 1352 Chri·

217 1377 322 1448 munt,
344 1378 383 1435 ut
403 1370 547 1435 habeant
567 1392 630 1452 quo
654 1392 688 1435 se
710 1372 839 1455 erigamt
856 1393 893 1437 ae
916 1372 1131 1449 consolentur,
1154 1393 1196 1436 ne
1250 1376 1346 1446 2122,
1369 1370 1616 1452 quibaptisaret
1636 1371 1801 1453 inspiritu
1819 1379 1983 1439 22221221
1999 1371 2092 1456 igni?
2115 1374 2228 1456 paucis

217 1456 254 1521 iu
276 1456 497 1522 confusionem
518 1463 552 1520 et
573 1456 831 1539 desperationem
853 1463 959 1522 ruant
995 1455 1052 1523 Sic
1071 1457 1196 1522 Paulus
1249 1454 1395 1537 expediri
1419 1452 1461 1540 [2.
1480 1453 1558 1555 222]
1577 1456 1638 1522 hoe
1664 1464 1779 1538 potest
1823 1459 1899 1523 Non
1920 1458 2008 1522 enim
2029 1458 2228 1541 baptismum

218 1542 266 1606 211
287 1540 397 1627 (Rom.
417 1541 468 1626 3):
498 1541 669 1607 Christum
689 1543 813 1608 1221221
833 1544 927 1608 22112
947 1565 1019 1608 2222
1042 1544 1196 1625 21221112-
1249 1561 1270 1604 2
1296 1540 1456 1623 baptismo
1485 1540 1684 1626 distinguere
1710 1544 1827 1623 voluit,
1856 1543 1913 1610 sed
1939 1565 2112 1625 personam
2134 1566 2245 1610 suam.

218 1637 337 1706 torem,
374 1628 408 1692 in
442 1628 665 1693 remissionem
697 1628 962 1711 praecedentium
994 1629 1194 1694 delictorum.
1249 1648 1325 1691 eum
1357 1625 1483 1692 Christi
1516 1649 1655 1710 persona
1688 1630 1838 1695 contulit:
1873 1651 1908 1695 se
1941 1630 2129 1696 ministrum
2156 1653 2228 1696 esse

218 1711 293 1794 Quo
310 1735 376 1778 non
393 1721 501 1797 negat
520 1722 711 1796 perpetuam
730 1713 956 1798 assiduamque
976 1713 1016 1800 [2.
1030 1712 1107 1800 220]
1122 1736 1196 1797 pec·
1250 1733 1368 1793 aquae,
1397 1712 1491 1776 illum
1518 1714 1651 1795 spiritus
1679 1716 1783 1780 saneti
1806 1715 1968 1793 datorem,
1996 1722 2030 1780 et
2052 1716 2137 1782 hane
2159 1717 2245 1782 vir--

217 1805 365 1866 catorum
387 1799 625 1877 remissionem,
649 1799 691 1864 ad
712 1808 852 1865 mortem
873 1822 975 1884 usque
997 1802 1033 1864 in
1054 1821 1092 1865 eo
1114 1800 1196 1865 obti-
1249 1808 1353 1862 tutem
1374 1798 1494 1862 visibili
1515 1800 1671 1865 11111221112
1693 1799 1949 1879 declaraturum,
1972 1822 2034 1884 quo
2056 1801 2109 1867 die
2131 1803 2227 1884 spiri·

217 1885 297 1963 neri,
321 1885 378 1950 sed
401 1885 515 1950 datum
536 1907 611 1950 eum
632 1892 766 1968 epatre
787 1886 915 1951 2122112
937 1894 1197 1968 tantumpecca
1250 1890 1321 1947 1221
1356 1890 1505 1950 2222122
1536 1886 1689 1967 apostolis
1711 1888 1772 1952 sub
1804 1887 1925 1971 linguis
1946 1887 2052 1971 igneis
2073 1888 2225 1953 mitteret

216 1972 341 2038 teribus
357 1972 530 2054 significat,
553 1971 608 2054 qui
626 1973 842 2036 eonscientiae
864 1972 1006 2037 cauterio
1033 1972 1197 2036 vulnerati
1250 1967 1339 2049 Qud
1363 1970 1498 2051 apostoli
1521 1970 1643 2036 iactare
1664 1972 1752 2037 ultra
1772 1972 1983 2056 2212212211.
2015 1972 2104 2053 Quid
2121 1976 2227 2057 etqui

219 2056 263 2123 ad
288 2057 452 2123 medicum
479 2057 652 2139 suspirant
708 2057 772 2123 His
804 2057 940 2122 21121121
974 2057 1197 2123 misericordia
1250 2054 1345 2120 hodie
1378 2055 1563 2137 baptisant?
1620 2055 1708 2146 Sunt
1745 2060 1834 2124 enim
1860 2059 2035 2135 ,2112112112
2066 2058 2229 2126 duntaxat

217 2142 291 2209 Dei
343 2140 410 2224 Qui
436 2142 591 2225 peccandi
615 2144 788 2208 materia-m
815 2151 849 2208 21
874 2143 1040 2209 licentiam
1065 2166 1106 2208 ox
1134 2144 1196 2207 im·
1250 2140 1335 2224 signi
1348 2141 1498 2218 ministri,
1512 2141 1665 2208 Christus
1684 2145 1847 2210 interieris
1865 2145 1990 2229 gratiae
2002 2151 2106 2213 autor.
2134 2145 2229 2212 Haec

215 2231 364 2316 punitate
386 2237 599 2310 aucupantur,
622 2229 706 2293 nihil
728 2230 789 2294 sibi
811 2236 941 2311 praeter
958 2230 1043 2293 1122
1059 2236 1093 2294 21
1112 2229 1196 2298 iudi·
1249 2247 1332 2309 quae
1352 2233 1424 2290 tum
1446 2226 1486 2291 de
1507 2230 1770 2308 mortificatione,
1799 2238 1870 2295 1112
1893 2229 1934 2296 de
1955 2230 2121 2296 ablutione
2143 2231 2227 2296 dixi·

217 2315 305 2382 oium
325 2315 389 2379 Dei
408 2322 596 2397 provocant
1248 2333 1338 2391 mus,
1368 2314 1402 2376 in
1430 2313 1548 2395 populo
1576 2315 1682 2380 Israel
1702 2315 1896 2382 adumbrata
1917 2325 2008 2394 sunt,
2035 2337 2133 2399 quem
2154 2338 2227 2382 eam

304 2400 455 2465 Alteram
483 2401 582 2465 etiam
608 2401 859 2466 consolationem
888 2399 1007 2479 adfert,
1035 2401 1112 2483 quia
1136 2421 1196 2464 no-
1241 2397 2010 2487 ’21222222222212122(1021.10)11121112
2030 2403 2229 2468 22122112

218 2494 322 2554 211212
348 2487 384 2551 12
412 2484 543 2552 Christo
571 2487 853 2552 mortificationem
880 2488 973 2552 nobis
1001 2484 1143 2552 ostendit
1164 2492 1198 2550 et
1249 2484 1333 2548 mari
1361 2484 1460 2549 fuisse
1496 2485 1702 2568 1221122122.
1757 2488 1967 2554 Mortificatio
1999 2489 2140 2572 figurata
2167 2497 2227 2568 est,

217 2594 339 2641 nevam
370 2573 405 2638 in
437 2594 475 2638 2ο
507 2574 618 2637 vitam
671 2571 856 2655 Siquidem,
884 2579 922 2636 ut
948 2573 995 2636 ait
1020 2571 1196 2654 Apostolus
1249 2591 1325 2635 oum
1351 2571 1514 2635 Dominus
1542 2593 1560 2636 e
1588 2593 1689 2636 manu
1714 2573 1900 2639 Pharaonis
1926 2582 1959 2639 et
1980 2573 2103 2641 erudeli
2123 2575 2227 2640 servi-

219 2658 330 2745 (Rom.
350 2658 401 2744 6),
430 2660 466 2722 12
492 2666 631 2723 mortem
656 2659 725 2724 eius
751 2658 905 2740 baptisati
927 2679 1056 2736 sumus,
1084 2679 1197 2722 conse-
1249 2663 1392 2720 1212222
1409 2677 1566 2735 asserens,
1585 2659 1674 2723 viam
1691 2658 1757 2724 illis
1776 2661 1893 2725 stravit
1908 2660 2225 2742 permarerubrum,

218 2745 303 2829 22111
331 2745 394 2826 1221
422 2745 457 2809 12
478 2751 631 2822 mortem,
660 2752 698 2808 ut
719 2745 754 2808 in
776 2746 920 2809 novitate
942 2745 1029 2808 vitae
1052 2743 1197 2808 ambule-
1250 2749 1284 2805 21
1303 2742 1512 2806 Pharaonem
1532 2744 1640 2825 ipsum
1661 2754 1695 2809 et
1710 2747 1891 2830 Aegyptios
1909 2746 2028 2824 hostes,
2050 2747 2105 2828 qui
2122 2767 2143 2812 a
2159 2754 2226 2810 ter·

217 2853 302 2896 mur.
347 2829 476 2912 Quibus
502 2830 611 2897 verbis
639 2852 704 2895 non
731 2829 774 2895 ad
803 2830 1017 2894 imitationem
1043 2829 1112 2894 eius
1138 2850 1198 2894 nos
1250 2848 1292 2911 go
1313 2827 1378 2892 illis
1400 2829 1567 2893 instabant
1584 2837 1617 2893 et
1634 2831 1814 2897 cervicibus
1833 2832 2056 2909 imminebant,
2079 2832 2226 2897 submer-

163 2943 164 2947 ’
219 2917 325 2984 solum
354 2917 561 2992 exhortatu,
592 2937 630 2981 22
651 2916 679 2980 21
704 2916 840 2982 diceret:
869 2915 1037 2981 admoneri
1059 2936 1118 2980 nos
1139 2936 1199 2997 per
1250 2914 1293 2978 sit
1311 2911 1510 2998 (11121114).
1544 2914 1632 2980 Nam
1653 2924 1687 2981 et
1708 2916 1751 2982 ad
1773 2917 1860 2982 huno
1881 2917 2024 2996 modum,
2046 2919 2082 2982 in
2105 2918 2227 3001 baptis·

218 3003 427 3086 baptismum,
451 3009 488 3067 21
508 3002 649 3085 quodam
665 3003 779 3068 mortis
796 3000 922 3067 Christi
945 3002 1094 3084 exemplo
1121 3023 1198 3066 eon·
1249 3020 1303 3063 mo
1329 2999 1500 3081 pollicetur
1522 3001 1634 3079 nobis,
1658 3008 1691 3066 et
1712 3001 1788 3067 dato
1809 3004 1904 3086 signo
1925 3003 2081 3081 ostendit,
2103 3026 2163 3069 nos
2185 3026 2227 3069 ex

219 3089 426 3171 cupiscentiis
443 3088 563 3153 nostris
579 3088 758 3153 moriamur
776 3095 808 3152 et
825 3087 975 3170 exemplo
988 3086 1198 3153 resurreetio·
1250 3085 1395 3169 Aegypti
1411 3085 1609 3168 captivitate,
1631 3087 1694 3152 hoe
1716 3094 1774 3167 est,
1797 3109 1816 3152 e
1836 3091 1961 3172 peccati
1977 3090 2143 3173 servitute,
2167 3111 2228 3155 sua

219 3175 281 3252 212,
304 3181 341 3237 21
361 3174 397 3238 12
416 3174 576 3239 iristitiam
593 3174 800 3252 suscitemur3
823 3172 880 3239 sed
897 3195 969 3239 rem
985 3173 1082 3256 longe
1101 3173 1198 3238 altius
1249 3172 1371 3236 2111212
1388 3171 1521 3237 eductos
1538 3180 1572 3237 et
1588 3172 1777 3252 vindicatos,
1797 3173 2003 3241 submersum
2018 3175 2227 3241 Pharaonem

219 3260 353 3343 repetit,
386 3281 503 3342 nempe
530 3259 614 3341 quod
646 3281 705 3342 per
731 3260 931 3342 baptismum
959 3258 1112 3326 Christus
1138 3280 1198 3324 nos
1249 3263 1411 3335 nostrum,
1434 3256 1469 3319 id
1491 3265 1541 3323 est
1563 3257 1741 3338 diabolum,
1770 3281 1956 3343 quanquam
1977 3281 2037 3325 nec
2059 3261 2227 3329 21221122

219 3346 335 3411 mortis
355 3368 434 3412 suae
455 3345 569 3430 1222111
588 3346 771 3427 participes,
794 3353 832 3408 ut
852 3346 888 3409 in
909 3366 983 3410 eam
1003 3346 1196 3410 inseramur.
1249 3351 1519 3408 exercerenoset
1532 3344 1591 3408 1211
1634 3343 1817 3411 redesinat
1846 3347 1973 3411 Verum
1991 3354 2028 3411 ut
2042 3347 2227 3432 Aegyptius

218 3431 267 3499 Et
290 3422 571 3515 quemadmodum*
585 3431 735 3498 2212111112
758 3431 973 3496 substantiam
991 3431 1197 3495 alimentum-
1249 3429 1304 3494 ille
1326 3451 1392 3492 non
1414 3428 1449 3493 in
1470 3431 1588 3512 profan
1610 3452 1668 3494 um
1688 3433 1789 3496 maris
1810 3431 1954 3498 deiectus
1974 3433 2090 3511 122121,
2113 3433 2227 3499 sedin

220 3537 282 3601 que
304 3518 395 3584 ducit
416 3516 561 3583 aradios
578 3518 631 3582 oui
647 3517 765 3581 insitus
782 3525 841 3596 est,
863 3518 911 3581 ita
927 3517 982 3600 qui
999 3517 1198 3599 baptismum
1248 3513 1357 3579 littore
1389 3522 1586 3597 prostratus,
1618 3516 1757 3581 terribili
1791 3525 1924 3601 aspectu
1954 3516 1993 3605 [p.
2012 3516 2089 3606 222]
2118 3519 2226 3585 adhuc

219 3625 259 3668 ea
280 3625 344 3687 qua
364 3603 484 3669 debent
502 3602 568 3668 fide
590 3604 761 3686 accipiunt,
783 3625 861 3668 vere
882 3602 1061 3669 efficaciam
1083 3603 1197 3667 mortis
1248 3599 1416 3665 Israelitas
1445 3602 1603 3680 terrebat,
1631 3601 1689 3667 sed
1711 3624 1826 3669 nocere
1849 3626 1914 3669 non
1935 3612 2075 3686 poterat3
2104 3606 2151 3670 ita
2172 3605 2226 3672 hie

220 3687 346 3754 Christi
367 3691 513 3754 sentiunt
533 3689 569 3753 in
590 3690 839 3755 mortificatione
856 3687 963 3755 earnis
981 3710 1075 3767 suae3
1098 3687 1196 3753 simul
1248 3693 1358 3751 noster
1380 3685 1488 3752 adhue
1509 3687 1640 3768 quidem
1660 3689 1819 3769 2122121,
1841 3711 1933 3754 arma
1952 3688 2103 3769 ostendit,
2125 3692 2225 3756 senti·

221 3775 322 3840 etiam
343 3776 603 3853 resurrectionis,
631 3775 667 3838 in
688 3775 906 3840 vivificatione
927 3775 1069 3857 spiritus.
1114 3772 1196 3838 Inde
1248 3781 1318 3850 tur,
1347 3771 1404 3836 sed
1425 3773 1556 3838 vincere
1582 3783 1790 3856 neapotest
1840 3776 1881 3840 In
1909 3775 1995 3840 nube
2021 3777 2224 3859 purgationis

221 3861 456 3926 exhortationis
478 3862 650 3926 materiam
672 3860 820 3927 desumit
855 3859 952 3942 Quod
969 3861 998 3925 21
1016 3858 1197 3926 Christiani
1249 3857 1433 3942 symbolum
1452 3858 1515 3922 1211
1529 3858 1648 3944 (Ν22.
1668 3859 1713 3942 9).
1757 3862 1845 3926 Ν22
1866 3869 1903 3925 111
1924 3869 1994 3925 tum
2015 3861 2088 3927 illos
2110 3862 2225 3928 Domi·

219 3967 341 4025 22222,
367 3943 409 4032 [p.
429 3944 505 4033 221]
530 3946 684 4012 debemus
705 3947 825 4012 mortui
846 3967 917 4012 esse
939 3952 1070 4029 peceato
1091 3953 1125 4010 et
1146 3947 1196 4010 iu·
1248 3966 1311 4009 nus
1333 3945 1479 4026 opposita
1500 3945 1587 4009 nube
1614 3947 1742 4027 operuit
1768 3956 1801 4013 et
1826 3947 2032 4030 refrigerium
2053 3949 2224 4030 praestitit,

219 4033 328 4098 stitiae
356 4032 476 4097 vivere.
526 4032 599 4099 Hoo
626 4032 739 4097 eodem
768 4039 961 4116 argumento
990 4030 1066 4099 alibi
1093 4032 1197 4096 utitur
1248 4029 1555 4095 221221222211212
1582 4031 1659 4096 22112
1687 4032 1803 4098 ardore
1825 4032 2001 4098 deficerent
2011 4041 2055 4097 'et
2080 4034 2225 4100 tabesce-

142 4105 150 4128 ’
220 4116 306 4203 (021.
326 4116 377 4201 2);
408 4117 493 4201 quod
520 4119 701 4184 circumcisi
725 4140 852 4197 sumus,
881 4126 914 4183 et
935 4119 1084 4183 exuimus
1106 4123 1196 4182 vete·
1248 4123 1335 4194 rent;
1363 4116 1410 4180 ito
1431 4116 1467 4178 in
1493 4116 1654 4198 baptismo
1681 4140 1741 4183 nos
1764 4118 1889 4185 Christi
1916 4119 2076 4202 sangiune
2097 4127 2226 4202 opertos

220 4225 292 4269 rem
312 4203 494 4282 hominem,
516 4211 687 4286 postquam
708 4226 767 4287 per
787 4204 986 4287 baptismum
1006 4204 1041 4267 in
1064 4201 1196 4269 Christo
1248 4222 1318 4266 esse
1340 4207 1374 4266 et
1394 4208 1556 4282 protectos
1577 4206 1792 4286 agnoscimus,
1815 4227 1856 4270 ne
1873 4205 1938 4270 Dei
1958 4205 2123 4282 severitas,
2141 4226 2226 4288 quae

220 4289 339 4372 sepulti
361 4311 482 4354 222122.
523 4290 570 4354 Et
591 4290 652 4355 hoe
674 4312 780 4368 sensu,
804 4312 842 4354 eo
863 4311 960 4373 quem
981 4289 1128 4372 proxime
1150 4289 1196 4353 ei·
1248 4308 1325 4352 vere
1347 4294 1397 4352 est
1417 4288 1550 4352 flamma
1572 4288 1793 4369 intolerabilis,
1816 4291 1910 4355 nobis
1930 4290 2106 4356 incumbat

220 4376 363 4441 12212122
384 4375 453 4440 loeo
476 4375 554 4461 (Tit
573 4375 661 4460 ult),
685 4377 814 4442 vocavit
834 4376 1002 4441 lavacrum
1023 4394 1196 4458 regenera—
1334 4373 1407 4437 Iam
1427 4374 1635 4455 perspicuum
1658 4382 1715 4455 ost,
1738 4398 1837 4459 quam
1859 4376 1978 4440 121222
1996 4377 2039 4442 211
2060 4375 2145 4460 quod
2168 4375 2226 4441 do-

220 4462 317 4527 tionis
339 4467 372 4526 21
393 4462 620 4526 renovationis.
655 4460 712 4527 Sic
730 4463 874 4545 primum
892 4461 1032 4526 Ioannes
1053 4459 1196 4542 1221122-
1231 4465 1387 4524 euerunt
1407 4459 1566 4537 nonnulli,
1589 4482 1649 4526 nos
1670 4483 1729 4545 per
1749 4462 1948 4544 baptismum
1969 4462 2053 4528 solvi
2074 4470 2108 4527 et
2125 4462 2225 4527 eximi

218 4548 276 4625 vit,
299 4548 345 4612 sie
367 4546 484 4613 deinde
505 4548 650 4631 apostoli,
671 4547 831 4631 baptismo
854 4547 1070 4630 poenitentiae
1092 4546 1127 4609 in
1144 4567 1196 4610 re-
1248 4545 1289 4610 ab
1311 4543 1462 4627 originali
1478 4553 1610 4627 peceato
1628 4555 1661 4612 et
1677 4568 1717 4612 ea
1733 4547 1938 4630 corruptione
1956 4569 2039 4630 quae
2057 4548 2098 4613 ab
2116 4547 2226 4613 Adam

218 4633 406 4698 missionem
425 4643 632 4716 peecatorum
652 4633 786 4719 (Matth.
807 4637 835 4698 3.
859 4633 940 4698 Luc.
955 4635 983 4696 3.
1006 4631 1096 4695 1222
1117 4635 1145 4696 3.
1164 4637 1194 4696 4.
1246 4632 1283 4696 12
1311 4630 1500 4695 universam
1526 4633 1749 4714 posteritatem
1775 4640 1955 4716 propagata
1977 4642 2041 4712 est,
2071 4640 2168 4717 atque
2189 4633 2226 4698 in

219 4717 293 4783 Aet
313 4720 356 4801 2).
391 4720 617 4785 Poenitentiae
638 4720 748 4797 verbo,
772 4717 960 4783 huiusmodi
976 4718 1195 4800 regeneratio·
1247 4713 1555 4782 eandemiustitiam
1565 4726 1765 4801 naturaeque
1778 4719 1954 4800 puritatem
1972 4719 2107 4798 restitui
2126 4740 2226 4802 quam

218 4824 296 4869 nem
322 4805 555 4890 intelligentem
588 4805 777 4870 remissione
803 4810 1025 4887 peccatorum,
1058 4802 1196 4868 ablutio-
1247 4801 1441 4871 obtinuisset
1456 4801 1575 4881 Adam,
1599 4805 1627 4869 si
1644 4805 1680 4869 in
1697 4825 1745 4881 ea,
1763 4825 1828 4885 qua
1845 4804 1989 4887 primum
2009 4813 2137 4871 oreatus
2154 4805 2226 4870 fue-

219 4911 304 4956 nem
350 4888 424 4971 Quo
445 4893 544 4956 etiam
565 4891 784 4957 certissimum
804 4891 851 4968 fit,
873 4887 961 4953 idem
983 4888 1081 4953 121222
1103 4910 1196 4971 pror-
1248 4897 1308 4968 rat,
1331 4886 1520 4970 integritate
1541 4890 1691 4955 stetisset
1720 4889 1801 4955 'Pale
1823 4891 1911 4956 enim
1932 4889 2100 4959 doctorum
2122 4912 2227 4975 genus

219 4997 276 5042 sus
297 4977 431 5041 Ioannis
457 4977 690 5054 ministerium,
719 4974 804 5059 quod
827 4973 980 5057 apostolis
1006 4983 1119 5056 postea
1139 4973 1196 5039 de-
1247 4993 1423 5054 nunquam,
1447 4973 1525 5056 quid
1546 4983 1715 5057 peceatum
1736 4975 1902 5059 originale,
1925 4975 2003 5058 quid
2019 4976 2144 5042 iustitia
2160 4979 2227 5042 ori·

218 5061 365 5145 legatum
393 5069 451 5128 ost
501 5063 576 5127 Non
604 5063 693 5127 enim
718 5061 820 5127 alium
847 5061 1046 5146 baptismum
1072 5059 1196 5125 1221221
1247 5057 1380 5145 ginalis,
1408 5078 1491 5141 quae
1518 5061 1625 5142 gratia
1651 5061 1804 5144 baptismi
1831 5069 1930 5140 esset,
1960 5071 2144 5127 assecutum
2165 5069 2224 5128 est

219 5146 368 5213 diversae
390 5170 523 5226 manus,
550 5148 667 5231 quibus
689 5147 948 5213 administratur:
977 5145 1035 5210 sed
1056 5144 1196 5212 eundem
1246 5146 1424 5213 Peccatum
1446 5145 1604 5227 originale
1626 5154 1685 5225 est
1707 5155 1845 5212 naturae
1866 5155 1996 5212 nostrae
2019 5148 2165 5230 pravitas
2188 5171 2227 5215 ae
2278 5212 2280 5215 ,

220 5252 291 5299 esse
313 5233 428 5300 eadem
456 5235 603 5299 doctrina
629 5232 779 5301 ostendit
823 5232 866 5297 In
893 5252 994 5297 unam
1015 5230 1196 5300 doctrinam
1247 5229 1425 5312 corruptio,
1459 5250 1542 5312 quae
1566 5233 1710 5314 primum
1741 5254 1814 5299 reos
1841 5232 1919 5298 facit
1945 5233 2013 5298 irae
2040 5235 2119 5311 Dei,
2153 5242 2227 5300 tum
