4770 6030
174 457 176 461 Ι
216 375 278 436 795
785 362 1051 430 latalaum
1073 364 1178 428 ΗΕΒ.
1201 362 1382 428 ΟΗΒΙΒΤ.
1408 367 1640 429 losa-1554.
2156 371 2217 431 796

1854 479 2220 548 Αννν;Βνια;ονιο.

215 559 349 646 (Matth.
370 561 420 635 25,
442 557 517 640 34).·
551 556 657 632 venite,
674 553 830 636 possriiae
850 573 993 636 repnnm,
1023 557 1073 617 etc.
1118 551 1190 616 Hac
1243 557 1352 615 autern
1374 551 1416 615 ad
1437 551 1597 616 inflandos
1625 553 1729 636 gloria
1751 465 1890 631 animlrs,
1920 555 2103 619 mercedem
2124 557 2218 622 bonis

213 649 332 711 ratione
348 650 376 708 et
395 642 519 706 Paulus
536 640 647 726 (Rom.
661 645 689 719 8,
712 638 766 722 18>
784 644 870 702 cocat
887 640 1088 719 adoptionem,
1110 658 1190 700 rece
1242 637 1392 718 operibus
1412 637 1565 718 promitti.
1611 637 1677 718 Qui
1700 661 1777 724 ergo
1804 641 1958 705 meritum
1985 662 2120 722 operum
2139 642 2216 707 inde

214 734 359 798 tationem
375 728 559 810 adoptionis,
577 747 657 808 quae
674 727 709 789 in
719 727 938 788 resurreetione
952 724 1021 804 fiet;
1039 728 1191 804 acpcstea
1242 723 1373 804 colligit,
1399 744 1419 786 a
1440 730 1528 787 recto
1549 723 1684 788 Domini
1711 747 1806 807 scopo
1828 727 1967 790 aberrat.

214 819 444 897 iuterpretatur,
478 814 715 894 redemptionum
743 811 880 891 eorporis
907 811 1013 875 nostri.
1057 809 1191 890 Alioqui
1328 811 1378 871 81.
1423 807 1566 872 Proinde
1587 831 1688 890 quum
1710 813 1871 892 scriptura
1898 811 1990 888 dicit,
2024 814 2135 876 Deum
2163 815 2214 878 iu-

214 907 317 968 autem
349 899 606 981 quemadmodum
634 898 791 962 aliermtia
813 918 833 959 a
856 895 923 959 Deo
954 901 1079 960 aeterm
1106 915 1190 959 mors
1243 900 1330 958 stum
1347 893 1486 959 iudicem
1504 893 1707 960 redditurum
1724 897 1802 961 olim
1819 899 1887 962 suis
1898 899 2040 962 iustitiae
2052 920 2214 979 coronam,

212 993 271 1066 est,
299 988 359 1064 sic,
388 1006 484 1066 quum
505 985 592 1048 bomo
620 985 656 1047 in
675 983 814 1065 gratiam
836 1004 856 1046 a
877 981 945 1044 Deo
966 982 1130 1062 recipitur,
1156 985 1191 1043 ut
1243 1001 1309 1043 non
1331 988 1461 1043 tantum
1482 1001 1557 1044 cum
1578 981 1763 1064 Augustino
1776 983 1800 1066 ¹)
1823 984 1963 1064 excipio:
1992 984 2043 1049 cui
2066 984 2218 1050 redderet

213 1073 486 1138 communicatione
513 1072 582 1134 eius
610 1072 752 1150 frustrer,
785 1088 943 1148 unumque
966 1087 1036 1130 arm
1063 1088 1097 1130 eo
1122 1066 1189 1146 fiat,
1243 1066 1349 1130 iustus
1360 1065 1459 1129 iudex
1471 1087 1631 1142 coronam,
1655 1069 1683 1131 si
1695 1089 1761 1131 non
1774 1068 1926 1133 donasset
1938 1071 2077 1152 gratiam
2089 1072 2216 1136 miseri-

213 1159 402 1239 trausfertur
431 1179 452 1221 a
483 1161 577 1220 nume
610 1157 652 1219 ad
684 1157 790 1219 uitam.
838 1153 880 1217 Id
911 1153 993 1234 pund
1023 1153 1060 1232 fit
1091 1154 1191 1217 soiius
1244 1150 1448 1232 compater?
1478 1159 1511 1215 et
1531 1152 1689 1234 quomodo
1712 1162 1797 1218 esset
1818 1156 1955 1232 iustitia,
1984 1156 2048 1220 nisi
2068 1177 2216 1238 praeces-

214 1245 390 1327 adoptionis
411 1243 560 1323 beneficia
1244 1236 1338 1300 sisset
1359 1238 1481 1319 gratia,
1505 1258 1587 1320 quae
1608 1239 1763 1304 iustificat
1783 1240 1941 1322 impium?
1975 1242 2134 1322 quomodo
2154 1244 2219 1307 ista

301 1334 351 1392 80.
377 1328 512 1410 ‚Itaque
551 1349 593 1391 nc
631 1327 809 1410 cogitemus
848 1325 1001 1408 spiritum
1041 1331 1190 1389 sanctum
1244 1321 1595 1396 debita'redderentur‚
1615 1325 1678 1388 nisi
1695 1326 1786 1406 prius
1803 1325 1861 1390 illa
1877 1326 2022 1391 indebita
2040 1326 2217 1392 darentur?

215 1414 400 1481 huiusmodi
422 1414 634 1496 promissione
656 1410 885 1477 commendare
907 1430 1042 1492 operum
1064 1417 1190 1474 nostro-
1244 1408 1301 1472 sed
1323 1407 1410 1471 aliud
1434 1411 1532 1472 etiarn
1553 1409 1649 1473 addo:
1680 1411 1838 1491 quomodo
1865 1414 2021 1476 iustitiam
2043 1413 2220 1494 imputaret

215 1523 290 1566 rum
313 1500 516 1583 dignitatem,
540 1521 577 1564 ao
596 1500 624 1563 si
645 1498 745 1562 talem
765 1497 949 1562 mercedem
966 1516 1190 1578 promereren-
1243 1495 1363 1557 nostris
1391 1495 1555 1575 operibus,
1590 1496 1653 1560 nisi
1687 1497 1772 1578 quod
1805 1498 1985 1562 iniustitiae
2014 1499 2050 1560 in
2078 1499 2143 1562 illis
2170 1506 2221 1564 est

215 1595 280 1651 tur.
309 1585 403 1650 Nihil
416 1586 505 1649 enim
518 1586 611 1649 nobis
628 1584 789 1665 scriptura
801 1583 962 1664 reliquum
979 1582 1066 1659 facit,
1079 1603 1142 1663 quo
1153 1581 1190 1645 in
1244 1579 1456 1644 absconderet
1496 1602 1555 1645 sua
1598 1580 1823 1664 indulgentia?
1874 1584 2035 1665 quomodo
2073 1595 2221 1650 censeret

216 1680 387 1755 conspectu
409 1672 474 1735 Dei
495 1671 687 1735 exaltemur.
733 1668 824 1749 Quin
848 1669 955 1751 potius
982 1674 1051 1731 tota
1072 1668 1107 1730 in
1130 1668 1190 1732 hoc
1244 1663 1343 1747 digna
1363 1665 1521 1744 mercede,
1544 1666 1608 1745 nisi
1630 1667 1714 1749 quod
1736 1668 1771 1731 in
1792 1669 1856 1734 illis
1879 1689 1983 1750 poena
2011 1670 2147 1753 dignum
2170 1678 2221 1735 est

216 1764 274 1837 est,
296 1763 335 1822 ut
355 1757 577 1840 arrogantiam
598 1763 746 1819 nostram
768 1754 930 1831 retundat,
952 1775 1012 1817 nos
1031 1753 1189 1830 humiliet,
1244 1751 1404 1814 immensa
1425 1752 1626 1833 benignitate
1647 1753 1812 1817 aboleret?
1859 1752 1951 1819 Solet
1972 1755 2060 1819 enim
2091 1755 2146 1820 ille
2167 1757 2221 1821 vir

216 1844 359 1921 deiiciat,
393 1848 426 1906 et
453 1862 587 1924 prorsus
606 1848 768 1923 conterat.
813 1841 940 1903 Verum
968 1847 1098 1904 nostrae
1128 1839 1190 1902 im·
1244 1837 1384 1919 gratiam
1417 1838 1585 1901 nominare
1616 1839 1720 1902 vitam
1747 1847 1928 1919 aeternam,
1963 1842 2040 1923 quia
2068 1843 2219 1924 gratrntis

140 1970 145 1976 ·
216 1929 386 1995 bacillitati
413 1929 459 1993 sic
486 1928 679 1992 occurritur:
708 1948 791 2008 quae
812 1927 923 1990 statim
950 1925 1069 2006 alioqui
1092 1924 1191 1989 colla·
1244 1923 1307 1986 Dei
1330 1921 1422 1986 donis
1450 1922 1621 2002 reddatur,
1649 1924 1727 1988 dum
1755 1927 1904 2007 operibus
1933 1926 2127 2008 rependitur.
2172 1929 2221 1992 At

216 2016 348 2081 baretur
381 2035 418 2078 ao
451 2013 648 2090 concideret,
682 2013 747 2075 nisi
785 2012 847 2076 hac
886 2033 920 2075 se
951 2011 1191 2093 exspectatione
1244 2009 1406 2089 scriptura
1444 2030 1504 2073 nos
1536 2009 1622 2072 ultra
1662 2010 1820 2077 humiliat.
1866 2012 1953 2075 Nam
1992 2023 2219 2095 praeterquam

217 2101 393 2166 sustineret
416 2120 454 2163 ac
482 2099 649 2163 solaretur.
694 2099 844 2162 Primum
871 2117 969 2178 quam
997 2097 1117 2160 durum
1138 2098 1190 2173 sit,
1244 2092 1330 2175 quod
1350 2094 1386 2156 in
1407 2094 1557 2176 operibus
1579 2095 1711 2178 gloriari
1738 2103 1841 2175 vetat,
1872 2098 1957 2179 quia
1974 2105 2052 2163 sunt
2077 2100 2221 2181 gratuita

216 2207 283 2250 non
305 2184 401 2248 modo
424 2205 484 2248 sua
506 2185 630 2262 omnia,
661 2183 718 2247 sed
745 2205 779 2248 se
808 2204 934 2265 quoque
961 2183 1070 2265 ipsum
1092 2182 1191 2245 relin·
1244 2180 1308 2243 Dei
1331 2178 1429 2258 dona;
1458 2180 1554 2244 simul
1581 2182 1723 2246 faecibus
1752 2183 1945 2264 quibusdam
1962 2204 2092 2266 semper
2112 2186 2220 2266 inqui-

216 2293 316 2353 quere
339 2278 372 2335 et
393 2270 563 2354 abnegare,
587 2277 741 2352 reputent
766 2291 826 2351 pro
848 2290 882 2332 se
904 2269 1038 2351 quisque
1061 2267 1189 2350 singuli.
1243 2272 1322 2328 nata
1344 2286 1414 2329 esse
1436 2265 1542 2344 docet,
1572 2274 1611 2329 ut
1630 2269 1703 2332 Deo
1731 2270 1916 2334 satisfacere
1937 2271 2163 2350 nonpossint,
2193 2272 2221 2335 si

216 2359 263 2421 Et
294 2364 404 2420 tamen
437 2355 498 2420 hoo
525 2356 675 2420 tirocinio
707 2354 882 2436 discipulos
914 2376 1003 2431 suos,
1037 2354 1099 2418 hoc
1133 2361 1190 2431 est,
1244 2350 1286 2414 ad
1313 2350 1423 2415 iudicii
1451 2353 1520 2416 eius
1535 2353 1695 2434 ‘regulam
1734 2357 1970 2420 examinentur.
2016 2354 2091 2419 Etsi
2118 2362 2221 2420 autem

216 2443 286 2526 pios
309 2463 428 2520 omnes,
453 2441 605 2505 Christus
626 2442 742 2504 initiat.
788 2440 918 2505 Deinde
935 2441 1050 2522 sicper
1062 2459 1192 2503 omnem
1240 2437 1340 2518 pauiu
1361 2437 1454 2500 aliter
1473 2458 1570 2518 quam
1591 2460 1648 2502 nes
1669 2440 1819 2520 ioqrritur,
1849 2443 1885 2505 in
1913 2461 1946 2504 re
1967 2445 2071 2504 tamen
2091 2463 2153 2505 non
2173 2444 2221 2507 ita

216 2528 321 2594 vitam
343 2528 403 2592 sub
425 2527 529 2591 erucis
556 2526 728 2608 disciplina
753 2526 874 2597 erudit.
893 2548 935 2589 ne
957 2547 1013 2590 cor
1035 2525 1190 2589 adiiciant
1245 2523 1408 2586 dissentire
1423 2524 1571 2587 emaabit
1589 2545 1626 2587 eu
1642 2525 1710 2588 eius
1728 2527 1834 2604 uerbis,
1859 2527 1936 2591 titre
1954 2527 1996 2590 ad
2012 2526 2220 2609 Bou-ifoeium

217 2614 259 2678 ad
280 2615 439 2678 bonorum
460 2614 682 2694 praesentium
703 2613 755 2676 vel
779 2611 1003 2693 cupiditatem,
1032 2611 1085 2675 vel
1107 2610 1191 2674 fidu·
1244 2607 1375 2692 uuas)
1428 2605 1488 2673 Ubi
1508 2630 1606 2690 prium
1628 2612 1707 2674 inter
1728 2632 1760 2675 se
1781 2611 1859 2676 diros
1881 2613 2057 2677 contulisset
2073 2613 2218 2690 immines,

216 2700 309 2765 ciam.
340 2699 493 2764 Breviter
504 2700 549 2763 sic
567 2698 634 2763 fere
650 2705 778 2775 tractat,
802 2705 839 2761 ut
854 2717 1044 2779 quocunque
1059 2698 1192 2761 flerunt
1245 2694 1377 2758 atterum
1393 2696 1475 2758 aiae
1492 2716 1589 2775 usaue
1606 2697 1853 2761 admiraculum
1870 2703 1994 2762 sanetae
2015 2699 2218 2778 etabsoiutae,

216 2785 339 2863 oculos,
369 2805 467 2867 quam
495 2784 591 2867 longe
624 2785 678 2849 hic
711 2783 854 2848 mundus
892 2791 998 2865 patet,
1032 2803 1099 2846 non
1128 2782 1191 2846 nisi
1244 2781 1377 2843 aduam
1389 2781 1659 2861 probrrmquidem
1678 2788 1705 2846 et
1722 2784 1852 2866 integris
1869 2785 2016 2857 moribus,
2035 2805 2095 2848 uon
2116 2789 2221 2849 trrrren

217 2868 493 2954 desperationem,
523 2871 584 2934 sibi
617 2871 736 2951 ubique
769 2870 1011 2946 obversantem,
1039 2868 1190 2931 habeant.
1244 2866 1321 2929 adeo
1336 2867 1506 2946 perfeetum
1534 2867 1612 2947 puin
1644 2868 1816 2933 desidermi
1844 2871 1880 2934 in
1900 2891 1933 2934 eo
1961 2871 2093 2934 muttum
2119 2876 2220 2950 queat,

216 2957 263 3022 Ut
284 2956 409 3021 Paulus
432 2955 519 3021 dicat
540 2956 572 3054 (l
595 2955 668 3020 Cor.
692 2960 740 3033 15,
764 2954 827 3038 19),
850 2954 1100 3018 miserabiliores
1122 2974 1192 3018 esse
1244 2953 1368 3016 tandem
1389 2952 1500 3032 infert:
1521 2974 1629 3034 nempe
1645 2955 1709 3032 iste,
1731 2957 1786 3034 qui
1803 2956 1940 3020 moribus
1957 2957 2013 3020 iilo
2031 2956 2152 3020 martur
2173 2958 2221 3020 in

216 3063 276 3106 nos
296 3042 447 3105 omnibus
469 3042 671 3119 hominibus,
694 3042 778 3106 siin
800 3042 862 3105 hoc
882 3039 1005 3104 mundo
1033 3039 1194 3103 duntaxat
1243 3038 1356 3119 terrm,
1381 3042 1510 3119 propter
1537 3045 1651 3103 rectam
1672 3042 1708 3104 iu
1729 3041 1834 3104 Deum
1854 3040 1961 3120 fiderit,
1990 3062 2027 3104 en
2049 3062 2112 3120 qua
2133 3043 2219 3120 civit,

217 3149 394 3210 speremus.
449 3127 491 3191 In
529 3127 581 3191 his
620 3129 721 3192 tantis
760 3127 921 3210 angustiis
953 3147 996 3189 ne
1030 3125 1191 3203 deficiant,
1245 3125 1456 3188 assecutum
1473 3145 1569 3204 quom
1586 3126 1622 3189 in
1644 3127 1786 3190 amitibus
1803 3128 1922 3190 delictis
1943 3129 2012 3190 suis
2033 3147 2065 3190 se
2087 3133 2220 3206 accusat,

217 3212 310 3277 adest
331 3212 396 3277 illis
417 3213 593 3291 Dominus,
623 3214 678 3294 qui
699 3220 810 3277 monet
835 3219 872 3276 ut
898 3212 996 3276 altius
1017 3218 1115 3292 eaput
1136 3232 1193 3275 ex·
1245 3211 1280 3272 in
1301 3209 1442 3273 omnibrrs
1464 3210 1552 3275 boreis
1574 3212 1716 3292 operibus
1735 3212 1840 3275 Deam
1862 3213 1980 3292 laridat
2002 3213 2064 3277 sibi
2085 3215 2223 3278 tribuens

218 3304 343 3376 serant,
377 3307 411 3362 et
431 3298 561 3382 longius
583 3299 692 3363 oculos
726 3299 913 3363 conficiant:
957 3296 1193 3361 beatitudinem
1245 3296 1466 3377 ignominiam,
1494 3297 1546 3360 iiii
1572 3297 1723 3378 glorium
1760 3303 1852 3377 atque
1886 3299 1925 3361 ab
1952 3299 2021 3380 ipso
2048 3304 2223 3364 surneuset

217 3405 316 3466 quam
347 3386 383 3448 in
414 3384 536 3448 mundo
564 3406 631 3450 non
658 3384 785 3462 vident,
820 3384 906 3466 apud
939 3405 973 3448 se
996 3391 1190 3465 reperturos.
1246 3380 1472 3463 indulpeutiam
1483 3387 1687 3463 peramarum,
1711 3388 1737 3446 et
1758 3384 1949 3447 dimotionem
1966 3389 2042 3448 recte
2057 3386 2220 3466 factorum,

217 3469 315 3535 Hanc
337 3469 585 3550 beatitudinem,
613 3470 810 3552 praemium,
833 3469 1030 3546 mercedem,
1053 3469 1193 3533 retribu-
1245 3467 1282 3530 de
1304 3467 1361 3530 imo
1388 3469 1454 3531 uita
1482 3468 1663 3532 trbuaudus
1692 3470 1727 3532 in
1748 3471 1935 3533 consortium
1959 3468 2076 3535 Christi
2097 3473 2220 3553 migrat.

216 3557 340 3619 tionem
362 3562 471 3634 vocat3
501 3578 569 3621 non
590 3578 725 3638 operum
746 3557 920 3620 aestimans
938 3557 1106 3632 meritum,
1136 3552 1193 3618 sed
1249 3552 1360 3633 Quare,
1383 3554 1449 3616 nisi
1464 3559 1592 3635 propter
1617 3553 1735 3633 fidem?
1780 3555 1865 3635 Quae
1892 3557 1962 3620 lieet
1986 3557 2054 3619 sine
2080 3557 2223 3638 operibus

217 3642 514 3722 compensationem
548 3664 618 3707 esse
651 3643 840 3725 significans
878 3663 990 3706 eorum
1022 3641 1191 3722 pressuris,
1244 3639 1397 3702 nemiuem
1424 3640 1526 3703 salvat
1565 3637 1655 3723 (ipsa
1687 3641 1770 3704 euim
1811 3646 1855 3704 est
1881 3662 1944 3705 non
1975 3643 2105 3725 reproba
2132 3642 2219 3722 fides,

217 3726 437 3807 passionibus,
476 3728 694 3804 contumeliis,
725 3736 784 3792 etc.
842 3726 1064 3807 Quamobrem
1108 3725 1193 3788 nihil
1248 3723 1328 3804 pirae
1343 3724 1604 3805 perdilectionem
1624 3728 1797 3811 operatur),
1816 3732 1983 3808 tamenper·
2004 3729 2108 3808 ipsam
2126 3729 2221 3791 etiam

217 3811 324 3888 obest,
354 3813 525 3893 quominus
553 3815 656 3879 vitam
677 3820 857 3891 aeternam,
885 3812 1191 3889 remunerationem,
1241 3815 1370 3891 peecata
1392 3810 1562 3889 solvuntur,
1584 3813 1662 3891 quia
1683 3813 1787 3876 iristus
1809 3833 1846 3876 eu·
1862 3813 1925 3893 pide
1945 3813 2038 3890 oivit;
2060 3814 2128 3876 sine
2145 3815 2218 3892 ipsa

154 3933 157 3939 ·
218 3896 399 3977 scripturae
421 3899 577 3980 exemplo,
608 3920 773 3964 vocemus:
808 3898 893 3981 quod
915 3900 950 3962 in
972 3919 1010 3961 ea
1031 3898 1193 3961 Dominus
1245 3916 1316 3959 cero
1342 3916 1422 3976 puae
1448 3897 1590 3960 amemur
1617 3897 1696 3961 bena
1723 3919 1816 3979 opera
1837 3899 1873 3962 iu
1895 3903 2023 3979 peecata
2050 3903 2218 3963 uertuntur.

218 4001 294 4045 suos
313 4003 354 4046 ex
374 3982 539 4050 laboribus
560 3986 596 4048 in
618 3985 769 4066 quietem,
799 4006 841 4048 ex
863 3984 1037 4049 afflictione
1058 3984 1095 4046 in
1116 4004 1192 4048 con·
1246 3981 1311 4044 Hie
1337 3986 1414 4045 certe
1440 4003 1502 4046 nen
1529 3982 1651 4047 obscure
1674 3984 1790 4066 iatetm
1816 3985 1897 4064 quod
1923 3988 2075 4064 tantopere
2101 3989 2220 4048 comeri-

218 4067 418 4147 solationem,
441 4090 483 4133 ex
499 4071 664 4135 moestitia
684 4072 721 4133 in
742 4070 907 4153 gaudium,
939 4091 981 4134 ex
1003 4075 1193 4151 paupertate
1245 4068 1359 4144 dimus,
1392 4068 1464 4131 iude
1478 4068 1613 4149 pendae
1633 4069 1780 4134 bonerum
1797 4090 1922 4152 eperum
1941 4070 2106 4147 iristitiam,
2139 4071 2220 4150 quod

216 4153 253 4217 in
281 4153 498 4233 affluentiam,
532 4177 573 4220 ex
607 4157 788 4240 ignominia
816 4157 851 4218 in
880 4157 1018 4239 gloriam
1044 4155 1192 4236 recipiat;
1239 4155 1445 4235 perveniam
1465 4153 1534 4218 Deo
1555 4156 1773 4235 approbantur.

216 4240 326 4303 omnia
348 4239 486 4322 denique
504 4263 586 4323 quae
603 4243 747 4324 perpessi
770 4249 847 4306 sunt
864 4241 959 4319 mala,
981 4241 1074 4304 bonis
1092 4241 1193 4302 maio·
1331 4243 1381 4302 82.
1422 4238 1651 4320 Superioribus
1662 4241 1740 4306 locis
1751 4243 1938 4323 proximum
1949 4262 2084 4306 sensrun
2094 4242 2218 4306 habent

216 4325 306 4389 ribus
338 4334 510 4407 permutet.
556 4325 612 4392 Sic
646 4335 679 4391 et
709 4327 793 4390 nihil
825 4327 888 4390 erit
924 4323 1134 4402 indommodi,
1166 4325 1194 4388 si
1245 4325 1313 4388 isti:
1347 4325 1443 4390 facite
1471 4325 1563 4390 vobis
1596 4328 1716 4391 amicos
1745 4326 1784 4391 de
1812 4348 1999 4391 mammona
2024 4328 2218 4410 iniquitatis3

216 4410 304 4475 vitae
326 4412 531 4478 sanctitatem
560 4413 782 4478 existimemus
811 4434 880 4477 esse
905 4413 995 4477 viam
1002 4436 1010 4492 3
1033 4430 1099 4475 non
1123 4411 1193 4492 qui·
1245 4419 1283 4474 ut
1302 4431 1402 4493 quum
1414 4411 1604 4490 defeceritis,
1627 4414 1785 4493 recipiant
1805 4413 2056 4477 vosinaeterna
2067 4413 2218 4478 taberna-

219 4494 294 4559 dem
313 4517 396 4578 quae
418 4497 542 4562 aditum
565 4499 692 4582 aperiat
713 4499 745 4560 in
771 4499 907 4581 gloriam
926 4497 1072 4563 coelestis
1089 4496 1191 4578 regni,
1245 4495 1319 4561 cula
1341 4496 1437 4573 (Luc.
1459 4500 1506 4575 lo,
1527 4497 1570 4582 9).
1610 4498 1777 4563 Divitibus
1801 4498 1898 4562 huius
1916 4499 2036 4563 saeculi
2058 4500 2215 4581 praecipe,

217 4581 274 4645 sed
295 4602 359 4664 qua
386 4583 479 4648 electi
508 4607 528 4649 a
554 4586 626 4648 Deo
655 4605 713 4647 suo
740 4584 775 4646 in
803 4585 871 4647 eius
899 4582 1193 4667 manifestationem
1244 4603 1310 4645 non
1322 4583 1460 4664 superbe
1479 4603 1601 4664 sapere,
1624 4605 1729 4666 neque
1742 4605 1872 4666 sperare
1885 4585 2065 4649 ininoertis
2082 4584 2217 4662 divitiis3

217 4665 385 4732 ducantur.
438 4668 578 4748 Quando
609 4669 690 4733 haec
723 4669 808 4733 bona
847 4669 916 4734 eius
948 4669 1100 4733 voluntas
1133 4673 1190 4745 est,
1244 4667 1359 4732 sedin
1380 4669 1563 4745 Decumo,
1592 4671 1674 4734 bene
1697 4691 1809 4753 agere,
1837 4669 1954 4734 divites
1975 4671 2047 4734 fieri
2067 4671 2103 4733 in
2126 4671 2218 4734 bonis

217 4751 397 4835 glorificare
419 4777 498 4837 quos
516 4755 738 4819 sanctificavit.
784 4755 986 4818 Tantumne
1007 4752 1192 4819 correlatio-
1244 4753 1408 4834 operibus,
1430 4755 1650 4820 thesaurizare
1679 4756 1739 4820 sibi
1768 4755 2017 4820 fundamentum
2038 4756 2160 4820 bonum
2181 4757 2217 4817 in

216 4859 294 4902 nem
314 4841 424 4904 meriti
446 4862 483 4905 ac
505 4839 663 4905 mercedis
685 4840 911 4923 imaginemur,
934 4840 969 4903 in
991 4861 1055 4922 qua
1071 4841 1192 4922 impor—
1244 4839 1399 4919 futurum
1422 4849 1460 4904 ut
1477 4841 1725 4924 apprehendant
1739 4842 1841 4906 vitam
1859 4848 2025 4907 aeternam
2042 4839 2074 4924 (1
2090 4841 2172 4904 Tim.
2187 4845 2215 4919 6,

217 4928 296 4988 tune
307 4925 444 4989 haerent
461 4927 633 5007 sophistae,
657 4926 734 5008 quia
750 4926 858 5004 istum,
882 4946 979 5008 quem
990 4926 1191 5008 exponimus,
1247 4928 1310 5009 17).
1356 4924 1482 5008 Opibus
1504 4929 1592 4991 enim
1612 4933 1841 5008 comparantur
1862 4927 1948 4992 bona
1969 4946 2075 5008 opera,
2099 4925 2217 5007 quibus

215 5008 316 5073 finem
336 5031 404 5074 nou
426 5011 640 5076 considerant.
686 5011 796 5092 Quam
818 5019 927 5077 autem
948 5019 1192 5094 praeposterum
1243 5011 1278 5074 in
1297 5011 1500 5077 beauudine
1520 5014 1607 5077 vitae
1631 5019 1782 5079 aeternae
1803 5014 1959 5078 fruamur.
2009 5010 2213 5093 Respondeo,

217 5099 280 5173 est,
310 5096 365 5159 ubi
387 5096 422 5159 in
442 5119 543 5161 unum
570 5100 671 5163 finem
692 5106 787 5163 vocat
807 5120 866 5163 nos
888 5099 1065 5175 Dominus,
1094 5097 1191 5160 alior-

217 5200 290 5243 sum
313 5182 493 5264 respicere?
527 5183 619 5248 Nihil
650 5183 769 5248 clarius
797 5190 859 5262 est,
888 5204 987 5265 quam
1015 5183 1056 5247 ad
1084 5182 1191 5247 suble-

216 5264 359 5330 vandum
371 5267 477 5352 aliquo
488 5270 602 5335 solatio
620 5269 728 5334 earnis
745 5277 875 5335 nostrae
893 5268 1102 5346 debilitatem,
1124 5288 1192 5333 non
1313 5282 1342 5352 1)
1359 5283 1473 5354 Armet
1492 5285 1528 5340 ad
1545 5284 1653 5340 vaona
1672 5286 1707 5339 de
1724 5287 1814 5356 paria
1830 5290 1859 5341 et
1876 5286 1923 5340 lit.
1941 5285 1999 5340 arb.
2066 5284 2098 5355 ν)
2116 5282 2217 5354 bapt.
