4770 6030
201 345 262 406 305
711 343 750 439 J
792 340 891 405 OAP.
914 341 959 408 Π.
1004 341 1068 416 DE
1091 337 1380 405 OOGNI'PIONE
1403 337 1613 405 HOMINIS.
1646 379 1648 383 v
1738 349 1740 353 ·

198 441 514 530 ersmers]

905 599 1109 685 carun
1142 590 1491 732 secunaum.

761 770 854 866 DE
883 769 1298 868 COGNITIONE
1325 770 1632 879 HOMINIS,

916 906 976 969 au
997 902 1175 970 niceno
1197 902 1433 975 recreare.
1453 903 1478 988 Ι)

202 1041 264 1109 Uet
285 1042 322 1106 de
338 1047 461 1123 peccato
482 1043 639 1126 ονῖθῖηαίῖ,
662 1043 699 1107 de
720 1043 859 1108 murali
880 1042 1014 1106 Mmiois
1036 1042 1244 1123 correptione,
1272 1041 1310 1104 de
1331 1040 1422 1104 liberi
1443 1040 1569 1104 arbitrii
1590 1042 1785 1123 impotentia:
1806 1045 1879 1108 item
1899 1045 1937 1109 de
1955 1047 2061 1128 profic
2083 1068 2202 1131 repere

787 1148 928 1225 rationis,
951 1150 979 1209 ct
1000 1144 1120 1209 acedia
1141 1145 1274 1225 spiritus
1295 1144 1394 1208 sormi
1414 1144 1600 1224 disputatio.

284 1304 310 1363 l.
364 1299 440 1363 Non
478 1301 549 1364 sine
581 1322 680 1365 causa
711 1301 814 1366 veteri
853 1301 1024 1384 proverbio
1066 1305 1174 1364 tauto-
1225 1299 1306 1362 sime
1333 1319 1392 1362 suo
1419 1298 1592 1379 praeconio
1619 1299 1751 1378 extulit,
1779 1302 1826 1366 ita
1847 1323 1968 1386 magno
1995 1304 2201 1369 saeculorum

194 1406 271 1467 pere
297 1385 422 1449 homini
453 1385 679 1451 commendata
708 1408 837 1469 semper
862 1387 924 1451 fuit
953 1387 1093 1470 cognitio
1123 1385 1174 1449 sui
1223 1389 1333 1466 prope
1355 1384 1502 1448 omnium
1530 1384 1689 1467 applausu
1715 1386 1778 1450 fuit
1803 1395 1966 1470 exceptus.
2016 1387 2085 1454 Sed
2112 1391 2201 1455 enim

194 1472 308 1553 ipsius;
342 1492 420 1535 nam
449 1472 476 1535 si
507 1479 601 1553 turpe
630 1473 783 1556 ignorare
811 1473 941 1538 ducitur
962 1493 1172 1556 quaecunque
1223 1490 1435 1551 quaecunque
1457 1469 1533 1535 talis
1554 1477 1605 1535 θεῖ
1623 1470 1787 1537 humanae
1804 1474 2016 1539 excellentiae
2035 1497 2201 1541 cemmen-

193 1556 235 1621 ed
262 1557 426 1621 humanae
453 1558 539 1621 vitae
566 1558 726 1622 rationem
752 1561 933 1640 pertinent,
960 1558 1064 1622 multe
1092 1579 1169 1623 vero
1224 1554 1321 1634 datio,
1344 1576 1427 1638 quae
1446 1556 1612 1620 hominem
1633 1558 1669 1620 in
1691 1579 1727 1622 se
1749 1560 1951 1641 acquiescere
1970 1559 2092 1640 doceat,
2115 1561 2198 1627 nihil

191 1642 314 1707 foedior
336 1643 520 1726 ignorantia
541 1644 643 1708 nostri
665 1652 728 1709 est:
752 1664 816 1725 qua
838 1646 876 1709 fit
897 1651 935 1708 ut
956 1645 991 1708 in
1013 1642 1169 1726 capiendo
1222 1641 1312 1704 aliud
1340 1663 1439 1723 quam
1467 1643 1628 1707 suavitate
1653 1642 1723 1708 illa
1738 1665 1799 1708 sua
1819 1645 1951 1711 delicias
1977 1647 2069 1725 facit;
2098 1649 2200 1714 etsie

194 1727 233 1792 de
249 1751 289 1793 re
304 1728 449 1811 qualibet
466 1730 648 1794 necessaria
658 1730 791 1795 consilio
800 1731 919 1801 misere
931 1729 1170 1795 hallucinemur
1221 1726 1353 1808 quidem
1373 1726 1483 1791 illudit
1501 1735 1547 1806 ut,
1570 1729 1626 1810 qui
1644 1730 1876 1809 assentiuntur,
1901 1753 1955 1795 ecs
1972 1734 2112 1813 pessimo
2129 1735 2200 1797 exi·

192 1821 288 1897 atque
307 1814 387 1879 adeo
406 1815 631 1881 caecutiamus.
661 1816 788 1881 Verum
804 1837 868 1898 quo
881 1815 990 1881 utilior
1007 1824 1057 1881 est
1073 1837 1168 1897 prae-
1221 1813 1265 1877 tio
1288 1812 1412 1894 perdat
1458 1812 1624 1893 Quorsum
1646 1815 1733 1879 enim
1760 1816 1915 1897 pertinet,
1944 1837 2031 1883 vana
2052 1819 2140 1882 emni
2159 1819 2200 1882 fi·

191 1901 311 1983 cepti0,
340 1921 378 1965 eo
406 1899 593 1983 diligentius
619 1901 799 1966 videndum
826 1909 876 1967 est
902 1902 995 1967 nobis
1024 1923 1066 1966 ne
1096 1903 1168 1984 ipsa
1221 1898 1317 1963 ducia
1343 1900 1442 1963 fretos
1465 1899 1658 1978 deliberare,
1692 1901 1878 1980 instituere,
1907 1911 2050 1982 tentare,
2081 1904 2198 1982 moliri,

190 1996 397 2069 praepostere
421 1987 608 2065 abutamur,
636 1987 722 2070 qued
750 1988 951 2071 philosophis
973 1987 1167 2070 quibusdam
1220 2005 1303 2066 quac
1321 1992 1481 2067 putamus
1497 1984 1539 2050 ad
1560 2007 1631 2050 rem
1674 1988 1825 2067 ertinere,
1848 1996 1882 2051 et
1899 1987 1994 2053 defici
2012 1990 2144 2071 quidem
2161 2011 2199 2055 ac

191 2071 339 2137 videmus
367 2071 530 2137 accidisse.
580 2072 636 2137 Illi
663 2074 766 2152 enim,
797 2073 875 2138 dum
903 2074 1068 2139 hominem
1091 2074 1167 2138 hor·
1220 2068 1353 2134 destitui
1373 2078 1445 2134 tum
1465 2092 1546 2136 sana
1566 2073 1635 2136 inte
1663 2073 1792 2155 gentis,
1816 2082 1887 2138 tum
1908 2096 1988 2140 vera
2010 2075 2131 2138 virtute
2148 2076 2199 2139 in·

191 2164 303 2222 tantur
324 2165 361 2222 ut
381 2180 416 2223 se
437 2158 547 2240 ipsum
569 2159 711 2237 noverit,
734 2161 833 2224 finem
853 2160 952 2225 simul
972 2167 1165 2242 proponunt,
1221 2164 1271 2220 ter
1292 2157 1414 2239 primes
1436 2166 1581 2233 conatus,
1603 2178 1741 2242 pergere
1761 2166 1873 2224 tamen
1895 2182 2016 2238 secure,
2040 2160 2142 2227 denec
2163 2163 2199 2225 in

191 2265 233 2308 ne
254 2243 449 2328 dignitatem
471 2244 760 2328 excellentiamque
785 2267 880 2310 suam
901 2247 1039 2324 neseiat,
1062 2267 1167 2328 neque
1219 2243 1349 2306 ruinam
1364 2242 1389 2328 ¹)
1405 2243 1617 2308 corruamus?
1640 2244 1743 2326 Atqui
1762 2266 1829 2308 non
1850 2245 1946 2310 aliter
1968 2247 2140 2312 succedere
2161 2248 2203 2312 iis

192 2329 280 2394 aliud
307 2330 415 2412 ipsum
442 2331 477 2394 in
505 2351 540 2395 se
567 2332 779 2413 contemplari
805 2331 935 2408 velunt,
963 2352 1062 2413 quam
1080 2331 1167 2397 unde
1189 2366 1193 2386 .
1219 2335 1325 2410 potest
1347 2329 1404 2411 qui
1425 2350 1460 2393 εθ
1484 2328 1605 2411 aliquid
1622 2325 1718 2411 pbsse
1734 2332 1866 2412 propria
1883 2333 2005 2396 virtute
2023 2333 2200 2397 confidunt.
2270 2406 2272 2408 ,

142 2421 148 2448 “
191 2417 283 2479 inani
304 2415 424 2481 fiducia
446 2417 643 2482 intumescat
662 2423 696 2481 et
716 2418 868 2500 superbia
889 2418 1031 2482 infletur.
1219 2413 1354 2480 Talibus
1383 2435 1461 2497 ergo
1489 2417 1670 2497 magistris,
1699 2415 1755 2497 qui
1778 2416 1969 2498 reputandis
1992 2425 2121 2482 tantum
2143 2419 2200 2484 bc·

277 2505 305 2565 2.
345 2501 447 2567 Nobis
466 2510 576 2566 autem
592 2502 690 2586 longe
708 2503 796 2567 aliud
817 2502 1040 2584 quaerendum
1056 2504 1091 2567 in
1110 2526 1167 2569 ex·
1219 2501 1271 2565 nis
1295 2501 1416 2566 nostris
1443 2505 1502 2565 'nos
1530 2500 1692 2579 detinent,
1722 2503 1749 2566 si
1778 2503 1850 2583 quis
1872 2502 2047 2581 auscultet,
2077 2526 2145 2567 non
2164 2505 2201 2569 in

191 2586 350 2653 cutiendis
373 2589 466 2653 nobis
483 2589 676 2670 praescribit
692 2590 754 2654 Dei
773 2590 908 2654 veritas:
932 2610 1049 2671 nempe
1067 2589 1167 2654 talem
1220 2587 1271 2650 sui
1303 2587 1522 2670 cognitionem
1544 2588 1705 2670 proficiet,
1734 2586 1791 2652 sed
1813 2588 1848 2651 in
1869 2589 2046 2668 pessimam
2067 2591 2200 2671 ignora-

191 2674 294 2756 exigit
309 2674 474 2752 notitiam,
497 2695 579 2756 quae
597 2695 657 2739 nes
679 2683 713 2739 et
730 2675 771 2739 ab
791 2676 880 2738 omni
897 2676 1048 2758 propriae
1064 2676 1167 2741 facul·
1219 2673 1341 2738 tionem
1361 2673 1548 2754 abripiatur.

191 2760 267 2823 tatis
278 2750 475 2825 confidentia
493 2759 606 2842 procul
625 2769 746 2839 avocet,
760 2767 793 2824 et
809 2761 899 2825 omni
916 2761 1080 2843 gloriandi
1096 2783 1167 2827 ma·
1305 2764 1335 2823 4.
1379 2759 1470 2843 Ergo
1492 2781 1595 2841 quum
1626 2760 1662 2824 in
1684 2759 1745 2824 hoc
1775 2759 1956 2824 consentiat
1982 2760 2046 2824 Dei
2075 2761 2198 2825 veritas

191 2846 274 2909 teria
303 2844 474 2911 destitutos
509 2845 550 2909 ed
578 2846 828 2912 submissionem
857 2845 1005 2912 adducat
1057 2846 1167 2929 Quam
1219 2865 1295 2909 cum
1323 2845 1452 2928 publico
1482 2847 1630 2910 omnium
1654 2845 1842 2910 mortalium
1869 2866 1985 2924 sensu,
2019 2845 2198 2911 secundam

69 2967 75 2978 ·
191 2929 340 3013 regulam
365 2937 476 2995 tenere
502 2932 667 3010 convenit,
695 2933 724 2997 si
746 2933 787 2996 ad
817 2941 941 2998 rectam
962 2941 996 2996 et
1020 2932 1167 3015 sapiendi
1220 2924 1399 3013 sapientiae
1436 2938 1564 3015 partem
1597 2933 1633 2996 in
1667 2932 1773 2996 nostri
1804 2931 1989 3014 cognitione
2022 2933 2199 3015 repositam

192 3024 225 3080 et
247 3015 365 3099 agendi
387 3025 510 3081 metam
536 3019 721 3100 pertingere
748 3019 835 3083 libet.
880 3019 994 3101 Neque
1016 3041 1069 3084 me
1088 3020 1169 3084 latet
1219 3038 1303 3096 esse,
1331 3020 1367 3081 in
1394 3019 1466 3100 ipsa
1494 3025 1606 3082 tamen
1639 3017 1855 3101 cognoscendi
1885 3019 2010 3081 ratione
2037 3040 2199 3102 magnum

121 3162 126 3182 ,
192 3110 313 3184 quanto
334 3101 536 3184 plausibilior
557 3104 600 3168 sit
620 3103 678 3167 illa
697 3105 868 3184 sententia,
891 3117 974 3186 quae
992 3104 1034 3169 ad
1055 3127 1167 3189 recog·
1219 3111 1270 3167 est
1291 3104 1469 3169 dissidium.
1504 3103 1599 3169 Tunc
1616 3105 1704 3168 enim
1722 3103 1818 3168 homo
1835 3103 1954 3168 iudicio
1972 3105 2080 3169 carnis
2098 3105 2199 3187 probe

191 3187 357 3253 noscenda
378 3196 490 3254 nostra
511 3189 597 3253 bona
618 3191 726 3271 potius
747 3213 808 3255 nos
834 3191 967 3269 invitat,
1002 3213 1101 3273 quam
1126 3191 1168 3256 ad
1220 3189 1281 3255 sibi
1302 3190 1490 3273 exploratus
1512 3189 1651 3269 videtur,
1675 3212 1776 3272 quum
1798 3197 1831 3254 et
1852 3189 2070 3273 intelligentia
2092 3198 2125 3254 et
2146 3192 2198 3254 irr-

190 3275 395 3355 pauperiem,
428 3275 656 3358 igneminiam,
685 3276 936 3358 turpitudinem,
963 3277 1168 3343 imbecillita·
1218 3277 1372 3358 tegritate
1396 3298 1457 3341 sua
1483 3276 1625 3341 confisus
1652 3275 1822 3341 audaciam
1849 3277 1963 3352 smnit,
1994 3298 2031 3341 ac
2053 3297 2124 3340 sese
2145 3278 2198 3339 in-

192 3367 258 3424 tem
286 3359 532 3441 inspiciendam.
550 3423 559 3439 ,
577 3360 748 3444 Siquidem
773 3362 857 3427 nihil
880 3370 930 3427 est
954 3363 1041 3445 quod
1062 3384 1117 3428 ma
1142 3365 1148 3377 '
1219 3362 1298 3426 citat
1318 3361 1360 3426 ad
1380 3362 1512 3428 virtutis
1534 3362 1649 3441 efficia,
1672 3368 1714 3440 et,
1737 3361 1858 3426 indicto
1881 3361 1968 3425 vitiis
1990 3361 2083 3438 bello,
2103 3359 2145 3424 ad
2162 3360 2198 3425 id

192 3452 342 3597 {liiii-
356 3445 881 3614 hidiiifismiiiliaqlffi
902 3385 1168 3618 hatti?
1219 3447 1305 3598 titt
1316 3448 1467 3599 111111
1468 3448 1763 3615 mdhhiliidt
1772 3454 1828 3597 ⁰33
1848 3446 2198 3597 {fiaihfflidfiufi'

193 3615 254 3697 dit,
289 3583 439 3683 in'hanc
471 3625 599 3700 partem
633 3620 736 3684 nimia
757 3619 949 3685 credulitate
977 3622 1165 3703 propendet
1219 3619 1295 3684 dicii
1321 3621 1453 3702 inspicit
1479 3627 1513 3683 et
1540 3621 1721 3697 examinat,
1756 3617 1839 3682 nihil
1866 3618 1988 3699 reperit
2016 3616 2101 3699 quod
2125 3618 2196 3681 ani·

189 3699 263 3783 Quo
284 3704 395 3767 minus
416 3705 537 3768 mirum
557 3713 607 3769 θεῖ
635 3705 689 3770 hic
712 3705 792 3771 adeo
822 3707 1002 3789 perniciose
1028 3707 1168 3772 firissea
1218 3726 1311 3769 mum
1333 3705 1375 3769 ed
1396 3706 1517 3770 bonam
1537 3704 1692 3769 fiduciam
1714 3705 1828 3788 erigat,
1852 3725 1889 3768 ae
1911 3723 1974 3785 quo
1996 3704 2139 3785 penitius
2161 3726 2197 3770 se

187 3790 333 3853 maxima
354 3788 527 3855 hominum
547 3797 641 3873 perte
663 3792 859 3857 aberratum
892 3792 981 3857 Nam
1002 3814 1104 3875 quum
1120 3793 1164 3860 sit
1219 3792 1371 3870 excussit,
1390 3813 1429 3856 ee
1445 3791 1551 3874 magis
1577 3812 1614 3856 ac
1636 3791 1742 3873 magis
1751 3791 1780 3874 ⁹)
1799 3788 1963 3867 deiicitur;
1987 3787 2089 3855 donec
2107 3792 2198 3855 omni

187 3873 354 3958 ingenitus
375 3876 537 3942 universis
563 3876 753 3942 mortalibus
779 3879 954 3961 plusquam
975 3899 1090 3944 caecus
1112 3880 1164 3944 sui
1218 3876 1339 3943 fiducia
1372 3898 1506 3960 prorsus
1528 3874 1696 3941 abdicatus
1718 3874 1802 3940 nihil
1824 3875 1887 3955 sibi
1908 3874 1950 3939 ad
1979 3876 2083 3940 vitam
2108 3882 2196 3943 recte

188 3980 296 4038 amer,
323 3960 537 4027 libentissime
559 3962 621 4046 sibi
647 3963 846 4044 persuadent
867 3964 953 4029 nihil
972 3966 1080 4030 inesse
1103 3965 1165 4030 sibi
1218 3962 1456 4028 instituendam
1476 3962 1641 4044 relinquit.

187 4045 273 4128 qued
293 4048 410 4112 merito
435 4047 552 4113 debeat
572 4069 642 4112 esse
668 4047 824 4114 odiosum.
869 4051 936 4130 Ita,
965 4052 1035 4116 sine
1056 4050 1164 4116 alieno
1304 4054 1333 4113 5.
1377 4049 1493 4132 Neque
1510 4056 1623 4113 temen
1640 4047 1694 4114 hic
1711 4069 1871 4130 negamus
1889 4068 1960 4112 esse
1978 4046 2119 4111 inditam
2136 4069 2196 4112 na·

187 4133 380 4213 patrocinio,
410 4135 590 4199 vanissima
609 4134 690 4199 haec
712 4137 820 4218 opinio
841 4136 941 4202 fidem
962 4139 1086 4221 passim
1107 4138 1163 4217 ob·
1216 4143 1311 4200 turae
1331 4142 1463 4201 nostrae
1484 4135 1627 4217 aliquam
1653 4134 1871 4212 nobilitatem,
1895 4154 1979 4215 quae
2000 4155 2060 4199 nos
2082 4133 2124 4197 ad
2143 4134 2195 4197 'iu-

187 4217 283 4282 tinet:
307 4217 475 4284 hominem
497 4220 559 4285 sibi
581 4219 709 4285 abunde
728 4221 876 4288 sufficere
895 4222 937 4288 ad
953 4224 1036 4290 bene
1054 4224 1164 4289 beate-
1216 4223 1324 4287 stitiae
1349 4222 1594 4303 honestatisque
1626 4219 1773 4286 studium
1801 4220 1918 4284 merite
1946 4219 2194 4302 expergefacere

187 4323 250 4385 quc
272 4304 460 4370 vivendum.
511 4304 609 4387 Quod
637 4307 742 4387 siqui
763 4308 940 4374 modestius
962 4311 1084 4375 sentire
1106 4331 1163 4375 vo-
1217 4307 1341 4373 debeat.
1386 4307 1462 4373 Non
1489 4308 1578 4373 enim
1604 4327 1778 4389 possumus
1796 4312 1858 4370 aut
1885 4306 2027 4388 primam
2048 4310 2194 4368 nostram

186 4387 270 4469 lunt,
293 4398 459 4473 uteunque
482 4391 604 4475 aliquid
620 4392 693 4458 Deo
715 4393 903 4474 concedant,
926 4416 968 4460 ne
989 4395 1052 4461 sibi
1073 4416 1164 4460 arro-
1217 4396 1387 4479 originem,
1410 4401 1468 4458 aut
1485 4415 1640 4476 quorsum
1658 4391 1780 4458 conditi
1797 4413 1920 4470 sumus,
1939 4392 2090 4474 cogitare,
2113 4390 2194 4472 quin

188 4495 267 4557 gare
289 4477 399 4542 omnia
418 4477 602 4557 videantur,
626 4481 672 4544 sic
694 4485 806 4543 tamen
827 4482 1025 4562 partiuntur,
1048 4489 1086 4544 ut
1106 4501 1164 4562 po-
1218 4480 1260 4544 ad
1281 4479 1504 4546 meditandam
1524 4479 1804 4546 immortalitatem
1825 4476 2107 4559 expetendumque
2128 4476 2195 4540 Dei

189 4560 315 4626 tissima
342 4568 375 4626 et
403 4563 526 4648 gloriae
548 4572 582 4629 et
602 4564 741 4630 fiduciae
762 4567 900 4630 materia
927 4587 1056 4648 semper
1078 4566 1164 4648 apud
1217 4589 1358 4651 regnum
1383 4588 1579 4651 pungamur.
1629 4563 1698 4630 Sed
1725 4570 1856 4629 tantum
1888 4563 1980 4628 abest
2002 4568 2039 4624 ut
2066 4561 2194 4627 enimes

189 4667 224 4711 sc
246 4647 396 4713 resideat.
1217 4653 1311 4719 nobis
1332 4654 1431 4720 faeiat
1452 4655 1516 4718 ista
1534 4652 1722 4738 recognitio,
1746 4658 1783 4714 ut
1803 4650 1911 4732 potius
1931 4647 2106 4715 submissis¹
2126 4647 2193 4715 illis

275 4737 304 4797 3.
348 4734 423 4800 Iam
444 4737 473 4800 si
494 4737 618 4802 accedit
639 4739 755 4816 oratio,
778 4758 862 4819 quae
880 4744 995 4818 sponte
1014 4737 1165 4818 prurien-
1218 4738 1260 4803 ad
1282 4739 1503 4804 humilitatem
1522 4738 1779 4821 modestiamque
1800 4734 1947 4800 deducat.
1987 4731 2082 4813 Quae
2103 4735 2193 4809 enim

188 4825 254 4883 tem
281 4821 316 4884 in
342 4819 486 4886 hominis
517 4822 669 4889 medullis
696 4823 884 4907 superbiam
911 4823 979 4888 suis
1004 4822 1165 4889 illecebris
1216 4824 1274 4887 illa
1296 4832 1346 4890 est
1370 4824 1484 4909 erigo?
1511 4846 1630 4907 nempe
1657 4845 1677 4889 a
1702 4845 1768 4907 qua
1796 4819 1985 4886 excidimus.
2031 4817 2115 4899 Quis
2136 4820 2192 4885 ille

116 4944 129 4988 .·
189 4904 312 4986 titillet,
341 4906 426 4970 nihil
447 4915 498 4973 est
525 4908 612 4992 quod
638 4911 744 4994 magis
766 4907 916 4975 arrideat
961 4906 1107 4973 Proinde
1127 4917 1165 4973 ut
1216 4911 1390 4976 creationis
1411 4918 1542 4976 nostrae
1558 4909 1654 4976 finis?
1677 4930 1777 4991 aquo
1793 4907 1924 4991 penitus
1942 4906 2050 4971 aversi
2067 4928 2192 4984 sumus,

189 4992 410 5075 unusquisque
422 4992 586 5060 humanae
598 5003 736 5062 natiuae
748 4995 985 5080 praestantiam
998 4994 1164 5078 benignis-
1216 5002 1255 5059 ut
1275 4997 1414 5061 miserae
1430 5004 1561 5062 nostrae
1578 4997 1675 5062 sortis
1691 4994 1833 5079 pertaesi
1848 4993 2103 5076 ingemiscamus
2107 5016 2116 5072 ;
2139 4993 2193 5057 in·

331 5135 345 5138 -
371 5134 393 5141 ἢ
1216 5080 1437 5163 gemiscenda,
1466 5081 1508 5145 ad
1534 5080 1697 5164 perditam
1717 5082 1809 5146 illam
1831 5078 2027 5163 dignitatem
2049 5079 2193 5162 suspire-
2314 5147 2318 5153 ,

257 5196 286 5263 1)
309 5198 346 5250 Εῖ
369 5199 455 5252 libero
479 5200 600 5254 arbitrie.
637 5201 715 5256 Haec
738 5203 839 5257 obem
860 5201 924 5255 inde
947 5203 982 5256 ab
1006 5217 1032 5254 a.
1052 5198 1120 5252 1543
1137 5206 1165 5255 ct

186 5279 239 5330 pro
256 5267 292 5318 iic
309 5266 416 5335 anper
433 5269 548 5321 addim
564 5271 692 5335 senaida
1285 5266 1315 5334 l)
1333 5266 1446 5319 exitium
1464 5267 1533 5321 1553
1550 5283 1602 5336 seq.
1673 5263 2100 5337 2)aemagisom.1eteseqq.

257 5349 369 5406 Galam
382 5370 474 5422 opera.
513 5355 569 5410 Vol.
589 5353 614 5408 1.
1323 5396 1338 5414 ,
1957 5351 1992 5406 20
