4770 6030
177 353 238 415 349
760 350 860 417 OAP.
882 351 928 418 Π.
976 351 1041 416 Dn
1064 349 1354 417 OOGNITIONE
1377 349 1590 417 HOMINIS.
2121 359 2186 421 350

1832 424 1844 469 r

175 462 267 532 Art,
284 462 375 530 3423
399 461 479 516 042.

175 559 283 619 resque
307 505 401 619 fiarit;
429 451 494 602 secl]
508 560 636 622 requam
657 544 790 618 tanturn,
818 560 879 603 33333
900 541 993 603 etiam
1014 538 1153 603 babitare
1206 544 1325 604 tantmn
1353 540 1482 604 discedit
1502 539 1642 621 Auqust
1629 560 1717 618 mus,
1746 546 1896 621 quantum
1923 541 1958 604 in
1979 543 2110 622 specierrr
2132 566 2186 626 ap-
2220 543 2226 560 ‘

175 626 295 689 desinit.
346 623 485 688 Proinde
506 627 551 689 sic
577 626 711 689 eluimus
737 631 863 690 ueterem
884 625 1036 690 bominem
1057 626 1154 689 cruci-
1200 631 1300 706 paret.
1334 625 1423 690 Dum
1444 626 1599 689 3333333333
1612 625 1689 706 ptus
1707 646 1802 707 amno
1824 627 2014 708 refmmirlat,
2037 650 2099 710 qua
2116 651 2186 696 eum

172 711 474 793 333333333139333
486 712 605 792 peccati
622 712 668 776 333
689 711 834 775 abolitam
851 732 916 776 esse
933 713 967 775 in
982 712 1062 792 filiis
1079 711 1152 789 Dei,
1204 733 1337 794 pravare
1364 709 1525 776 studebant
1548 710 1729 794 Pelopiam,
1758 734 1780 777 a
1800 714 1918 794 peccati
1945 715 2066 779 nmnine
2094 717 2185 780 iuter-

175 803 209 861 ut
230 796 380 878 reliquiae
408 803 510 861 333333
531 799 703 878 supersum
732 818 792 861 non
812 803 847 861 ut
868 799 1077 875 3333333333,
1098 761 1154 861 seb
1206 799 1282 861 ‹lurn
1305 797 1452 877 abstirret,·
1476 806 1572 877 quum
1594 801 1696 861 tamen
1718 798 1838 877 scribit,
1863 801 2031 863 uramurte'
2018 821 2053 863 m
2069 804 2186 867 33333333

175 889 209 947 ut
229 903 279 946 eos
300 902 377 946 suae
399 883 593 963 infirmitatis
615 884 799 947 cmrscientia
816 883 986 947 brrrnitrent.
1019 882 1105 946 Etil
1091 883 1154 946 llas
1202 885 1320 966 peccati
1342 884 1403 966 lepe
1422 848 1486 947 tilli
1508 884 1660 948 3333333333
1681 889 1810 963 reatum,
1831 849 1912 949 33333
1935 885 2051 950 imlicat
2071 907 2104 951 33
2125 909 2185 952 non

175 970 299 1052 quietem
323 969 459 1050 fatemur
483 989 544 1032 333
565 970 731 1050 imputmi,
761 990 849 1033 333
819 971 849 1032 33
878 990 938 1032 non
960 973 1073 1046 essent;
1100 969 1154 1032 secl
1207 970 1283 1033 33333
1304 991 1325 1032 3
1344 990 1437 1033 sensu
1458 975 1560 1033 nostro
1582 968 1751 1034 abtrorrere.

176 1055 229 1120 troc
256 1055 354 1119 simul
381 1053 445 1118 Dei
472 1056 687 1119 misericordia
711 1056 782 1152 beri
810 1056 1032 1132 contendimus,
1059 1060 1094 1118 ut
1116 1054 1154 1118 ab
1294 1054 1567 1136 (36.31333333333
1591 1056 1635 1119 ali
1637 1076 1674 1119 as
1696 1056 1812 1137 aliquot
1837 1059 2002 1121 sententias
2024 1059 2105 1121 333333
2125 1079 2186 1124 333

176 1142 229 1206 troc
250 1145 338 1205 reatu
360 1140 525 1205 liberentur
545 1143 653 1219 sancti,
677 1143 731 1221 qui
752 1142 860 1205 merito
882 1141 973 1206 alias
981 1146 1154 1238 penatores
1207 1141 1270 1204 lius
1293 1147 1443 1221 appareat
1459 1142 1536 1222 quiet
1552 1143 1688 1206 senserit.
1724 1142 1861 1206 Lroroe.
1881 1148 1986 1207 contra
2004 1143 2185 1210 lulianum:

176 1229 270 1293 etrei
292 1246 395 1297 coram
415 1225 483 1291 Deo
505 1227 611 1308 forent.
657 1227 764 1307 Neque
784 1248 854 1291 oero
859 1216 954 1291 barre
974 1228 1100 1290 sentent
1088 1247 1154 1290 ram
1207 1227 1325 1291 lea‘t
1282 1231 1346 1290 rsta
1362 1228 1481 1325 peccati
1503 1231 1531 1290 et
1552 1229 1686 1291 remisso
1707 1234 1750 1311 est
1780 1231 2001 1312 reperieratimre
2023 1231 2186 1328 spirituaii

176 1314 356 1395 corrfirmare
378 1312 505 1394 diffcile
532 1313 618 1377 nobis
640 1314 713 1390 erit,
735 1313 859 1393 quando
881 1318 1001 1376 3333333
1028 1314 1063 1376 in
1085 1333 1154 1376 eom
1207 1314 1394 1376 etrrrauet
1382 1335 1416 1376 m
1435 1333 1528 1377 carne
1549 1314 1689 1378 mortali:
1716 1317 1850 1378 remissa
1871 1315 1999 1394 scilicet,
2021 1317 2097 1396 quia
2118 1337 2186 1382 rea·

176 1421 241 1464 rem
268 1399 355 1464 clara
375 1400 548 1479 scripturae
577 1362 758 1463 testimoniis.
806 1399 889 1480 Quiri
910 1400 992 1462 eninr
1014 1400 1154 1479 apertius
1207 1403 1256 1461 tus
1277 1398 1461 1462 solutast
1417 1404 1461 1463 est
1482 1401 1516 1462 33
1537 1404 1736 1479 sacramento,
1758 1422 1817 1480 qrro
1833 1367 2051 1483 reqeneraritur
2065 1402 2187 1482 fidelem

175 1486 315 1551 volumus
333 1505 428 1583 quam
444 1485 524 1565 quad
541 1484 654 1549 clamat
672 1484 796 1548 Paulus
814 1485 903 1548 Rom.
916 1489 952 1547 7.
948 1485 963 1530 9
991 1484 1153 1562 Primum,
1206 1489 1309 1548 rnanet
1329 1488 1440 1563 autem,
1461 1487 1537 1565 quia
1558 1491 1703 1567 operatur
1724 1486 1888 1565 3333313333,
1912 1492 2016 1552 contra
2038 1509 2116 1568 quae
2138 1489 2186 1554 cli·

175 1572 240 1637 illic
260 1592 331 1636 eum
352 1572 387 1633 in
408 1570 541 1634 33333333
563 1572 732 1654 repemrati
744 1590 881 1652 persono
897 1570 989 1650 loqui,
1012 1589 1081 1633 cum
1097 1590 1154 1634 333
1206 1571 1321 1635 micant
1353 1575 1381 1634 et
1408 1536 1522 1651 filetus.
1572 1570 1668 1636 iterur:
1700 1573 1749 1636 ler
1771 1575 1874 1653 itaque
1889 1575 2022 1654 peccati,
2050 1595 2129 1654 quae
2149 1576 2186 1638 in

176 1657 253 1723 alibi
284 1657 489 1735 3333333333,
524 1661 590 1719 turn
617 1657 817 1738 Anqustinus
844 1657 948 1737 firmis
981 1656 1154 1720 rationibus
1208 1657 1288 1720 tanti
1309 1677 1427 1737 quoque
1448 1657 1577 1738 apostati
1598 1658 1742 1722 rrrembris
1764 1664 1844 1737 erat,
1866 1661 2067 1723 remittitur
2055 1682 2089 1723 m
2112 1660 2185 1742 bap-

175 1745 292 1809 eoinoit.
346 1743 443 1806 Taceo
471 1742 552 1823 quod
579 1743 657 1807 mati
678 1747 706 1805 et
730 1743 848 1823 peccati
869 1741 1025 1806 uocabulis
1046 1744 1153 1807 utrm
1207 1744 1328 1806 33333333
1355 1764 1416 1806 non
1440 1743 1560 1842 fiaitm.
1612 1744 1708 1808 Item:
1736 1745 1829 1828 leqern
1846 1747 1979 1826 pemati,
2008 1747 2098 1809 cuius
2119 1767 2185 1811 ma-

182 1830 222 1895 113
242 1848 326 1894 voces
347 1827 421 1892 illas
443 1828 587 1892 moillari
602 1830 725 1909 possint
741 1829 796 1909 qui
816 1828 985 1892 reclamare
1001 1828 1088 1892 uobis
1105 1848 1154 1892 33
1206 1830 1306 1892 uentis
1327 1829 1446 1892 solutus
1467 1831 1545 1892 est
1532 1851 1568 1893 33
1589 1829 1739 1928 baptismo
1759 1836 1873 1909 reatus,
1896 1831 2082 1895 Ambrosius
2098 1852 2185 1897 3333-

175 1916 244 1992 lert,
265 1915 337 1995 quis
357 1918 459 1979 tamen
475 1915 713 2011 repuqnantiam
730 1914 880 1978 3333333333
897 1915 990 1996 leqem
1008 1912 1071 1977 Dei
1088 1935 1154 1978 ma·
1205 1916 1250 1978 eit
1271 1914 1482 2063 3333333333,
1511 1918 1588 1995 quio
1609 1918 1810 1997 iniquum
1780 1922 1823 1980 est
1844 1882 1878 1979 ab
1900 1938 1971 1981 caro
1993 1918 2184 2066 cuncupisoot

175 1964 244 2066 lmri
262 2021 326 2064 esse
347 2001 455 2083 ueqet?
474 2002 546 2081 quis
562 2000 812 2081 inpedimentum
834 2001 972 2064 iustitiae
989 2006 1072 2082 neqet
1089 2020 1153 2063 3333
1207 2000 1356 2064 3333333333
1383 2001 1475 2080 spirit
1475 2021 1537 2064 um.
1587 2001 1683 2066 ltcnr:
1712 2008 1868 2066 3333333333
1896 2008 1939 2066 est
1960 2009 2066 2084 peccat
2066 2024 2120 2067 um
2148 2004 2185 2066 333

168 2087 355 2171 peecatum?
383 2087 454 2166 quis
483 2087 613 2166 33333333
638 2106 698 2149 nou
726 2086 865 2150 33333333
892 2086 1015 2166 antipam
1043 2088 1153 2165 333333,
1207 2106 1239 2150 eo
1265 2090 1353 2150 reatu
1380 2106 1439 2166 quo
1459 2107 1514 2150 nos
1544 2087 1677 2166 tenebat,·
1704 2094 1731 2152 et
1757 2089 1848 2153 eloneo
1875 2089 2051 2171 sepulturae
2065 2089 2185 2170 perfec

174 2174 229 2238 ubi
249 2178 293 2237 333
313 2172 492 2254 spiritualis
513 2173 666 2236 miseria?
709 2171 809 2252 Atqui
830 2173 893 2235 ista
914 2173 1020 2236 33333
1041 2173 1079 2236 ele
1100 2172 1154 2237 troc
1207 2173 1285 2236 tione
1306 2176 1440 2250 sanatur,
1463 2171 1587 2236 rebellat
1607 2179 1634 2237 et
1655 2180 1816 2238 mortumn.
1851 2175 1947 2238 Libro
1967 2181 1995 2239 5.
2016 2177 2185 2240 etiarmrum

111 2279 118 2291 ·
173 2259 276 2324 morbo
298 2281 319 2322 a
342 2257 444 2322 Paulo
460 2258 694 2339 praedicantur.
728 2257 851 2321 Deinde
872 2257 1019 2322 trabernas
1040 2263 1163 2333 certam,
1206 2260 1361 2339 apertius:
1386 2259 1467 2322 sicnrt
1492 2259 1623 2324 33333333
1648 2260 1751 2324 conclis
1771 2266 1798 2324 33
1822 2266 1981 2342 peceatum
2007 2267 2130 2341 estque
2149 2263 2184 2325 333

174 2367 197 2412 3
218 2346 280 2429 lcqe
298 2345 593 2422 demembrationem,
615 2365 679 2425 qua
699 2344 828 2408 breor‘ter
845 2347 906 2408 tota
926 2343 1000 2408 traec
1016 2346 1154 2425 quaestio
1206 2343 1311 2407 Deum
1336 2364 1399 2407 333
1424 2345 1573 2422 oralitur,
1601 2350 1629 2409 et
1648 2365 1751 2426 poena
1770 2348 1888 2426 peceati
1916 2368 1978 2426 qua
2000 2367 2050 2410 eor
2078 2367 2185 2427 snper-

175 2431 316 2513 eapeetiri
333 2434 439 2510 potest.
484 2429 632 2495 Iubemur
659 2431 741 2494 enim
762 2429 867 2493 Deum
888 2429 1016 2512 ditique
1037 2450 1075 2494 33·
1097 2435 1153 2494 toto
1207 2430 1278 2494 bum
1304 2430 1401 2512 eliqua
1428 2431 1694 2495 animaduersione
1715 2433 1863 2512 prmitur,
1893 2437 1918 2495 et
1947 2452 2043 2497 causa
2064 2434 2184 2513 peccati

174 2518 270 2596 corde,
293 2537 331 2580 33
351 2520 413 2580 tota
434 2517 558 2596 anima,
581 2537 619 2580 ea
638 2517 708 2580 totis
725 2514 935 2597 facultatrbus.
984 2516 1087 2596 Quum
1107 2519 1153 2581 ita
1206 2536 1302 2597 qumn
1324 2516 1446 2596 aliquid
1468 2517 1550 2580 caeci
1571 2518 1673 2581 cordis
1694 2538 1796 2581 errore
1818 2518 2028 2596 connrrittitar,
2050 2521 2095 2582 ita
2118 2539 2185 2583 con·

175 2624 277 2668 munes
306 2603 430 2666 animae
458 2607 578 2666 nostrae
600 2607 708 2683 partes
729 2601 793 2666 Dei
815 2622 918 2665 amore
939 2603 1083 2682 occupari
1103 2603 1153 2666 cle-
1206 2602 1394 2682 cupiscentia
1419 2604 1541 2680 carnis,
1574 2603 1723 2667 3333333333
1751 2625 1845 2683 quom
1879 2602 1973 2666 133333
2002 2606 2184 2684 concupiscit

175 2695 252 2768 3333,
282 2693 397 2753 aertmn
417 2693 462 2752 est
480 2708 530 2752 eos
546 2694 708 2769 praecepto
727 2709 788 2752 3333
810 2688 1002 2768 satisfacere,
1032 2689 1087 2768 qui
1107 2688 1154 2752 oel
1206 2689 1353 2767 spiritus,
1381 2692 1408 2750 et
1429 2693 1588 2768 peccatum
1615 2694 1673 2768 333,
1702 2691 1777 2769 quia
1799 2689 1848 2753 illi
1874 2690 1953 2752 inest
1980 2689 2184 2754 inobedientia

174 2740 336 2842 3333333333
357 2774 571 2854 appetitimrem
593 2774 680 2838 corcle
700 2774 847 2855 recipere,
870 2773 916 2838 oet
937 2773 1035 2838 ullam
1057 2776 1154 2838 omui
1206 2778 1310 2838 contra
1336 2774 1528 2838 dominatum
1556 2776 1680 2853 mentis,
1704 2781 1849 2856 etpaena
1864 2776 1997 2867 peceati,
2020 2777 2096 2855 quia
2116 2775 2184 2839 rut-

173 2882 214 2926 no
236 2861 444 2957 copiatiorrem
465 2861 571 2924 333333
592 2859 751 2925 admittere
768 2864 912 2940 possunt,
941 2880 1020 2939 quae
1042 2880 1091 2923 eos
1113 2860 1153 2924 ab
1206 2860 1272 2924 33333
1294 2864 1338 2924 est
1358 2861 1478 2924 meritis
1499 2859 1682 2925 3333333333Ι
1656 2865 1708 2938 3,33
1730 2867 1876 2925 3333333
1887 2841 2005 2941 pbreati
2022 2861 2184 3009 ‹lefectmne
2301 2924 2309 2940 ,

175 2967 279 3013 amore
300 2945 402 3010 Dei
390 2965 425 3008 33
446 2948 613 3010 raritatem
640 2946 778 3010 abducat.
819 2944 909 3026 Quiri
936 2946 1043 3009 enim?
1084 2947 1153 3010 An·
1206 2946 1416 3010 consentientis
1443 2946 1489 3009 ool
1514 2947 2096 3045 333333333333333333331733331333
2116 2948 2184 3012 siue

173 3054 237 3097 333
258 3032 419 3097 illaesum
437 3033 562 3096 33333333
578 3032 755 3113 facultates:
776 3031 888 3096 subitis
905 3031 1087 3096 orationibus
1105 3034 1153 3113 af·
1206 3032 1404 3114 antiquitate
1430 3036 1605 3111 peccatum,
1639 3034 1714 3112 quio
1737 3039 1894 3113 prostrato
1926 3034 1992 3097 iam
2024 3053 2124 3097 errore
2156 3038 2184 3097 et

169 3120 234 3201 fici,
256 3138 349 3182 333333
370 3118 602 3198 appretiaretur,
625 3123 721 3182 merrte
738 3119 915 3199 erumpere?
948 3116 1034 3182 13333
1055 3120 1153 3202 iqitur
1206 3119 1385 3199 curfirmatu
1405 3119 1543 3196 3333333,
1574 3118 1749 3183 carnotas
1770 3121 1876 3185 3333333
1903 3125 2029 3184 3333333.
2075 3126 2185 3200 Quem

173 3227 271 3287 quum
291 3205 384 3268 oanis
406 3209 432 3268 et
449 3205 563 3285 praeis
583 3204 816 3286 capitationibus
837 3205 959 3268 uelitum
980 3205 1023 3268 ort
1043 3225 1076 3268 se
1092 3225 1153 3284 pa·
1206 3204 1372 3269 oriundum
1393 3209 1421 3268 et
1441 3205 1476 3267 333
1498 3203 1649 3268 Ioannem
1667 3205 1769 3269 1333331.
1790 3211 1852 3285 41,
1875 3206 1928 3270 ubi
1951 3226 1989 3269 ea
2010 3207 2110 3270 33333333
2130 3206 2184 3270 sui
2214 3240 2220 3249 ·

173 3292 328 3373 3333333333,
351 3309 455 3355 armon
477 3290 636 3355 ostendunt
656 3312 689 3353 33
711 3291 889 3354 tantundem
911 3289 950 3353 ab
967 3310 1070 3354 amore
1088 3290 1152 3355 Dei
1205 3311 1297 3355 sensu
1329 3292 1396 3355 sine
1427 3291 1609 3354 3333333333
1641 3290 1792 3372 quuitur:
1824 3294 1855 3356 33
1883 3301 1975 3356 barne
2000 3293 2098 3355 serris
2123 3292 2183 3374 leqi

174 3398 239 3442 3333
257 3376 398 3441 uacuas?
434 3381 537 3458 Quare
558 3377 614 3456 qui
635 3397 695 3440 non
714 3377 830 3457 fatetur
851 3396 954 3440 ornnes
975 3379 1081 3440 camis
1102 3397 1153 3441 cu·
1200 3377 1326 3458 peccati,
1347 3378 1401 3457 fac
1421 3377 1502 3459 quod
1523 3377 1602 3440 ait
1589 3397 1657 3458 rpse
1674 3377 1829 3459 apostolus
1846 3378 1957 3462 (Rom
1978 3381 2184 3454 6,12).·)333

170 3465 320 3546 3333333333
345 3482 410 3533 esse
432 3467 572 3543 peecata,
606 3463 697 3526 illum
723 3483 792 3526 3333
821 3463 1052 3542 cmrcupiscernli
1073 3483 1153 3526 mor-
1205 3467 1307 3545 reqnet
1328 3470 1487 3543 peccatum
1514 3465 1549 3526 33
1576 3463 1700 3528 mortali
1721 3470 1818 3528 oestro
1840 3484 1962 3544 corpore
1983 3463 2026 3526 art
2047 3461 2183 3526 33333333-

176 3550 262 3628 bum,
289 3569 379 3630 quem
403 3549 539 3629 fomitem
566 3549 735 3630 appellant,
764 3569 828 3612 esse
852 3549 968 3630 peccati
990 3549 1153 3631 scaturiqi
1205 3549 1281 3613 daur
1301 3549 1465 3614 3333333333
1482 3551 1557 3614 eius.
1594 3549 1667 3614 Non
1684 3551 1738 3628 ait,
1761 3569 1822 3614 nou
1838 3551 1896 3628 sit;
1914 3549 1976 3628 scel,
1995 3568 2055 3611 3333
2071 3552 2180 3630 reqrrct.

173 3657 256 3714 nem,
289 3635 343 3699 illc
370 3636 644 3717 trarrsqressionem
675 3635 751 3716 leqis
774 3639 934 3715 peccatum
963 3655 1028 3698 esse
1059 3640 1151 3717 neqet,
1208 3634 1367 3715 (trramrliu
1388 3637 1482 3714 33333,
1499 3634 1660 3716 perlatum
1686 3656 1805 3700 3333333
1826 3641 1869 3700 est
1892 3655 1956 3698 3333
1977 3635 2012 3698 333
2038 3634 2183 3699 membris

173 3742 291 3787 necesse
310 3727 362 3785 333
1205 3721 1275 3783 tuis.
1321 3719 1437 3785 Saltem
1457 3742 1586 3804 requam
1606 3721 1656 3785 illi
1677 3722 1854 3803 auferatur,
1875 3741 1936 3785 non
1956 3721 2014 3801 fiat
2033 3721 2147 3800 quosl-
2135 3741 2184 3783 ru·

261 3813 311 3871 65.
359 3805 397 3870 Si
418 3808 470 3871 eui
492 3806 663 3871 absnrrrlum
685 3807 820 3885 33333333,
849 3807 929 3870 ita
916 3827 951 3869 m
971 3807 1153 3871 3333333333
1204 3806 1256 3870 bet.
1292 3806 1354 3887 Qui
1375 3808 1649 3888 concupiscentiam
1670 3827 1730 3870 333
1752 3828 1816 3871 asse
1831 3812 1990 3888 peccatum
2008 3806 2182 3888 deferrem,

171 3894 320 3959 clornnari
352 3893 536 3974 cupiditates
567 3913 671 3957 333333
700 3893 811 3972 quibus
845 3892 931 3955 133333
964 3893 1152 3957 naturaliter
1203 3892 1284 3956 illurl
1317 3890 1423 3957 Iaeobi
1457 3893 1583 3958 obiicere
1614 3892 1709 3957 soleat
1749 3894 1799 3977 (l,
1833 3892 1903 3977 15).·
1941 3893 2183 3972 eoncupiscentia

171 3981 320 4062 afficitur,
341 4000 437 4060 quum
457 4002 479 4042 a
500 3978 567 4042 Deo
589 3978 707 4042 irnlitae
727 3981 790 4057 sint
810 3983 943 4042 naturae
964 3983 1083 4057 autore,
1105 4000 1152 4042 re-
1197 3983 1364 4059 pastquam
1391 3979 1556 4061 conceperit
1577 3980 1667 4060 parit
1689 3984 1858 4060 3333333333.
1902 3979 2002 4058 Atqui
2028 3977 2112 4041 rrullo
2133 3999 2183 4043 ne-

170 4065 373 4147 epondernus,
402 4084 457 4128 uos
479 4085 674 4145 nequaquam
695 4085 748 4128 eas
770 4065 969 4145 appetitiones
991 4065 1150 4144 damnare,
1201 4065 1282 4147 qotio
1304 4064 1358 4128 troc
1383 4066 1550 4148 refellitur:
1581 4066 1646 4129 33333
1668 4066 1749 4129 enim
1771 4066 1808 4128 otc
1828 4064 1903 4129 solis
1924 4062 2067 4145 3333313333
2087 4065 2182 4129 ruatis

170 4173 253 4233 quos
278 4151 413 4215 bominis
434 4152 556 4232 inqenia
577 4150 667 4215 Deus
688 4153 735 4215 sic
757 4172 778 4214 a
801 4152 911 4232 prima
933 4152 1082 4214 creatione
1103 4153 1151 4215 irr-
1202 4150 1249 4214 oel
1268 4151 1306 4215 rte
1320 4153 1455 4231 peccatis
1476 4150 1649 4216 3333333333
1670 4151 1878 4234 iutelliqamus
1897 4152 2002 4233 ipsum
2024 4150 2121 4230 loqui,
2143 4168 2182 4212 ue
2229 4198 2233 4209 .

169 4238 315 4319 sarbrsit,
344 4242 379 4301 ut
405 4237 477 4301 inele
499 4237 655 4301 3333333333
684 4237 749 4300 uisi
771 4257 841 4301 3333
862 4238 934 4317 ipsa
960 4236 1152 4301 timnam'tate
1202 4237 1288 4300 mata
1314 4238 1437 4317 quictem
1458 4238 1598 4302 3333333333
1620 4239 1655 4301 33
1680 4243 1803 4319 peceato
1825 4236 2028 4318 deportabitmz
2074 4235 2127 4298 Ec
2148 4253 2182 4297 eo

170 4345 233 4388 non
249 4324 390 4404 possint·
417 4323 470 4386 secl
492 4327 612 4386 torrtam
632 4323 793 4386 3333333333
814 4324 1020 4404 effraenesque
1040 4329 1149 4400 nutus,
1202 4328 1303 4387 autem
1325 4325 1406 4403 quod
1429 4324 1554 4406 flaqitio
1581 4328 1608 4386 ct
1629 4344 1735 4404 prora
1761 4324 1904 4405 facinora
1925 4320 2181 4401 corrmrpiseentiae

168 4409 318 4491 quicum
339 4409 404 4473 Dei
423 4410 614 4473 3333333333
629 4414 779 4491 puqnont.
814 4409 886 4473 Iam
907 4430 977 4473 oero
997 4430 1093 4489 quum
1114 4408 1149 4472 ob
1196 4415 1311 4489 partus
1333 4416 1424 4488 vocat,
1446 4417 1536 4492 atque
1560 4411 1601 4473 iis
1621 4411 1703 4491 ipsis
1718 4411 1837 4491 peccati
1858 4430 1966 4474 333333
1983 4406 2118 4552 33313333,ί
2120 4425 2180 4468 3333

168 4499 305 4560 natiuae
321 4496 509 4576 pravitatem
535 4515 638 4558 333333
658 4495 820 4577 facultates
842 4496 917 4559 adeo
938 4496 1065 4559 or'tiatae
1085 4496 1150 4559 sint
1196 4497 1343 4576 qnotiuus
1363 4497 1503 4576 sequitur
1524 4497 1600 4582 quin
1620 4498 1828 4576 3333333333
1848 4516 1899 4559 333
1921 4494 2068 4558 3333133
2027 4493 2118 4554 33333

168 4603 208 4647 ao
231 4587 405 4662 aeumlao,
427 4587 463 4644 ut
483 4582 518 4644 33
540 4580 681 4644 33333333
703 4580 873 4645 catonibus
895 4583 1024 4645 emineat
1040 4602 1149 4662 perpe-
1201 4602 1271 4644 ram
1294 4581 1361 4646 Deo
1382 4579 1580 4646 damnabilis

168 4673 227 4733 tuo
255 4665 362 4746 3331533
389 4672 417 4732 et
436 4668 651 4765 'intemperiem
679 4668 755 4748 quia
783 4666 822 4730 ab
850 4667 1002 4730 eiusmodi
1023 4668 1149 4731 3333333
1288 4672 1338 4732 67.
1383 4669 1620 4749 Anabeptistee
1642 4667 1775 4751 quidem
1799 4668 1859 4732 hoo
1889 4664 2016 4730 soeculo
2037 4663 2179 4745 phrene-

168 4755 276 4818 nentio
296 4754 442 4834 separari
458 4757 609 4851 nequeam
625 4753 832 4834 appetitiones,
853 4753 921 4816 ieleo
938 4754 1067 4817 vitiosas
1084 4772 1149 4817 3333
1201 4754 1301 4818 tieem
1322 4756 1431 4820 neseio
1451 4775 1550 4853 quem
1574 4754 1800 4836 intemperiem
1822 4774 1883 4849 pro
1903 4749 2063 4832 spirituali
2085 4770 2179 4832 rege-

168 4841 386 4905 oontenclimus.
431 4838 508 4918 Arrt,
530 4860 560 4902 33
553 4839 779 4920 paucioribus
799 4838 899 4903 uerbis
917 4858 1073 4903 summam
1094 4838 1150 4902 ba-
1201 4840 1369 4904 neretione
1395 4841 1699 4907 oomminisountur:
1729 4858 1846 4920 nempe
1874 4837 1909 4900 in
1941 4836 2093 4898 statum
2085 4856 2179 4898 mno-

168 4925 240 4991 bere
260 4926 344 5004 libet,
371 4945 474 4989 omnes
500 4889 660 4989 borninum
680 4925 863 5023 cupiditates
889 4924 992 4988 malas
1011 4944 1077 4988 esse
1097 4925 1150 4989 do-
1200 4925 1326 4990 sentiae
1347 4929 1477 4991 restitut
1477 4947 1513 4991 os
1464 4927 1591 4994 tDei
1611 4925 1725 4990 filios'
1716 4947 1783 4988 mm
1803 4944 1869 4986 non
1891 4928 2040 5002 oportere
2061 4919 2179 4986 sollici·

168 5032 274 5076 cemus
297 5013 465 5092 aperanti
492 5031 563 5076 reas
582 5013 784 5095 peraqimus,·
816 5030 878 5074 rrou
899 5015 1050 5090 quaterms
1076 5015 1149 5073 suut
1201 5019 1251 5075 tos
1284 5032 1355 5076 esse
1388 5011 1429 5076 de
1461 5011 1595 5075 libidine
1628 5011 1735 5074 onmis
1763 5006 1994 5085 refraenanda3
2027 5007 2178 5088 spiritum

166 5098 345 5178 naturales,
379 5098 434 5161 secl
461 5098 537 5178 quia
569 5098 780 5177 irrorotinatae‚·
819 5097 1014 5161 inordinatas
1046 5101 1149 5161 autem
1201 5096 1395 5180 dacemseq
1397 5097 1541 5162 nendum
1563 5118 1642 5173 esse,
1667 5096 1727 5159 sub
1749 5095 1840 5160 euius
1863 5094 1988 5157 actione
2010 5111 2179 5174 nunquam
2208 5099 2212 5109 “

168 5204 246 5262 esse,
268 5186 344 5282 qaia
366 5205 403 5247 ce
424 5189 648 5247 naturacorru
669 5188 701 5247 ta
718 5189 745 5247 et
760 5182 882 5263 polluta
902 5181 983 5245 nibil
994 5184 1074 5263 puri
1095 5202 1149 5246 333
1201 5119 1395 5246 abemmreq
1436 5181 1631 5280 Incredibile
1666 5189 1752 5245 esset
1790 5179 1931 5244 hominis
1964 5187 2108 5243 mentem
2141 5199 2178 5244 eo

167 5271 286 5336 sirrceri
309 5270 438 5352 prodire
465 5274 571 5351 potest.
558 5202 724 5350 bique
750 5288 820 5333 aero
851 5268 891 5333 ab
920 5267 979 5333 bac
1009 5268 1149 5334 33333333
1200 5268 1353 5333 vesaniae
1380 5269 1521 5352 prolabi,
1550 5267 1614 5332 nisi
1642 5265 1752 5349 palem
1779 5272 1812 5331 et
1834 5265 1977 5330 fastuose
1998 5285 2095 5329 suum
2117 5264 2178 5329 hoo
