4770 6030
202 370 266 435 sse
775 359 1043 429 manassem
1065 363 1170 428 ΗΕΒ.
1193 358 1374 428 aHRISn
1399 362 1633 425 1539-1554.
1693 456 1695 460 Α
1809 434 1814 444 ,
2147 360 2209 421 sen

518 524 521 530 .
1974 473 2086 540 B1ss;
2104 470 2211 526 0170.

204 578 263 624 aas
293 554 506 631 coalescimns;
544 551 591 615 sic
625 550 797 634 ruliqimvr
830 571 932 614 annes
970 552 1005 614 in
1037 551 1185 614 nnimtem
1236 547 1326 611 initio
1351 549 1439 631 reqni
1468 550 1521 611 sni
1548 548 1706 612 Dominus
1727 548 1886 627 evcdavd5
1914 552 1940 613 et
1960 459 2091 612 [suscitat
2118 547 2212 611 etiam

207 641 340 718 Christi,
362 640 392 703 si
412 636 578 720 prophetia
599 638 679 700 inter
698 656 755 701 nos
775 637 869 718 viqet,
892 636 1185 719 elementaria
1236 633 1405 712 interdum,
1432 637 1529 715 prend
1554 638 1724 716 temporum
1747 635 1911 699 necessitas
1933 633 2080 716 postulat.
2127 632 2213 715 Quae

200 730 326 811 piranis,
359 726 389 789 si
416 724 588 788 doctrinam
613 721 701 786 nobis
722 721 975 787 adninmrvtam
994 742 1056 785 non
1080 741 1186 804 asper-
1236 720 1279 783 sit
1307 718 1473 801 apostoliea
1503 719 1634 806 functio,
1672 740 1710 783 ev
1740 720 1886 784 mendac
1913 719 1967 783 illo
1999 722 2128 783 cointat:
2160 720 2210 795 ite,

205 832 328 879 umnur.
373 808 531 873 Ecclesiae
551 828 621 890 erqo
643 808 894 889 dissipationem,
917 808 964 872 vel
983 809 1113 871 ruinam
1129 828 1185 889 po
1232 805 1411 887 praedicate
1432 804 1622 887 evanqelium
1648 805 1731 869 omni
1758 810 1916 869 creaturae
1937 804 2054 888 (Marc.
2077 809 2125 882 16,
2147 804 2211 888 15).

205 899 271 963 tius
292 901 319 960 et
340 897 479 972 esitium,
500 893 627 958 molitur
644 895 787 974 quisquis
809 894 947 957 ordinem
967 893 1048 973 hvnc
1069 892 1106 956 de
1127 913 1185 973 qno
1240 890 1312 954 Non
1337 889 1551 954 attribuuntur
1575 891 1641 955 illis
1663 892 1735 955 certi
1758 892 1852 972 fines·
1879 892 1933 955 sed
1957 896 2037 955 totins
2058 889 2142 954 orbis
2163 910 2213 953 as-

205 983 417 1066 disputamus,
444 986 472 1044 et
498 979 552 1043 hoe
571 1000 670 1062 penus
690 980 851 1062 reqiminis
872 980 918 1043 vel
939 977 1057 1044 abelem
1077 979 1184 1056 studet,
1237 977 1381 1059 siqnatnr
1406 977 1589 1059 rediqendas
1615 979 1650 1040 in
1675 976 1874 1041 obedientiam
1899 975 2033 1041 Christi:
2060 980 2095 1039 ut
2122 996 2213 1045 evan

206 1070 253 1135 vel
279 1068 372 1150 quasi
398 1068 504 1130 minus
531 1065 740 1129 necessarium
761 1064 864 1129 elevat.
910 1065 1120 1146 Naue-enim
1140 1064 1186 1127 vel
1235 1062 1359 1145 pelium,
1381 1061 1551 1142 ubicuique
1567 1065 1705 1144 pentinm
1720 1068 1872 1144 poterunt,
1896 1062 2069 1144 sparqendo
2086 1081 2213 1144 repnnm

206 1154 283 1221 solis
304 1154 407 1217 lumen
428 1172 464 1215 ac
486 1151 576 1229 calor,
599 1152 645 1214 vel
662 1150 747 1214 cibas
764 1170 801 1214 ac
813 1156 907 1232 potus
924 1155 988 1214 tam
1010 1155 1083 1214 sant
1092 1169 1187 1230 prae
1238 1149 1306 1212 eins
1337 1147 1449 1228 ubique
1481 1148 1608 1231 eriqant.
1621 1206 1624 1211 .
1639 1177 1641 1186 .
1658 1147 1796 1214 Proinde
1825 1148 1964 1226 Panlns,
1992 1168 2088 1229 qnam
2120 1167 2213 1211 suurn

208 1241 288 1305 senti
315 1240 397 1303 vitae
425 1236 572 1318 fovendae
593 1257 630 1301 ac
651 1238 848 1300 sustinendae
873 1237 1062 1314 necessaria,
1092 1256 1187 1316 qnam
1239 1233 1442 1316 apostolatum
1469 1233 1639 1315 approbare
1666 1234 1764 1314 vellet,
1797 1255 1830 1299 se
1855 1254 1917 1297 nen
1946 1255 2043 1305 unam
2073 1233 2213 1314 aliquam

207 1330 253 1391 est
273 1323 496 1388 coacervandae
517 1323 551 1386 in
578 1323 670 1386 terris
691 1322 831 1387 eeclesiae
853 1323 1053 1404 apostolieum
1074 1341 1111 1385 ac
1126 1343 1187 1403 pa
1236 1319 1344 1397 urbem
1368 1317 1491 1384 Christo
1517 1321 1734 1400 acquisivisse,
1764 1321 1817 1386 sed
1845 1319 1930 1402 lonnqe
1955 1320 2072 1400 lateque
2098 1340 2214 1400 propa

209 1411 320 1476 storale
341 1430 463 1472 munus.
921 1433 934 1454 ·
1236 1425 1328 1487 qasse
1355 1405 1545 1488 evanqelium
1582 1411 1809 1487 commemorat·
1840 1427 1935 1486 neque
1953 1405 2076 1491 ¹alienis
2100 1404 2215 1486 tunda-

297 1499 346 1558 36.
394 1493 531 1559 Proinde
552 1492 709 1557 Dominus
735 1492 847 1574 quibvs
868 1493 972 1574 poluit
992 1492 1099 1575 elvpiis
1120 1493 1187 1556 eius
1238 1491 1348 1554 mentis
1377 1491 1559 1571 opposuisse
1586 1513 1712 1570 amnas,
1739 1492 1794 1556 sed
1822 1491 1877 1555 ubi
1910 1492 2087 1556 inauditnm
2111 1491 2216 1574 fuerat

208 1582 388 1664 dipnitatem
409 1579 496 1645 nobis
517 1600 608 1660 saepe
629 1579 862 1658 commendavit,
885 1583 920 1642 nt
940 1579 975 1641 in
996 1599 1115 1642 samnio
1137 1578 1188 1641 ho·
1239 1576 1371 1639 Domini
1381 1597 1489 1641 umnen
1501 1573 2214 1663 eeclesiasplantassefflom.15,19etseqq.).

209 1687 283 1733 nore
304 1687 341 1731 ac
362 1667 479 1747 pretio,
509 1671 658 1745 tanquam
678 1684 729 1728 res
750 1665 888 1728 oninium
903 1664 1186 1745 praestantissima,
1240 1661 1339 1726 Missi
1369 1682 1439 1744 erqo
1466 1667 1538 1725 sunt
1564 1663 1708 1744 apostoli,
1734 1665 1788 1745 qui
1817 1663 1918 1728 orbem
1946 1686 1966 1727 a
1993 1662 2154 1744 defectione
2181 1662 2216 1725 in

210 1752 297 1835 apud
323 1772 379 1816 nes
407 1755 491 1816 esset.
542 1749 710 1832 Sinqulare
741 1749 916 1831 beneficium
948 1770 981 1814 sc
1012 1748 1188 1814 hominihus
1239 1768 1344 1812 veram
1362 1747 1425 1810 Dei
1442 1748 1641 1812 obedientiam
1657 1750 1841 1828 reducerent,
1863 1768 2048 1832 reqnuinque
2064 1750 2131 1812 eins
2148 1746 2216 1810 nbi

210 1839 339 1921 larqiri,
361 1838 495 1901 doctmes
517 1837 562 1900 eis
583 1835 757 1913 aeliando,
779 1840 921 1914 testatvr,
942 1835 997 1899 ubi
1018 1834 1099 1899 inhet
1116 1855 1189 1916 pro
1239 1854 1297 1914 qne
1319 1833 1468 1914 evanqelii
1483 1835 1718 1915 praedicatione
1734 1836 1962 1914 consiliarent,-
1984 1836 2039 1912 vel,
2056 1836 2086 1898 si
2102 1833 2214 1910 mavis,

204 1924 332 2006 phetam
347 1923 540 2002 exclamare,
560 1921 709 2003 pulchras
730 1941 795 1985 esse
810 1921 920 2001 pedes,
943 1926 971 1984 et
992 1920 1111 1984 beatnnn
1134 1922 1188 1985 ad
1240 1920 1295 2000 qui
1316 1923 1464 1999 tanquam
1479 1919 1581 1999 primi
1599 1920 1740 1984 ecciesiae
1758 1920 1912 1985 architecti
1929 1922 1997 1985 eins
2012 1921 2216 2002 fundamenta

211 2014 333 2074 ventam
350 2008 603 2072 annuntiantium
625 2027 736 2088 pacem
756 2007 832 2089 (Ies.
854 2011 904 2086 52,
925 2004 976 2090 7),·
999 2028 1095 2087 quum
1117 2026 1189 2087 apo
1239 2005 1274 2068 in
1301 2009 1358 2068 tcto
1379 2005 1493 2068 maredo
1515 2006 1654 2070 iacerent.
1701 2004 1873 2087 Prophetas
1894 2012 1992 2086 vocat,
2021 2027 2081 2069 non
2102 2005 2217 2087 quosli-

211 2094 302 2160 stolvs
330 2093 427 2158 lucan
452 2093 563 2158 mnndi
591 2098 618 2157 et
643 2093 740 2156 saleni
768 2096 866 2156 terrae
885 2093 1024 2156 nominat
1052 2092 1186 2176 (Manh.
1240 2090 1286 2154 bet
1305 2090 1430 2154 divinae
1450 2090 1618 2155 voluntatis
1638 2093 1826 2173 interpretes,
1848 2092 1902 2157 sed
1922 2092 1977 2173 qni
1997 2091 2155 2175 sinpulari
2170 2112 2217 2154 re

214 2178 400 2263 5,13.14).
426 2178 517 2242 xNee
542 2178 736 2262 splendidius
762 2179 873 2242 ornari
893 2183 1015 2259 peterat
1042 2178 1097 2241 hec
1123 2178 1188 2258 effi
1239 2175 1385 2240 vdativne
1406 2175 1584 2240 candebant
1590 2202 1600 2256 ,·
1622 2178 1729 2258 quales
1749 2198 1831 2243 nnine
1851 2178 1897 2242 vel
1916 2177 1997 2242 nnlli
2019 2182 2148 2256 endam,
2171 2176 2218 2241 vel

213 2267 303 2344 dum,
326 2284 421 2346 quam
442 2285 538 2345 quam
559 2264 657 2328 divit:
678 2264 734 2345 qui
750 2284 804 2327 vos
820 2264 918 2342 andd,
942 2285 990 2327 nie
1006 2264 1111 2343 andit,·
1133 2265 1188 2344 qai
1240 2262 1346 2324 minus
1372 2267 1444 2325 sunt
1470 2263 1635 2344 conspicui.
1682 2262 1745 2328 Per
1765 2264 1969 2346 evanqelistas
1997 2283 2047 2327 eos
2073 2263 2216 2345 intelliqv,

212 2370 265 2414 vos
286 2351 410 2431 spernit,
434 2370 482 2414 me
502 2349 621 2432 spernit
641 2348 737 2433 (Luc.
761 2353 808 2427 10,
832 2347 895 2433 16).
941 2348 1003 2413 Sed
1022 2349 1128 2413 nullus
1144 2354 1188 2412 est
1240 2347 1308 2428 qni,
1337 2367 1434 2427 qvam
1460 2348 1608 2430 dipnitate
1635 2355 1732 2414 essent
1764 2350 1911 2432 apostolis
1936 2349 2085 2428 minores,
2118 2349 2218 2430 officio

211 2435 366 2501 illustrior
392 2435 487 2512 laenis,
516 2456 610 2515 quam
643 2435 729 2516 apud
758 2433 897 2498 Paulum
922 2436 958 2498 in
985 2436 1119 2499 senaida
1146 2435 1188 2498 ad
1239 2439 1342 2497 tannen
1367 2433 1509 2514 preximi
1536 2440 1637 2513 erant,
1671 2435 1804 2516 adeoque
1830 2436 1909 2500 vices
1937 2455 2043 2501 emam
2067 2434 2217 2516 qerebaut.

215 2520 389 2588 Corinthios
411 2519 455 2605 (3.
475 2526 508 2584 et
525 2525 553 2584 4.
574 2520 674 2604 cap),
703 2519 758 2583 nbi
778 2519 858 2584 hanc
879 2522 1086 2602 quaestionem
1108 2520 1189 2584 velut
1243 2518 1356 2601 Quales
1372 2519 1502 2599 fuerunt
1523 2519 1636 2599 Lucas,
1662 2521 1846 2601 Timotheus,
1872 2521 1971 2600 Titus,
1995 2526 2022 2585 et
2042 2521 2155 2601 reliqui
2174 2519 2218 2583 si

213 2628 252 2671 en
266 2607 408 2688 professo
429 2611 547 2670 tractat.
593 2605 751 2671 Cantenmt
772 2625 843 2688 erqo
864 2605 946 2669 nihil
967 2606 1116 2689 evanqelii
1131 2607 1189 2669 mi·
1240 2604 1345 2683 miles;
1373 2624 1409 2668 ac
1435 2606 1582 2685 fortassis
1608 2608 1702 2671 etiam
1729 2608 1925 2690 septuaqinta
1952 2605 2111 2688 discipuli,
2139 2624 2217 2686 quos

211 2693 340 2757 nismiv
368 2692 403 2755 in
429 2692 553 2756 ecclesia
579 2692 681 2774 inopis
706 2692 908 2773 praeclarum
939 2696 995 2755 ant
1020 2692 1189 2774 qloriesum
1241 2690 1370 2755 sevmidv
1390 2689 1429 2753 ab
1451 2691 1598 2772 apostolis
1619 2692 1681 2756 loeo
1705 2692 1849 2757 Christus
1870 2693 2051 2776 desipuerit.

212 2798 290 2857 esse,
319 2798 415 2858 quum
444 2778 487 2859 sit
514 2776 744 2842 administratio
771 2779 951 2858 spiritnset
978 2778 1130 2857 institiae,
1162 2783 1190 2842 et
1329 2779 1378 2838 38.
1425 2774 1600 2841 Secundum
1620 2777 1700 2842 hanc
1719 2779 2012 2861 interpretationem,
2039 2797 2116 2859 quae
2136 2775 2216 2840 mihi

211 2865 293 2928 vitae
320 2869 468 2927 aeternae.
518 2863 606 2928 Haec
632 2868 660 2927 et
687 2862 808 2929 similia
829 2884 862 2934 ee
883 2863 1052 2944 pertinent,
1074 2885 1111 2928 ne
1132 2863 1190 2927 illa
1242 2861 1436 2926 etverbiset
1462 2865 1625 2927 sententiae
1649 2862 1747 2929 Pauli
1769 2870 1968 2929 cornseatanea
1990 2864 2125 2941 udatur,
2154 2868 2217 2926 tres

210 2949 428 3032 pubernandae
445 2968 482 3013 ac
500 2950 677 3014 retinendae
688 2969 748 3030 per
764 2949 925 3014 ministres
941 2949 1082 3013 ecclesiae
1099 2950 1188 3028 ratio,
1240 2948 1315 3012 illae
1333 2948 1503 3028 siendiones
1523 2969 1585 3013 nori
1605 2950 1673 3014 ideo
1701 2951 1860 3015 institutae
1880 2952 1916 3015 in
1937 2950 2061 3015 ecclesia
2081 2950 2216 3031 tuerurnt,

213 3056 308 3117 quani
332 3034 489 3098 Dominus
514 3035 549 3098 in
570 3039 755 3116 perpetuum
778 3036 924 3113 sancivit,
954 3035 1042 3117 apud
1069 3055 1125 3099 nes
1145 3036 1190 3098 vi·
1241 3040 1276 3098 ut
1291 3039 1460 3116 perpetuae
1478 3034 1595 3116 forend;
1622 3036 1677 3100 sed
1697 3037 1741 3102 ad
1761 3037 1796 3102 id
1825 3038 1913 3102 niodo
1936 3042 2056 3119 tempus
2077 3055 2136 3117 qno
2157 3035 2217 3100 eri-

212 3122 320 3199 leseat,
348 3140 385 3184 ac
410 3120 479 3201 ipso
500 3121 622 3184 laudan
650 3125 817 3203 mntemptu
838 3120 1006 3186 obsolescat.
1051 3122 1101 3186 Ac
1122 3121 1190 3185 eius
1239 3121 1356 3204 pendae
1382 3124 1470 3184 eram
1497 3121 1651 3201 ecelesiae,
1685 3122 1739 3187 ubi
1766 3122 1870 3187 nullae
1902 3127 1971 3188 arde
1999 3123 2140 3204 tamam,
2172 3119 2219 3184 vel

213 3206 337 3288 quidem
367 3206 531 3270 amessitas
558 3207 755 3286 quamsit,
791 3227 852 3270 non
877 3206 978 3271 verbis
1004 3208 1107 3286 nudo,
1135 3207 1190 3272 sed
1242 3211 1318 3271 certe
1344 3228 1366 3270 a
1392 3205 1482 3270 Mose
1509 3207 1553 3271 ad
1581 3205 1741 3272 Christum
1766 3209 1978 3273 traducendae.
2033 3208 2219 3289 Quanquam

212 3291 360 3373 exennplis
387 3311 518 3372 quoqne,
554 3292 728 3356 declaravit.
781 3291 919 3357 (brineliv
945 3313 1041 3374 quum
1061 3292 1190 3375 plentius
1241 3313 1302 3356 non
1322 3312 1396 3375 aeqe
1416 3292 1492 3372 quin
1514 3294 1666 3374 apostolos
1687 3299 1798 3376 postea
1817 3315 1949 3377 quoqne,
1978 3292 2025 3358 vel
2045 3293 2154 3358 saltem
2173 3313 2219 3357 eo
2312 3341 2316 3352 ,

212 3378 360 3460 affulpere
387 3376 473 3441 vellet
497 3379 638 3444 veritatis
663 3397 739 3441 snae
765 3377 875 3455 lucem,
908 3379 1050 3461 anqelum
1076 3378 1190 3444 ecoelo
1242 3399 1315 3442 rum
1336 3378 1397 3442 loco
1419 3379 1621 3461 evanpelistvs
1642 3379 1797 3445 interdum
1818 3382 1960 3445 excitarit
1981 3379 2081 3460 Deos,
2110 3384 2146 3443 ut
2166 3398 2218 3442 nv·

212 3463 307 3541 vuisit,
329 3463 383 3543 qui
405 3484 475 3526 enm
496 3463 538 3527 ad
555 3463 580 3548 ¹)
605 3463 734 3528 Petrum
754 3465 938 3528 amandaret
965 3463 1051 3549 (Aet.
1075 3469 1123 3544 10,
1145 3463 1189 3549 3).
1243 3470 1306 3528 stre
1332 3468 1463 3545 tempore
1487 3466 1605 3545 factum
1626 3470 1678 3529 est.
1725 3465 1856 3530 Talibus
1884 3467 1966 3531 enim
1987 3466 2042 3545 qui
2063 3465 2220 3529 ecclesiam

216 3548 353 3613 Panlurn
375 3570 471 3629 quum
493 3549 536 3613 ad
556 3551 698 3614 notitiam
718 3550 770 3613 sni
792 3569 907 3628 vocare,
930 3570 967 3614 ac
983 3552 1018 3613 in
1035 3551 1191 3615 ecelesiam
1244 3550 1283 3614 ab
1305 3548 1479 3614 antichristi
1499 3551 1663 3636 defectione
1683 3553 1858 3617 reducerent
1883 3573 1961 3634 opus
1980 3552 2051 3633 fuit.
2098 3551 2219 3614 Munus

213 3635 346 3698 inserere
373 3634 472 3713 vellet,
492 3655 552 3699 non
574 3655 635 3699 sna
656 3636 759 3717 qrsius
780 3655 848 3700 voce
869 3636 1050 3717 alloquitur,
1073 3637 1128 3701 sed
1149 3635 1191 3701 ad
1244 3641 1346 3700 tamen
1366 3636 1472 3717 ipsum
1486 3635 1689 3701 nihilominus
1700 3638 1986 3703 extraordinarium
2002 3636 2129 3718 appello,
2142 3637 2220 3715 quia

215 3719 367 3784 hominem
388 3721 528 3798 remittit,
550 3743 571 3784 a
593 3742 651 3802 quo
673 3725 701 3785 et
721 3720 834 3785 salvtis
855 3722 1041 3801 doctrinam,
1071 3728 1099 3786 et
1119 3723 1192 3803 bap
1244 3723 1279 3785 in
1308 3719 1443 3785 eeclesiis
1468 3722 1527 3785 rite
1555 3723 1726 3787 constitutis
1746 3725 1843 3789 locum
1863 3744 1923 3788 nvn
1944 3722 2038 3786 habet.
2080 3721 2220 3802 Sequim-

217 3805 302 3867 tismi
331 3807 599 3890 suindifieationem
626 3808 782 3889 percipiat
811 3806 900 3891 (Aet.
921 3813 949 3886 9,
970 3806 1013 3892 6).
1067 3807 1105 3872 Si
1131 3829 1192 3872 non
1244 3813 1296 3870 tnr
1311 3813 1456 3888 pastores
1483 3828 1520 3871 ac
1540 3808 1689 3888 dectores,
1718 3809 1831 3890 quibus
1852 3830 1955 3874 carere
1973 3827 2134 3888 numnam
2150 3813 2219 3889 pot-

217 3894 325 3953 temere
349 3891 397 3970 tit,
428 3892 508 3970 'quod
534 3893 675 3974 anqelns,
709 3894 766 3974 qui
791 3891 855 3956 Dei
882 3899 927 3957 est
955 3895 1119 3975 interpres,
1153 3893 1191 3957 ab
1243 3898 1288 3958 est
1308 3893 1448 3972 eedesia5
1469 3895 1551 3957 inter
1571 3914 1647 3974 qnos
1667 3893 1721 3960 hoc
1742 3895 1935 3960 discriminis
1951 3913 2016 3959 esse
2032 3899 2119 3974 puto,
2137 3894 2220 3975 qnod
2307 3890 2312 3901 ’

217 3977 396 4038 amrranda
423 3976 486 4040 Dei
513 3979 665 4042 voluntate
692 3979 758 4059 ipse
779 3978 921 4057 abstinet,
949 3979 1101 4044 hominem
1123 3999 1191 4044 vero
1243 3980 1390 4057 doctores,
1418 3999 1471 4044 nec
1499 3978 1697 4061 disciplinae,
1724 4002 1778 4046 nec
1802 3985 2063 4047 sacrammtvruni
2085 3979 2221 4044 admiini-

206 4059 298 4124 'iubet
318 4062 465 4124 accersiri
486 4064 542 4142 qui
563 4084 631 4126 eam
652 4069 788 4143 eriarret;
809 4065 891 4144 quod
905 4063 1057 4143 Christus,
1080 4067 1192 4130 unicus
1244 4065 1402 4144 strationi,
1436 4066 1734 4130 ammonitionibus
1766 4073 1820 4133 aut
1847 4065 2106 4131 exhortationibus
2126 4086 2221 4147 prae·

214 4145 355 4228 fidelium
376 4147 531 4227 mapister,
554 4148 688 4213 heminis
704 4151 882 4232 maqisteriv
903 4150 1041 4215 Paulum
1058 4153 1192 4215 eornmit·
1243 4155 1329 4229 sunl,
1351 4149 1406 4214 sed
1426 4152 1600 4232 scripturae
1621 4156 1741 4216 tantum
1762 4153 2020 4235 interpretationi,
2042 4156 2077 4215 nt
2097 4153 2220 4215 sincera

216 4233 269 4311 tit,
293 4236 321 4296 et
343 4230 481 4296 Paulum
502 4233 605 4313 illum,
628 4255 716 4315 quem
738 4237 771 4299 in
794 4237 917 4300 tertiinm
938 4237 1052 4301 evelrnvi
1072 4257 1190 4318 rapere,
1243 4256 1381 4316 sanaque
1406 4237 1545 4302 doctrina
1581 4237 1662 4301 inter
1691 4227 1797 4320 fiddes
1829 4240 2006 4305 retineatur.
2058 4236 2220 4303 Pastoralc

217 4318 403 4399 etmiriftca
423 4338 528 4381 rerum
544 4320 749 4401 ineffabilium
776 4321 957 4386 revelatione
978 4324 1105 4406 dipaari
1125 4342 1192 4386 coin
1244 4323 1346 4386 autem
1368 4342 1482 4387 munus
1501 4322 1575 4386 haec
1596 4325 1701 4389 omnia
1723 4327 1756 4389 in
1778 4346 1811 4390 se
1832 4327 1969 4390 continet.

217 4404 374 4469 stituerat:
404 4404 475 4485 quis
496 4424 578 4468 nune
598 4410 780 4472 maranae
806 4408 1015 4472 ministerium
1036 4408 1116 4472 illud
1137 4428 1192 4471 aa
1332 4411 1380 4472 39.
1421 4409 1587 4473 ,Habemus
1614 4431 1693 4490 qnae
1719 4412 1754 4474 in
1775 4411 1916 4476 ecclesim
1941 4411 2090 4494 reqimine
2110 4406 2220 4489 tempo-

217 4491 300 4568 deal,
328 4490 375 4555 vel
406 4491 499 4569 qnasi
526 4510 751 4571 seqrervaenum
772 4495 957 4573 praeterire,
988 4494 1078 4557 cuins
1098 4513 1192 4557 nsum
1244 4494 1336 4557 raria
1368 4494 1545 4559 ministeria
1576 4496 1706 4576 fuerim,
1741 4501 1767 4560 et
1798 4517 1877 4577 qnae
1906 4497 1973 4561 ideo
2000 4496 2155 4573 instituta,
2185 4499 2220 4557 nt

211 4576 331 4640 'talibus
353 4576 540 4640 documentis
562 4579 703 4641 testatum
723 4578 824 4659 facere
845 4578 935 4643 Deus
956 4579 1075 4643 valuit?
1239 4584 1387 4661 perpetuo
1416 4579 1533 4644 durent.
1589 4581 1676 4662 Quod
1701 4582 1732 4644 si
1758 4582 1960 4665 evoniqelistas
1984 4580 2131 4663 apostolis
2151 4579 2220 4642 iun-

306 4665 354 4725 37.
403 4662 465 4743 Qui
484 4663 626 4728 ecclesiae
646 4663 790 4745 reqimini
818 4665 986 4729 seninndnm
1009 4662 1127 4729 Christi
1147 4665 1194 4728 iri
1241 4686 1369 4747 qam-ns,
1397 4666 1553 4731 restabunt
1573 4667 1661 4730 nobis
1681 4667 1742 4732 dvo
1758 4669 1871 4749 paria,
1899 4667 2120 4748 quodammodo
2140 4666 2221 4728 inter

217 4746 402 4811 stitutionem
413 4750 566 4829 praesint,
588 4750 787 4813 nominantur
804 4769 825 4811 a
845 4748 945 4813 Panlo
961 4751 1105 4831 primuni
1121 4771 1193 4832 apv-
1244 4772 1277 4815 se
1308 4752 1532 4833 respondentia.
1586 4752 1687 4833 Quaen
1724 4755 1806 4818 enim
1844 4754 2083 4820 similitudmem
2097 4828 2099 4834 Ι
2112 4749 2222 4815 habeat

217 4832 302 4910 stoli,
332 4833 440 4898 duride
460 4834 640 4917 prophelae,
662 4835 750 4899 tertio
771 4834 987 4917 evanqelistae,
1009 4841 1118 4916 quarte
1133 4858 1194 4918 pa
1245 4838 1344 4900 nestri
1376 4839 1509 4903 doctores
1536 4858 1606 4903 eum
1634 4838 1784 4903 veteribus
1807 4840 1981 4921 prophetis,
2015 4859 2084 4903 eam
2113 4837 2222 4902 hahent

218 4922 328 4996 stores,
351 4924 504 4999 postrema
531 4922 673 4986 dederes.
716 4919 771 4985 En
791 4920 903 5002 quibus
923 4921 983 4986 dua
1006 4927 1125 4986 teritum
1146 4923 1194 4986 ul-
1245 4943 1314 4986 cnm
1336 4923 1483 5005 apostolis
1498 4929 1650 5006 pastores.
1694 4924 1903 4989 Excellentius
1922 4926 1985 5007 suit
2007 4923 2223 5006 propheticum

218 5003 288 5067 timi
313 5005 510 5072 ordinarium
535 5008 570 5072 in
596 5007 720 5075 ecclesia
748 5026 862 5072 munus
884 5005 1008 5072 habent:
1036 5008 1115 5073 ahias
1132 5014 1193 5072 tres
1244 5028 1368 5087 munna,
1385 5015 1513 5091 propter
1533 5009 1693 5092 stipulare
1717 5010 1911 5075 revelationis
1939 5011 2053 5075 donum
2074 5030 2134 5090 quo
2152 5008 2223 5091 pvl-

1230 5094 1359 5172 lehant;
1386 5095 1440 5158 sed
1464 5095 1621 5160 doctorum
1644 5096 1781 5177 officium
1809 5097 1943 5161 similem
1969 5097 2035 5176 sere
2060 5095 2222 5174 rationem,

1245 5184 1274 5245 et
1293 5200 1391 5243 unum
1410 5201 1547 5260 proruis
1565 5182 1658 5261 finem
1679 5181 1774 5246 habet.
1819 5182 1872 5246 Ita
1893 5183 2052 5247 duodecim
2073 5181 2124 5244 illi
2145 5199 2223 5261 quos
2254 5217 2256 5228 ι

288 5276 318 5342 1)
335 5277 369 5327 ad
388 5292 448 5330 eum
467 5277 535 5332 1545
553 5296 622 5351 seqq.
1245 5264 1404 5330 Dominus
1420 5265 1516 5349 clepit,
1533 5271 1569 5330 ut
1584 5287 1696 5331 novara
1712 5268 1862 5352 evanqelii
1872 5268 2137 5350 praedicationem
2153 5264 2223 5331 orbi

219 5175 422 5186 ——s—-m
