4770 6030
205 337 268 399 429

205 434 524 586 souaoacecp

204 522 319 589 Prima
346 529 411 601 est,
439 532 476 587 ut
526 545 583 587 um
610 523 768 587 iustitiam
791 521 855 585 Dei
878 520 1033 599 ostendit,
1060 520 1095 585 id
1121 527 1180 598 est,

205 630 287 691 quae
314 608 383 674 sola
404 608 476 673 Dec
498 616 631 690 accepta
652 616 715 685 est,
740 628 817 672 suae
844 628 1108 688 unumquemque
1129 607 1180 671 in·

203 697 346 760 iustitiae
368 693 550 773 admoneat,
573 697 743 759 certiorem
764 693 871 770 faciat,
895 694 1069 758 convincat
1089 692 1181 757 deni-

204 802 282 863 que,
306 801 344 847 ac
365 779 569 846 condemnet.
615 778 670 844 Sic
693 780 781 843 enim
804 799 885 860 opus
908 788 972 857 est,
997 799 1130 843 caecum
1148 788 1181 842 et

204 867 331 931 ebrium
360 888 470 931 amore
497 867 548 931 sui
584 866 749 930 hominem
777 864 818 928 ad
846 866 994 930 notitiam
1023 863 1120 929 simul
1148 871 1182 929 et

205 953 438 1020 confessionem
461 974 539 1027 suae
561 962 631 1015 turn
654 948 892 1028 imbecillitatis,
917 957 988 1013 tum
1010 950 1181 1031 impurita-

204 1039 246 1103 tis
269 1038 364 1121 adigi.
409 1037 483 1102 Nisi
504 1039 632 1102 vanitas
661 1038 731 1101 eius
759 1036 927 1100 evidenter
953 1035 1180 1118 redarguatur,

205 1125 322 1189 insana
349 1125 468 1187 virium
496 1145 631 1188 suarum
653 1121 849 1186 confidentia
874 1122 1007 1186 inflatus
1029 1130 1091 1198 est,
1120 1142 1181 1186 nec

205 1209 322 1275 adduci
350 1231 495 1291 unquam
517 1219 638 1291 potest,
668 1217 706 1272 ut
728 1207 768 1271 dc
790 1229 903 1272 aarum
925 1209 1084 1271 tenuitate
1107 1229 1181 1272 seu·

206 1298 280 1373 tiat,
308 1296 499 1378 quantisper
527 1316 582 1359 eas
605 1294 731 1359 arbit1ii
753 1295 803 1358 sui
829 1293 924 1357 modo
946 1295 1089 1357 metitur.
1135 1294 1182 1358 At

206 1383 261 1464 qui
283 1381 381 1446 simul
402 1403 457 1445 eas
479 1402 667 1462 comparare
689 1380 730 1444 ad
757 1379 839 1462 legis
862 1378 1087 1444 difficultatem
1109 1400 1180 1444 coe·

206 1468 266 1550 pit,
296 1467 396 1531 habet
422 1467 487 1531 illic
521 1466 606 1548 quod
640 1467 792 1531 ferociam
825 1460 960 1529 minuat.
1006 1464 1181 1546 Utcunque

206 1555 294 1617 anim
316 1555 483 1634 ingentem
501 1552 541 1616 de
560 1552 600 1616 iis
618 1553 803 1633 opinionem
823 1552 1084 1633 praesumpserit,
1103 1572 1181 1615 mox

205 1650 315 1704 tamen
338 1660 393 1702 aas
415 1639 475 1702 sub
492 1645 583 1701 tanto
601 1637 743 1718 pondere
762 1636 917 1701 anhelare
936 1639 1044 1713 sentit,
1064 1636 1181 1702 deiude

205 1726 346 1789 titubare
364 1746 400 1789 ac
420 1724 593 1801 labascere,
616 1722 749 1801 tandem
768 1722 935 1788 concidere
953 1725 1052 1787 etiam
1069 1745 1106 1787 ac
1125 1722 1180 1787 de·

204 1812 309 1876 ficere.
356 1808 412 1876 Sic
443 1809 525 1892 legis
557 1810 745 1892 magisterio
778 1808 925 1873 eruditus
958 1811 1049 1873 exuit
1079 1809 1179 1884 illam,

205 1919 268 1979 qua
286 1897 377 1979 prius
394 1897 602 1974 caecutiebat,
627 1896 856 1977 arrogantiam.
891 1893 1050 1959 Similiter
1068 1895 1178 1971 altero,

205 2004 268 2065 quo
290 1985 398 2064 ipsum
419 1982 568 2046 laborare
590 1981 787 2058 dictumest,
811 1981 981 2062 superbiae
999 1981 1110 2045 morbo
1129 2002 1180 2045 sa-

204 2067 333 2132 nandus
355 2076 412 2132 est.
458 2065 623 2147 Quamdiu
647 2067 764 2132 indicio
786 2089 844 2130 suo
866 2073 953 2131 stare
971 2068 1179 2149 permittitur,

205 2155 393 2239 hypocrisin
410 2154 666 2218 comminiscitur
685 2174 745 2234 pro
766 2153 905 2231 iustitia;
927 2174 992 2235 qua
1009 2160 1181 2217 contentus

205 2240 336 2305 factitiis
358 2240 466 2304 neseio
488 2239 605 2320 quibus
626 2239 757 2303 iustitiis
780 2237 937 2303 adversus
954 2240 1020 2303 Dei
1041 2239 1181 2321 gratiam

956 330 1078 417 ,aaa
1100 330 1165 396 m
1208 330 1273 397 aa
1295 323 1433 436 urea.

2027 318 2033 334 '
2144 333 2208 397 430

1233 520 1345 584 scribit
1366 519 1572 602 Augustinus
1584 518 1609 601 ¹)
1632 520 1660 584 si
1682 519 1767 585 desit
1787 521 1920 602 spiritus
1937 520 2071 602 gratiae,
2093 521 2129 584 in
2147 520 2208 586 hoo

1233 612 1363 669 tantum
1384 604 1477 670 adast
1496 612 1535 668 ut
1556 626 1628 670 reos
1649 605 1748 671 faciat
1770 621 1803 671 et
1823 604 1955 672 occidat.

1320 694 1369 755 96.
1415 690 1455 755 Id
1478 698 1588 757 autem
1609 712 1711 773 quum
1733 691 1859 768 dicitur,
1882 713 1943 757 nec
1960 692 2139 774 ignominia
2160 692 2208 758 ad·

1232 777 1342 843 ficitur
1362 777 1432 855 lex,
1467 798 1528 842 nec
1549 778 1619 842 eius
1645 777 1778 859 quidem
1800 777 2011 844 excellentiae
2032 776 2210 859 quidquam

1234 863 1417 945 derogatur.
1426 861 1456 946 ²)
1501 860 1591 927 Sana
1618 863 1644 927 si
1667 863 1819 928 voluntas
1846 874 1959 929 nostra
1986 872 2055 927 tota
2082 865 2117 926 in
2139 866 2209 930 eim
2282 912 2284 916 ,

1233 947 1450 1013 obedientiam
1476 948 1616 1014 formata
1638 951 1878 1031 compositaque
1899 950 1995 1027 foret,
2023 949 2120 1032 plane
2142 951 2209 1015 iam

1234 1033 1275 1098 ad
1297 1034 1437 1098 salutem
1458 1034 1622 1099 sufficeret
1648 1035 1717 1099 sola
1744 1037 1845 1118 ipsius
1867 1038 2024 1124 cogniti03
2053 1042 2087 1098 at
2107 1057 2210 1118 quum

1233 1128 1353 1183 natura
1385 1126 1497 1192 nostra
1530 1121 1670 1185 camalis
1697 1131 1730 1184 ct
1761 1129 1914 1204 corrupta
1946 1144 2021 1187 cum
2048 1121 2209 1202 spirituali

1232 1205 1297 1270 Dei
1319 1205 1391 1288 lege
1411 1206 1572 1270 hostiliter
1593 1217 1725 1290 pugnet,
1748 1229 1808 1273 nec
1828 1208 1897 1273 eius
1920 1208 2092 1289 disciplina
2114 1206 2208 1290 quid-

1233 1312 1332 1373 quam
1360 1290 1565 1370 emendetur,
1591 1300 1739 1375 superest
1761 1300 1798 1357 ut
1822 1293 1877 1358 lex
1897 1315 1980 1376 quae
2006 1293 2042 1357 in
2070 1293 2210 1358 salutem

1234 1377 1277 1462 (si
1305 1377 1469 1442 auditores
1501 1378 1634 1475 idoneop
1661 1386 1758 1443 nacta
1790 1378 1919 1464 fuisset)
1955 1379 2030 1444 data
2059 1387 2144 1457 erat,
2173 1379 2208 1443 in

1232 1464 1356 1544 peccati
1378 1471 1411 1528 et
1431 1465 1545 1528 mortis
1567 1466 1768 1529 occasionem
1789 1465 1891 1530 cedat.
1936 1463 2210 1547 Quandoquidem

1233 1550 1321 1612 enim
1354 1568 1467 1614 omnes
1500 1550 1569 1614 eius
1599 1558 1840 1634 trangressores
1872 1573 1943 1616 esse
1975 1550 2208 1631 convincimur,

1233 1654 1296 1716 quo
1317 1635 1475 1699 iustitiam
1492 1635 1556 1699 Dei
1575 1637 1694 1701 clarius
1712 1650 1843 1711 reserat,
1868 1659 1905 1701 eo
1922 1646 2068 1702 nostram
2086 1659 2127 1702 ex
2150 1637 2208 1702 ad·

1232 1742 1327 1784 verso
1356 1721 1561 1802 iniquitatem
1589 1723 1695 1805 magis
1717 1721 1854 1806 detegit3
1883 1745 1945 1806 quo
1967 1724 2054 1789 vitae
2077 1723 2207 1789 salutis·

1233 1826 1296 1887 que
1317 1808 1499 1887 praemium
1520 1809 1662 1873 iustitiae
1684 1811 1862 1894 repositum
1884 1811 2004 1874 certius
2026 1812 2206 1888 confirmat,

1233 1913 1285 1965 eo,
1300 1894 1472 1958 certiorem
1499 1894 1684 1975 iniquorum
1711 1896 1932 1961 confusionem
1960 1894 2074 1959 reddit.
2119 1896 2207 1960 Tan·

1233 1985 1304 2041 tum
1336 1999 1413 2061 ergo
1447 1979 1552 2054 abest,
1586 1981 1665 2062 quin
1694 1981 1758 2064 legi
1790 1982 2024 2047 contumeliosa
2050 1983 2116 2046 sint
2145 1982 2209 2046 ista

1233 2064 1347 2147 elogia,
1371 2073 1408 2128 ut
1429 2063 1471 2128 ud
1492 2065 1702 2130 illustriorem
1722 2067 1848 2132 dictricte
1867 2067 2099 2132 beneficentiae
2120 2089 2208 2132 com·

1233 2149 1475 2214 mandationem
1494 2151 1673 2233 plurimum
1693 2153 1834 2217 valeant.
1868 2154 1954 2217 Nam
1972 2153 2049 2217 inde
2066 2153 2209 2236 profecto

1233 2244 1333 2318 patet,
1351 2243 1464 2300 nostra
1480 2238 1625 2318 nequitia
1642 2247 1675 2301 et
1691 2240 1853 2320 pravitate
1873 2260 1932 2304 nos
1949 2239 2109 2323 impediri,
2130 2261 2209 2321 quo-

206 2328 349 2409 erigitur.
394 2326 574 2406 Postquam
596 2345 673 2389 vero
701 2323 752 2388 ad
768 2324 850 2406 legis
878 2326 1037 2388 trutinam
1056 2325 1181 2388 exami-
1233 2322 1452 2386 minus'vitae
1473 2322 1673 2387 beatitudine
1696 2345 1754 2405 per
1776 2324 1883 2408 legem
1902 2326 1938 2387 in
1960 2326 2131 2407 propatulo
2151 2346 2208 2408 po-

205 2435 284 2477 nare
310 2413 412 2477 vitam
443 2433 537 2475 suam
564 2411 703 2493 cogitur,
733 2411 853 2474 omissa
875 2411 1115 2474 commentitiae
1141 2410 1180 2473 il-
1234 2407 1297 2472 sita
1318 2407 1474 2472 fruamur.
1519 2407 1616 2475 Unde
1639 2411 1770 2475 suavior
1796 2409 1944 2474 redditur
1966 2433 2048 2493 quae
2071 2412 2141 2476 sinc
2162 2410 2210 2476 le÷

206 2498 268 2562 lius
290 2498 431 2562 iustitiae
453 2497 731 2579 praesumptione,
760 2496 918 2559 immenso
940 2496 1045 2577 spatio
1067 2518 1101 2560 sc
1124 2496 1181 2560 ab·
1234 2493 1284 2576 gis
1307 2493 1449 2559 subsidio
1471 2495 1564 2560 nobis
1587 2496 1747 2561 succurrit
1763 2496 1827 2560 Dei
1850 2497 1964 2578 gratia,
1987 2505 2020 2561 et
2040 2498 2211 2562 amabilior

206 2606 275 2649 esse
304 2606 324 2647 a
359 2584 531 2648 sanctitate
565 2583 681 2660 cemit;
715 2603 830 2646 rursus
862 2582 1000 2646 infinitis
1029 2582 1116 2646 vitiis
1145 2603 1180 2646 se
1234 2600 1316 2660 quae
1338 2579 1429 2644 illam
1452 2580 1544 2645 nobis
1562 2582 1687 2646 confert
1703 2581 1938 2646 misericordia:
1964 2603 2028 2663 qua
2046 2582 2209 2662 discimus,

205 2670 385 2746 abundare,
410 2669 525 2751 quibus
548 2689 650 2749 purus
672 2679 769 2731 antea
790 2665 971 2732 videbatur.
1001 2668 1085 2735 Tam
1105 2688 1180 2749 pro·
1234 2664 1411 2730 identidem
1443 2666 1675 2732 benefaciendo
1707 2675 1740 2732 ct
1777 2688 1863 2733 nova
1896 2666 1981 2731 dona
2011 2668 2209 2734 cumulando

204 2756 314 2820 fundis
347 2756 434 2819 enim
472 2776 510 2819 ac
544 2754 683 2817 sinuosis
725 2753 904 2818 recessibus
937 2752 1181 2818 absconduntur
1234 2771 1403 2832 nunquam
1424 2752 1564 2835 fatigari.

204 2842 483 2923 concupiscentiae
514 2839 615 2916 mala,
649 2847 686 2902 ut
716 2839 858 2903 hominis
887 2847 1054 2921 aspectum
1087 2839 1181 2904 facile
1320 2841 1370 2900 97.
1415 2835 1513 2917 Quod
1535 2846 1645 2904 autern
1668 2840 1813 2903 omnium
1830 2846 1979 2904 nostrum
2000 2840 2156 2921 iniquitas
2178 2848 2211 2904 et

203 2927 327 2991 fallant.
372 2928 441 2991 Nec
469 2927 539 3011 sine
560 2946 658 2990 causa
680 2923 757 2989 dicit
780 2924 944 3006 apostolus
966 2925 1076 3009 (Rom,
1097 2929 1125 3004 7,
1146 2925 1180 3010 7)
1234 2921 1399 2987 damnatio
1427 2924 1509 3007 legis
1531 2926 1715 2990 testimomo
1738 2927 1962 3008 consignatm,
1991 2947 2057 2989 non
2079 2924 2151 2989 ideo
2171 2926 2211 2990 fit

204 3036 239 3078 se
262 3013 554 3094 concupiscentiam
575 3013 758 3093 ignorasse,
787 3011 850 3075 nisi
872 3011 927 3076 lex
949 3011 1082 3076 diceret:
1114 3033 1180 3076 non
1234 3008 1277 3092 (si
1300 3015 1412 3074 tamen
1434 3011 1495 3073 rite
1522 3011 1558 3074 in
1579 3033 1618 3075 ea
1639 3010 1841 3095 proficimus)
1864 3020 1901 3075 ut
1923 3011 2131 3077 concidamus
2153 3010 2236 3076 de-·

205 3099 426 3179 concupisces;
455 3099 545 3179 quia,
568 3099 632 3161 nisi
654 3118 713 3178 per
734 3096 826 3161 illam
848 3105 1015 3180 retegatur
1037 3118 1079 3161 ex
1099 3098 1179 3162 late·
1233 3096 1426 3177 speratione,
1450 3118 1487 3160 ac
1510 3095 1678 3179 desponsio
1700 3097 1817 3161 animis
1838 3098 1874 3160 in
1897 3098 2123 3180 praecipitium
2140 3119 2211 3163 cor·

204 3187 272 3250 bris
294 3185 370 3261 suis,
393 3184 549 3248 occultius
571 3185 727 3248 miserum
750 3182 916 3247 hominem
938 3182 1058 3264 perdit,
1081 3205 1180 3265 quam
1232 3202 1375 3246 ruamus.
1420 3181 1462 3245 In
1483 3182 1572 3248 hunc
1593 3190 1680 3248 certe
1707 3183 1841 3247 modum
1868 3183 1958 3248 illinc
1980 3184 2210 3248 exanimantur

204 3271 238 3336 id
261 3270 391 3335 exitiale
413 3271 482 3333 eius
504 3269 606 3334 telum
629 3270 797 3334 sentiatur.
1233 3267 1376 3349 reprobi,
1404 3265 1462 3332 sed
1490 3269 1530 3333 ob
1559 3269 1661 3334 animi
1686 3269 1945 3334 obstinationem.
1998 3269 2098 3350 Apud
2126 3264 2211 3335 filios

292 3362 341 3419 95.
376 3355 429 3419 Ita
450 3355 505 3419 lex
526 3356 631 3420 instar
641 3363 691 3420 ast
713 3354 835 3437 speculi
858 3354 1036 3432 cuiusdam,
1059 3357 1094 3419 in
1117 3377 1179 3438 quo
1233 3353 1298 3418 Dei
1319 3353 1421 3417 alium
1443 3375 1513 3420 esse
1535 3354 1726 3420 eruditionis
1742 3355 1843 3420 finem
1860 3355 2020 3419 convenit.
2052 3354 2122 3419 Nos
2139 3355 2212 3439 qui7

205 3453 351 3507 nostram
372 3441 612 3523 impotentiam,
644 3452 715 3506 tum
738 3463 779 3505 er
803 3441 864 3506 hac
885 3442 1099 3522 iniquitatem,
1122 3463 1180 3524 po-
1235 3438 1309 3503 dem
1337 3438 1455 3504 iudicio
1481 3440 1564 3524 legis
1592 3440 1764 3506 damnatos
1786 3462 1856 3505 esse
1886 3446 2025 3504 testatur
2046 3439 2211 3520 apostolus
2303 3466 2306 3472 ·

205 3538 326 3593 stremc
364 3549 406 3591 ex
439 3537 576 3608 utraque
613 3526 874 3592 maledictionem
907 3528 1180 3610 contemplamur;
1234 3523 1393 3608 (Rome,
1416 3524 1487 3609 19),
1515 3549 1578 3609 quo
1599 3548 1696 3591 omne
1723 3548 1759 3590 os
1787 3527 1976 3591 obstruatur
1996 3532 2029 3589 et
2049 3526 2210 3593 obnoxium

205 3613 478 3696 quemadmodum
507 3613 572 3676 oris
599 3615 702 3678 nostri
729 3613 875 3678 maculas
898 3613 1066 3694 speculum
1088 3614 1181 3679 nobis
1233 3609 1389 3674 reddatur
1422 3612 1527 3677 omnis
1560 3613 1702 3677 mundus
1733 3612 1814 3677 Deo.
1870 3611 1964 3676 Idem
1995 3619 2106 3676 tamen
2133 3611 2211 3678 alibi

205 3707 436 3782 repraesentat.
482 3697 590 3778 Quem
611 3699 698 3763 enim
727 3699 769 3763 ad
795 3698 993 3780 sequendam
1023 3699 1181 3764 iustitiam
1234 3696 1344 3780 (Rom.
1368 3701 1416 3776 ll,
1436 3697 1492 3780 32)
1515 3697 1616 3777 docet,
1638 3699 1749 3763 Deum
1768 3719 1880 3764 omnes
1902 3699 1962 3764 sub
1982 3697 2210 3763 incredulitate

206 3786 353 3851 destituit
369 3784 514 3862 facultas,
539 3784 591 3848 hic
613 3785 648 3848 in
664 3785 733 3849 luto
751 3795 957 3867 peccatorum
975 3784 1109 3849 haereat
1125 3785 1181 3849 de-
1234 3781 1445 3862 conclusissa,
1467 3805 1534 3848 non
1556 3791 1593 3848 ut
1613 3782 1743 3866 perdat,
1773 3791 1830 3848 aut
1851 3806 1963 3849 omnes
1984 3785 2091 3866 perire
2113 3785 2208 3863 sinat,

205 3874 305 3948 fmus,
340 3892 471 3936 necesse
500 3879 558 3934 est.
608 3871 785 3935 Peccatum
812 3871 965 3936 continuo
999 3870 1181 3936 maledictio
1234 3867 1291 3932 scd
1313 3877 1350 3932 ut
1371 3870 1517 3934 omnium
1536 3870 1739 3945 misereatur.
1773 3869 1900 3952 Nempe
1921 3879 1967 3947 ut,
1990 3871 2110 3935 omissa
2132 3891 2210 3935 suae

206 3960 359 4040 sequitur
403 3956 496 4033 Ideo,
525 3978 588 4037 quo
617 3957 748 4021 maioris
777 3957 1045 4039 transgressionis
1068 3956 1182 4040 dcpre·
1206 4008 1208 4015 .
1234 3954 1365 4019 virtutis
1393 3954 1511 4019 stolida
1531 3954 1692 4039 opimone,
1715 3956 1784 4020 sola
1805 3956 1870 4020 Dei
1893 3977 1994 4020 manu
2012 3964 2099 4021 staro
2121 3978 2155 4020 se
2177 3962 2210 4020 at

206 4043 324 4109 hensos
352 4044 577 4125 convictosque
604 4042 659 4106 lex
687 4048 790 4120 tenet,
825 4065 863 4107 ec
897 4043 1057 4126 gravioris
1084 4043 1182 4107 simul
1218 4041 1411 4105 'consistere
1433 4041 1633 4124 intelligant,
1662 4049 1700 4106 ut
1718 4041 1798 4106 nudr¹
1820 4049 1854 4105 et
1874 4043 1969 4109 vacui
1992 4041 2034 4106 ad
2056 4043 2126 4106 eius
2147 4042 2209 4105 mi·

205 4129 316 4194 iudicii
354 4152 426 4194 reos
459 4131 534 4212 agit.
590 4129 667 4192 Huc
707 4130 849 4209 pertinet
887 4128 1024 4209 apostoli
1060 4127 1181 4194 dictum
1234 4125 1443 4191 sericordiam
1464 4128 1663 4210 conbrgiant,
1686 4129 1721 4192 in
1743 4128 1829 4194 banc
1852 4149 1886 4192 se
1908 4128 1966 4192 toti
1983 4128 2151 4204 reclinent,
2173 4127 2210 4190 in

206 4215 315 4299 (Rom.
342 4219 370 4293 3,
395 4217 460 4299 20),
490 4213 575 4297 quod
598 4235 657 4296 per
679 4214 785 4296 legem
807 4224 857 4278 est
879 4215 1020 4297 cognitio
1048 4215 1180 4295 peccati.
1235 4212 1320 4277 hanc
1342 4213 1472 4295 penitus
1494 4235 1530 4277 se
1551 4212 1687 4293 abdant,
1716 4213 1803 4279 hanc
1824 4235 1926 4279 unam
1951 4235 2011 4296 pro
2031 4212 2156 4278 institia
2176 4218 2209 4275 ct

1234 4299 1359 4363 meritis
1382 4300 1550 4381 arripiant,
1573 4320 1656 4382 quae
1678 4300 1829 4365 omnibus
1850 4301 1886 4363 in
1908 4299 2040 4365 Christo
2063 4297 2220 4379 erposita¹

205 4303 356 4366 Primum
383 4301 472 4365 enim
493 4301 562 4365 eius
590 4301 733 4365 officinm
759 4300 825 4364 illic
846 4308 975 4364 tantum
997 4308 1103 4378 notat,
1126 4322 1182 4365 cu·
1206 4326 1209 4431 1
1362 4388 1368 4400 ο

1235 4391 1293 4462 ast,
1315 4406 1499 4468 quicunque
1520 4407 1593 4450 eam
1614 4407 1693 4452 vera
1714 4384 1779 4451 fide
1800 4393 1835 4450 et
1852 4391 2010 4485 expetunt
2026 4391 2059 4448 ct
2075 4403 2209 4464 exspec-

205 4387 256 4451 ius
283 4389 544 4468 experimentum
569 4395 619 4451 est
644 4388 680 4449 in
706 4386 929 4467 peccatoribus
957 4385 1103 4449 nondum
1130 4408 1182 4451 re·

207 4474 378 4556 generatis.
429 4473 517 4537 Huic
551 4473 722 4537 coniuncta
752 4480 829 4535 sunt
859 4473 936 4536 ista:
972 4471 1079 4554 legem
1112 4492 1182 4538 esse
1234 4477 1315 4535 tant
1360 4471 1523 4536 Dominus
1551 4471 1640 4536 anim
1664 4473 1700 4537 in
1721 4472 1794 4556 lega
1822 4473 1954 4536 nonmsi
1977 4470 2139 4553 perfectae
2159 4468 2211 4532 iu-

205 4558 457 4642 subingressam,
481 4566 518 4622 ut
540 4557 721 4623 abundaret
741 4566 911 4638 peccatum
935 4556 1044 4642 (Rom.
1066 4562 1095 4635 5,
1115 4556 1181 4642 20),
1235 4557 1358 4637 entiae,
1386 4579 1452 4640 qua
1478 4578 1537 4623 nos
1559 4559 1674 4623 ornnes
1696 4557 1842 4624 destituti
1871 4578 1998 4633 sumus,
2021 4572 2234 4618 remunera-¹

205 4667 243 4711 ac
264 4644 400 4727 proinde
422 4666 492 4710 esse
515 4644 830 4708 administrationem
847 4644 970 4721 mortis,
993 4664 1076 4725 quae
1098 4645 1183 4708 iram
1235 4649 1301 4720 tcr;
1330 4651 1443 4709 oontm
1470 4651 1581 4708 autem
1602 4665 1736 4709 severus
1765 4644 1924 4710 scelerum
1944 4640 2043 4704 iudex
2065 4645 2209 4721 apparet

207 4740 359 4814 operetur
387 4740 420 4794 et
446 4730 572 4796 occidat
600 4730 634 4814 (2
654 4728 728 4795 Οοι.
749 4733 778 4805 3,
799 4734 826 4792 7.
856 4729 951 4792 Βοιιι.
971 4733 1001 4806 4,
1024 4726 1087 4812 15).
1131 4729 1182 4793 Ec
1234 4727 1276 4790 In
1304 4727 1437 4795 Christo
1470 4736 1580 4794 autem
1607 4729 1706 4795 facies
1739 4731 1809 4794 eius
1842 4727 1966 4810 gratiae
1996 4747 2033 4790 ac
2066 4725 2211 4792 lenitatis

204 4818 293 4882 enim
314 4818 420 4899 magis
442 4816 532 4880 haud
554 4816 651 4880 dubie
673 4817 788 4881 crescit
809 4814 977 4896 iniquitas,
1001 4835 1064 4897 quo
1086 4814 1182 4897 liqui·
1234 4815 1349 4895 plena,
1382 4836 1461 4899 erga
1487 4815 1624 4880 miseros
1651 4817 1751 4880 etiam
1779 4835 1816 4879 ac
1845 4811 1997 4895 indignos
2024 4819 2210 4894 peccatores

204 4904 294 4968 diora
319 4903 443 4985 peccati
471 4902 687 4985 intelligentia
715 4900 912 4966 conscientia
938 4900 1066 4964 feritur:
1096 4900 1183 4982 quod
1234 4900 1365 4965 relucet.

205 4988 247 5054 ad
263 4989 577 5071 praevaricationem
595 4997 673 5052 tunc
695 4987 852 5052 adversus
868 4985 1089 5069 legislatorem
1106 5007 1183 5051 con-
1321 4991 1370 5051 98.
1399 4987 1452 5052 De
1469 4988 1615 5071 profectu
1633 4985 1673 5050 ad
1691 4983 1930 5069 implorandam
1947 4982 2060 5047 auxilii
2071 4983 2211 5068 gratiam

204 5075 348 5140 tumacia
369 5074 499 5139 accedit.
523 5074 652 5155 ¹Restat
672 5074 782 5157 igitur,
805 5079 843 5137 ut
863 5073 948 5136 iram
969 5071 1033 5136 Dei
1054 5072 1089 5135 in
1107 5093 1183 5154 pec-
1236 5127 1385 5133 ἢ,-

205 5161 323 5226 catoris
345 5161 482 5225 exitium
499 5168 612 5238 armet,
635 5161 711 5242 quia
732 5159 816 5222 nihil
832 5179 892 5240 per
910 5180 945 5222 se
961 5165 1068 5239 potest
1084 5178 1184 5238 quam
1304 5191 1334 5259 1)
1352 5194 1394 5246 D0
1411 5199 1527 5261 corrept.
1552 5198 1581 5257 e,
1596 5192 1685 5260 ΜΕ
1707 5206 1729 5244 ο,
1750 5191 1772 5242 1,

205 5268 375 5325 accusare,
409 5245 566 5311 damnare
593 5254 626 5310 ct
654 5245 799 5328 perdere.
843 5245 890 5310 Et
911 5243 1184 5327 quemadmodum
1236 5262 1269 5314 de
1287 5263 1341 5314 lac.
1360 5269 1389 5315 et
1407 5263 1463 5315 vita
1481 5263 1569 5327 beata
1587 5277 1609 5314 a
1628 5258 1652 5313 6,
1859 5188 1890 5257 2)
1909 5190 1980 5244 Vrde
1997 5190 2124 5244 ambros.
2143 5188 2208 5243 οἰ
