4770 6030
192 329 255 391 ose
752 325 851 408 cnr.
874 310 1006 391 xvm
1029 324 1141 408 (ιιι.)
1184 326 1248 390 nu
1272 272 1429 392 conus
1449 327 1632 395 neurur.
2131 337 2196 398 aar

191 440 307 507 ream
325 439 436 506 arco,
455 436 557 493 ccco.
1322 469 1338 509 ,

191 513 390 578 manducare
411 513 508 591 iubet,
532 424 695 597 si]gnilioat
709 533 811 577 unam
828 512 997 578 nobiscum
1014 512 1164 577 substan·
1216 532 1277 576 nos
1295 513 1426 579 divinae
1438 535 1517 579 suae
1533 514 1789 582 immortalitatis
1802 525 1967 583 teneoras
1979 519 2069 598 lecit;
2088 541 2192 603 quum

192 599 273 662 tiam
303 601 389 676 fieri;
431 598 516 680 quod
550 597 589 663 de
621 619 754 680 corpore
787 599 953 681 praedicat
985 619 1044 681 pro
1072 597 1165 663 nobis
1216 598 1252 662 in
1280 599 1475 665 sacrificium
1502 621 1537 665 se
1563 599 1702 667 offerens
1729 602 1990 668 maledictionem
2019 606 2054 668 in
2076 626 2111 669 se
2133 627 2193 671 no·

192 706 262 749 esse
284 684 452 762 traditum,
476 684 515 748 de
539 685 711 768 sanguine,
735 706 794 768 pro
815 684 908 749 nobis
930 684 1084 749 effusum:
1108 683 1165 748 do·
1216 691 1319 748 stram
1341 686 1482 764 sustulit,
1506 692 1544 748 ut
1565 706 1624 751 sua
1646 708 1705 751 nos
1727 687 1951 754 benedictione
1968 690 2193 772 perfimderet;

192 777 244 836 cet
281 792 347 834 non
389 782 457 834 tam
489 791 551 834 sua
586 790 657 835 esse
684 791 784 852 quam
821 776 946 847 nostra,
981 790 1065 852 quac
1096 790 1165 834 non
1216 790 1318 851 quum
1345 778 1451 835 morte
1484 792 1545 836 sua
1579 779 1719 837 mortem
1746 772 1921 856 deglutivit
1948 782 1983 838 et
2009 775 2192 856 absorbuit;

192 875 251 921 suo
272 855 456 934 commodo,
491 855 604 920 sedin
640 857 781 939 gratiam
808 878 845 920 ac
880 877 950 919 rem
978 864 1124 918 nostram
1139 853 1164 939 ¹)
1216 875 1318 937 quum
1346 855 1382 918 in
1411 877 1472 921 sua
1498 859 1735 928 resurrectione
1762 879 1895 924 carnem
1922 859 2009 926 hanc
2043 869 2192 927 nostram

191 947 225 1006 et
246 942 386 1023 sumpsit
408 950 441 1006 et
468 941 585 1025 posuit.
630 942 679 1006 Ac
702 940 875 1025 diligenter
901 940 1032 1022 quidem
1054 939 1164 1004 obscr—
1216 940 1474 1024 corruptibilem,
1502 962 1601 1024 quam
1622 942 1787 1023 induerat,
1815 945 1851 1008 in
1872 945 2012 1028 gloriam
2031 954 2065 1012 et
2085 948 2192 1013 incor-

191 1027 336 1092 vandum
364 1035 414 1092 eet
442 1027 647 1110 potissimam
668 1033 702 1091 et
722 1048 826 1109 paene
847 1033 950 1090 totam
970 1025 1164 1090 sacramenti
1214 1026 1399 1108 ruptionem
1420 1027 1597 1092 suscitavit.

191 1113 358 1196 energiam
384 1113 421 1176 in
444 1113 497 1178 his
517 1111 626 1178 verbis
648 1112 746 1176 sitam
768 1133 851 1177 esse:
882 1111 969 1194 quod
990 1133 1049 1194 pro
1071 1112 1164 1176 vobis
1304 1117 1331 1175 5.
1379 1111 1403 1195 ¹)
1413 1110 1508 1192 Quae
1524 1114 1686 1178 sententia
1701 1115 1810 1181 verbis
1823 1115 1889 1180 illis
1905 1116 2088 1183 luculenter
2104 1139 2192 1183 ccm-

191 1197 346 1276 traditur,
379 1200 434 1281 qui
467 1219 525 1281 pro
557 1198 649 1263 robis
681 1196 870 1262 effunditur.
927 1197 1060 1281 Alioqui
1096 1217 1164 1261 non
1215 1197 1385 1281 probatur:
1408 1198 1504 1280 penis
1526 1219 1623 1281 quem
1645 1219 1705 1282 ego
1724 1199 1807 1267 dabo
1825 1221 1901 1266 caro
1915 1223 1992 1278 mea
2009 1210 2068 1282 est,
2092 1225 2192 1286 quam

190 1304 390 1367 magnopere
424 1284 517 1349 nobis
544 1281 738 1349 conduceret
763 1304 880 1365 corpus
909 1291 943 1347 et
969 1283 1164 1366 sanguinem
1215 1304 1276 1367 ego
1294 1282 1378 1348 dabo
1395 1304 1454 1366 pro
1471 1283 1587 1348 mundi
1604 1285 1674 1351 vita
1692 1286 1797 1369 (Ioan.
1811 1291 1839 1363 6,
1859 1285 1924 1371 51).
1955 1286 2083 1368 Quibus
2100 1289 2191 1354 haud

190 1367 328 1433 Domini
350 1392 437 1433 nunc
457 1370 618 1446 distribui,
640 1369 705 1434 nisi
727 1370 762 1432 in
780 1367 1038 1451 redemptionem
1056 1389 1094 1434 ac
1112 1389 1164 1432 sa·
1215 1367 1312 1433 dubie
1334 1369 1498 1434 Dominus
1518 1371 1628 1434 innuit
1656 1392 1754 1435 suum
1775 1373 1867 1438 nobis
1889 1393 2008 1455 eorpus
2035 1374 2108 1439 ideo
2130 1395 2191 1458 pro

189 1454 295 1518 lutem
317 1464 462 1519 nostram
485 1455 634 1537 exposita
654 1455 755 1519 semel
777 1454 922 1519 fuissent
966 1453 1082 1536 Itaque
1103 1453 1164 1518 sub
1214 1474 1299 1537 pane
1320 1454 1470 1519 futurum
1492 1453 1535 1519 ad
1555 1456 1759 1538 spiritualem
1779 1458 1907 1522 animae
1925 1459 2038 1539 vitam,
2059 1461 2137 1542 quia
2156 1461 2191 1524 in

190 1561 274 1622 pane
285 1547 319 1602 et
330 1541 408 1604 vino
419 1547 715 1623 repraesentantur,
738 1561 801 1622 quo
813 1539 976 1605 discamus
986 1560 1053 1604 non
1069 1538 1165 1604 modo
1215 1547 1355 1620 mortem
1374 1560 1434 1622 pro
1452 1540 1558 1617 salute
1584 1550 1696 1624 nostra
1721 1543 1950 1626 exponendum
1967 1552 2045 1609 erat
2080 1543 2192 1610 Semel

191 1635 305 1690 nostra
322 1647 401 1704 esse,
421 1625 477 1691 sed
494 1625 588 1691 nobis
606 1647 676 1690 esse
694 1627 731 1690 in
747 1627 849 1690 vitam
869 1646 907 1689 ac
925 1623 1164 1709 alimentum.²)
1215 1625 1305 1689 enim
1325 1625 1436 1708 ipsum
1458 1623 1549 1690 dedit
1569 1646 1632 1708 quo
1652 1628 1747 1709 panis
1766 1629 1873 1707 fieret,
1897 1650 1998 1711 quum
2020 1632 2054 1699 in
2076 1631 2191 1695 mundi

191 1710 231 1775 Id
252 1717 302 1776 est
324 1711 410 1793 quod
438 1719 536 1776 antea
564 1710 808 1788 admonuimus,
838 1709 978 1775 erebus
999 1711 1164 1793 corporeis
1216 1709 1474 1794 redemptionem
1496 1712 1753 1796 crucifigendum
1775 1717 1942 1798 exposuit3
1964 1715 2105 1797 quotidie
2125 1716 2191 1795 dat,

191 1817 274 1878 quae
300 1797 336 1860 in
371 1806 574 1862 sacramento
603 1797 820 1878 proferuntur
847 1795 989 1878 quadam
1016 1796 1165 1879 analogia
1216 1795 1273 1860 ubi
1300 1795 1580 1878 participandum,
1603 1805 1766 1880 quatenus
1788 1801 1982 1865 crucifixum
2003 1809 2066 1879 est,
2091 1824 2191 1868 evan·

190 1903 250 1946 nos
277 1882 319 1945 ad
345 1883 531 1965 spirituales
557 1882 672 1948 deduci
695 1880 860 1966 debere.⁸)
904 1879 961 1946 Sic
984 1902 1086 1964 quum
1107 1902 1164 1964 pa
1217 1881 1294 1965 gelii
1326 1882 1426 1946 verbo
1446 1882 1547 1949 ‚nobis
1575 1883 1680 1947 offert.
1732 1882 1985 1950 Sacramentum
2012 1908 2091 1970 ergo
2124 1908 2191 1953 non

190 1989 266 2033 nem
278 1967 425 2033 videmus
436 1967 529 2033 nobis
550 1969 586 2032 in
607 1970 739 2052 signum
767 1968 912 2051 corporis
923 1967 1050 2034 Christi
1071 1967 1165 2031 exhi·
1216 1988 1337 2051 panem
1358 1967 1446 2033 vitae
1469 1965 1641 2032 Christum
1670 1990 1741 2034 esse
1768 1970 1862 2048 facit,
1892 1972 1948 2036 sed
1971 1981 2133 2053 quatenus
2155 1973 2189 2036 in

190 2051 304 2131 bitum,
316 2052 345 2137 ⁴)
367 2055 447 2119 baec
469 2054 581 2119 statim
603 2053 815 2135 concipienda
836 2061 887 2117 est
908 2053 1101 2118 similitudo:
1126 2060 1166 2117 ut
1216 2054 1408 2117 memoriam
1440 2053 1535 2118 nobis
1560 2061 1696 2118 revocat
1727 2075 1847 2136 panem
1873 2077 1944 2121 esse
1977 2058 2100 2123 factum
2128 2080 2193 2140 quo

190 2139 335 2221 corporis
367 2142 472 2205 nostri
501 2140 604 2205 vitain
631 2139 725 2222 panis
753 2138 825 2215 alit,
855 2139 1011 2217 sustinet,
1040 2145 1163 2217 tuetur,
1218 2137 1348 2204 assidue
1376 2159 1561 2216 vescamur,
1591 2139 1661 2204 eius
1688 2139 1783 2221 panis
1811 2149 1944 2224 gustum
1976 2151 2010 2207 et
2043 2164 2192 2226 saporem

190 2223 238 2286 ita
265 2245 384 2307 corpus
415 2224 540 2289 Christi
566 2226 654 2290 vitae
688 2233 820 2290 nostrae
848 2224 1029 2308 spiritualis
1055 2224 1165 2290 cibum
1215 2224 1308 2289 nobis
1334 2225 1482 2306 praebet3
1515 2229 1550 2288 at
1575 2225 1639 2288 obn
1659 2226 1760 2305 panis
1784 2225 1875 2291 allius
1896 2229 2077 2308 scalciaco,
2104 2229 2191 2310 facit.

191 2329 228 2373 ac
249 2311 482 2391 protectionem
504 2310 623 2395 ossei)
656 2309 769 2391 Quum
787 2310 904 2375 vinum
925 2311 960 2375 in
981 2310 1165 2396 symbolum
1215 2310 1367 2392 Denique
1389 2309 1484 2375 nobis
1505 2309 1692 2392 pollicetur,
1721 2310 1878 2392 quidquid
1900 2313 1977 2377 fecit
1998 2322 2055 2378 aut
2076 2336 2192 2396 passus

191 2395 362 2477 sanguinis
391 2399 589 2476 propositum
614 2399 789 2475 iutuemur,
822 2396 1048 2480 cogitandum,
1081 2416 1164 2478 quos
1217 2402 1268 2460 cst
1287 2393 1455 2473 Christus,
1484 2416 1523 2459 ca
1543 2396 1657 2461 fecisse
1680 2403 1713 2461 et
1740 2416 1874 2478 passum
1896 2419 1966 2463 esse
1987 2400 2022 2463 in
2044 2409 2192 2466 nostram

190 2481 319 2564 corpori
341 2503 421 2546 usus
448 2484 562 2546 vinum
584 2483 716 2560 afferat,
739 2491 779 2545 ut
800 2481 930 2546 eosdem
950 2481 1165 2565 spiritualiter
1216 2479 1485 2559 vivificationem
1508 2479 1626 2546 deinde
1643 2481 1729 2546 banc
1746 2480 2002 2547 vivificationem
2024 2493 2192 2550 aeternam

190 2567 301 2630 afferri
323 2563 416 2631 uobis
439 2566 565 2632 Christi
587 2567 746 2651 sangiune
769 2577 972 2649 reputemus;
1001 2574 1081 2631 sunt
1106 2587 1164 2630 au·
1217 2587 1302 2644 esse,
1326 2586 1390 2648 qua
1411 2568 1481 2632 sine
1503 2568 1569 2631 fine
1591 2566 1734 2646 alamur,
1763 2568 1985 2632 sustineamur
2007 2578 2040 2633 et
2062 2591 2192 2636 conser-

189 2659 257 2716 tcm
283 2654 400 2733 fovere,
429 2654 575 2731 reficere,
603 2655 811 2730 confirmare,
839 2653 1032 2718 exhilarare.
1077 2652 1165 2716 Nam
1216 2673 1334 2717 remur
1353 2653 1388 2716 in
1410 2653 1487 2717 vita.
1532 2649 1705 2734 Siquidem
1726 2662 1765 2717 ut
1784 2653 1879 2735 panis
1900 2654 1988 2718 vitae
2009 2654 2102 2720 nobis
2124 2678 2192 2720 non

190 2737 218 2802 si
241 2740 320 2803 satis
348 2738 581 2821 perpendimus
610 2738 688 2820 quid
715 2739 810 2804 nobis
837 2739 1035 2816 sacrosancti
1065 2738 1164 2801 huius
1216 2737 1333 2802 diisset
1350 2737 1521 2818 Christus,
1550 2738 1613 2803 nisi
1640 2738 1734 2804 nobis
1763 2744 1860 2803 natus
1882 2759 1920 2804 ac
1939 2749 2090 2803 mortuus
2111 2741 2190 2805 fuis-

190 2824 333 2906 corporis
360 2823 510 2902 traditio,
545 2825 622 2905 quid
655 2824 823 2907 sanguinis
851 2824 966 2889 effusio
992 2824 1163 2906 profuerit:
1217 2830 1276 2901 set,
1298 2823 1364 2888 nisi
1384 2822 1478 2889 nobis
1500 2825 1742 2904 resurrexisset,
1764 2825 1813 2887 ita
1834 2824 1969 2888 minime
1991 2846 2078 2889 nunc
2096 2833 2190 2905 esset,

190 2929 256 2973 non
278 2909 413 2993 obscure
434 2909 678 2992 perspiciemus,
704 2910 786 2975 haec
807 2912 903 2993 panis
925 2910 1048 2975 etvini
1070 2909 1164 2973 attri-
1216 2909 1280 2974 nisi
1307 2909 1378 2975 eius
1400 2909 1597 2987 nativitatis,
1620 2911 1749 2988 mortis,
1779 2911 2027 2975 resurrectionis
2049 2910 2192 2975 efficacia

189 2995 284 3074 buta,
314 2995 495 3059 seeundum
523 2995 681 3060 eiusmodi
713 2995 910 3079 analogiam,
948 2996 1069 3078 optimc
1098 2994 1163 3058 illis
1215 3002 1249 3059 et
1270 2995 1396 3061 fructus
1417 3017 1470 3060 res
1492 3003 1626 3060 aeterna
1646 3002 1732 3061 esset
1753 3016 1791 3061 ac
1812 2995 2014 3060 immortalis.

189 3100 263 3162 erpa
283 3101 341 3146 acc
361 3083 543 3161 convenire,
565 3082 641 3147 cen
661 3081 751 3147 aelric
771 3083 1060 3169 caramanicoatur„
1304 3085 1331 3145 6.
1377 3079 1417 3146 Si
1443 3081 1524 3146 haec
1550 3082 1602 3147 vis
1631 3082 1824 3146 sacramenti
1856 3101 1917 3163 pro
1946 3081 2105 3164 dignitate
2134 3103 2192 3145 ex·

275 3172 304 3230 4.
349 3167 425 3231 Νοιι
446 3188 524 3249 ergo
550 3168 745 3251 praecipuae
773 3175 849 3232 sunt
871 3167 1066 3240 sacramenti
1088 3188 1164 3250 par·
1216 3188 1312 3232 cussa
1331 3186 1537 3249 expensaque
1553 3174 1648 3246 esset,
1669 3169 1749 3232 satis
1766 3188 1928 3249 superque
1945 3166 2087 3232 habebat
2104 3167 2192 3232 unde

188 3259 252 3331 tes,
281 3273 399 3335 corpus
422 3251 547 3317 Christi
575 3253 768 3336 simpliciter
795 3259 823 3317 et
850 3255 918 3319 eine
938 3253 1046 3318 altiori
1067 3253 1164 3319 conci
1216 3253 1308 3317 nobis
1330 3252 1513 3329 satisfieret,
1535 3274 1595 3318 nec
1613 3254 1773 3318 excitatae
1791 3260 1900 3318 esseut
1917 3252 2089 3318 horribiles
2105 3254 2189 3318 istae

189 3338 345 3402 mutere
370 3337 464 3402 nobis
491 3339 661 3417 exhibere;
688 3338 745 3403 sed
776 3340 883 3421 magis
914 3339 1164 3422 promissionem
1216 3337 1442 3417 dissensiones,
1462 3339 1579 3420 quibus
1596 3346 1670 3402 tum
1687 3338 1774 3418 olim,
1792 3345 1864 3402 tum
1881 3344 1995 3403 nostra
2006 3339 2189 3402 etiamnum

188 3422 292 3501 illam,
325 3444 390 3506 qua
422 3443 555 3488 carnem
587 3445 680 3489 suam
707 3446 785 3489 vere
818 3425 927 3490 cibum
960 3431 1100 3490 testatur
1131 3431 1164 3489 et
1214 3426 1381 3503 memoria,
1399 3424 1535 3490 ecclesia
1550 3425 1669 3489 misere
1686 3430 1806 3489 vexata
1823 3430 1882 3502 est,
1900 3423 1980 3488 dum
1997 3423 2114 3488 volunt
2131 3445 2188 3488 cu·

189 3508 382 3591 sanguinem
405 3531 503 3575 suum
524 3517 649 3593 potum,
672 3511 789 3593 quibus
810 3511 847 3573 in
867 3510 972 3575 vitam
995 3517 1164 3576 aeternam
1215 3510 1292 3574 riosi
1320 3510 1470 3575 homines
1503 3509 1638 3575 definire
1669 3509 1831 3593 quomodo
1858 3510 1893 3573 in
1921 3529 2006 3593 pane
2033 3528 2188 3591 praesens

188 3595 366 3675 pascimur3
388 3618 454 3678 qua
475 3618 510 3661 ee
531 3617 649 3678 panem
668 3597 756 3661 vitae
779 3597 937 3674 affirmat,
960 3595 1000 3661 de
1022 3618 1085 3678 quo
1107 3596 1164 3678 qui
1216 3595 1301 3660 adsit
1333 3596 1459 3661 Christi
1489 3615 1614 3677 corpus.
1670 3597 1738 3660 Res
1771 3594 1895 3661 scilicet
1923 3593 2022 3677 digna
2051 3593 2091 3659 de
2123 3615 2189 3676 qua

74 3696 80 3711 ⁸
187 3679 436 3746 manducaverit
468 3682 559 3747 vivet
591 3683 626 3746 in
660 3691 844 3760 aeternum,
876 3682 984 3759 illam,
1018 3682 1161 3764 inquam,
1216 3689 1307 3746 tanta
1328 3693 1362 3747 et
1381 3681 1557 3747 verborum
1579 3688 1612 3745 et
1633 3682 1817 3745 animorum
1836 3679 2044 3745 contentione
2061 3678 2187 3762 discep-

187 3766 1162 3919 tatt⁸³t⁰tdtttttrttttmttttaaut}
1214 3765 1947 3933 austeritatum&
1965 3764 2189 3933 ,tietb

187 3959 264 4002 vere
297 3903 454 4021 praestita
485 3947 520 4003 et
557 3939 702 4004 numeris
734 3904 885 4004 omnibus
922 3875 1058 4023 impiista
1088 3939 1160 4003 fuit.
1213 3939 1314 4005 fuisse
1342 3937 1502 4021 quomodo
1522 3936 1648 4002 Christi
1669 3958 1802 4020 corpus,
1833 3944 1871 4000 ut
1891 3957 1950 4018 pro
1972 3937 2065 4002 nobis
2087 3935 2187 4000 tradi-

161 4030 166 4039 “
190 4022 297 4103 Neque
319 4026 401 4088 enim
424 4022 584 4090 Christum
604 4027 663 4089 rite
684 4030 710 4089 et
731 4026 915 4091 edotcriter
934 4027 1162 4091 maduerimus
1213 4031 1288 4088 tum
1309 4030 1373 4102 est,
1403 4030 1552 4089 nostrum
1573 4024 1680 4103 fieret;
1708 4021 1868 4106 quomodo
1890 4023 2039 4106 sanguis,
2068 4030 2106 4086 ut
2127 4041 2188 4103 pro

187 4108 253 4172 aiei
275 4110 467 4189 crucificmn,
486 4111 562 4175 dum
579 4111 752 4191 efficaciam
769 4111 965 4175 marticolae
981 4112 1051 4175 vico
1067 4131 1162 4175 caesa
1212 4111 1305 4175 nobis
1328 4110 1451 4175 effusus
1472 4117 1537 4189 est,
1563 4117 1675 4174 noster
1702 4110 1803 4174 fieret
1848 4107 1888 4172 Id
1910 4129 1989 4173 vcro
2012 4113 2061 4173 est
2082 4113 2188 4170 totum

187 4193 459 4273 apprehendimus.
497 4197 583 4260 Nam
606 4195 691 4277 quod
712 4218 746 4261 se
768 4217 886 4280 panem
908 4195 996 4261 vitae
1018 4196 1160 4278 appella·
1213 4193 1383 4262 Christum
1403 4196 1596 4261 crucifixum
1616 4194 1790 4278 possidere,
1811 4214 1849 4259 ac
1870 4192 2017 4257 omnium
2038 4192 2108 4257 eius
2130 4191 2188 4256 bo-

187 4279 244 4358 vit,
256 4278 284 4362 ⁶)
306 4298 373 4343 non
393 4301 466 4344 earn
484 4301 503 4344 a
521 4290 724 4346 sacramento
742 4283 883 4365 sumpsit
900 4281 1159 4366 appellationem,

187 4371 226 4428 ut
247 4364 381 4448 quidam
401 4387 554 4450 perverse
576 4367 844 4449 interpretantur,
867 4367 924 4433 sed
946 4368 1119 4450 quietalis
1141 4389 1161 4432 a

187 4457 282 4533 patre
316 4450 412 4516 datus
445 4450 538 4516 nobis
565 4451 674 4515 fuerat
701 4451 863 4552 talemque
891 4475 962 4519 sese
989 4454 1160 4537 praestitit,
1283 4486 1312 4555 1)
1329 4483 1486 4540 Hm1543
1494 4500 1564 4555 ,ew
1572 4485 1613 4540 ,ἡ
1627 4499 1656 4538 ⁸3
1671 4485 1784 4540 mm,
1802 4482 1901 4538 ΒΜ
1916 4489 1948 4536 u,
1960 4480 2141 4549 ,ww-m
2158 4479 2189 4533 ω

187 4555 289 4619 quum
312 4537 475 4602 humanae
496 4549 627 4602 nostrae
649 4538 858 4603 mortahtatrs
879 4541 1041 4622 particeps
1057 4540 1162 4605 faetus
1215 4560 1298 4610 cosm
1315 4555 1354 4609 aa
1375 4569 1425 4609 ιο,
1444 4555 1595 4624 pmcne,
1632 4552 1669 4607 Μ
1684 4543 1729 4620 fis,
1747 4569 1806 4608 mm
1821 4551 2065 4632 wemmam,
2083 4548 2188 4629 sumu

188 4711 392 4718 *U—
1210 4625 1329 4679 iuuare
1350 4640 1403 4692 per
1418 4639 1531 4705 'sacrem
1552 4637 1677 4687 mm,
1700 4622 1749 4677 ubi
1769 4627 1795 4676 et
1816 4635 1925 4702 respic
1946 4618 2108 4739 miloirobil
2131 4632 2190 4737 eigs

311 4830 316 4841 ,
1215 4690 2188 4835 austerrimus„

257 4829 287 4896 1)
308 4847 338 4882 in
352 4846 393 4909 'eo
415 4830 494 4884 docet
517 4835 662 4897 utrumque
686 4844 740 4880 uon
763 4831 818 4879 tarn
841 4845 918 4881 suum
940 4846 1100 4908 essequam
1116 4846 1163 4882 no·
1217 4830 1352 4910 sedndum
1380 4832 1589 4911 inunemorram
1612 4835 1722 4881 revocat
1746 4833 1795 4880 cte
1820 4866 1826 4879 .
1850 4865 1856 4877 .
1880 4864 1886 4877 .
1911 4864 1918 4876 .
1944 4823 2094 4904 Pollroetur
2109 4838 2188 4903 ,emm

188 4901 288 4965 strum,
313 4915 377 4967 qma
399 4905 544 4968 utrumque
567 4915 626 4976 non.
643 4913 691 4950 suo
715 4896 855 4978 commodo
873 4897 924 4978 sed
938 4916 967 4950 ur
984 4900 1099 4979 salutem
1117 4914 1164 5006 no:
1215 4900 1319 4979 nobis..
1338 4939 1344 4952 .
1364 4940 1371 4952 .
1390 4898 1584 5000 ..immortali-s.
1623 4893 1704 4964 Quod
1725 4894 1961 5016 ωινᾶηῶῑῳθῗὲἑιτ
1978 4893 2022 4947 as
2039 4892 2190 5012 '’griffi-

60 5071 65 5078 ,
188 4965 479 5158 susara,
516 4965 798 5116 ”samaa
812 4968 1007 5116 relatur
1026 4968 1165 5104 rau
1214 4966 1480 5117 rutam
1494 4967 1585 5089 tu
1601 4980 1766 5114 aaut
1782 4981 2042 5113 ιιι.
2140 5042 2192 5081 ι

188 5103 267 5154 nobis
300 5122 327 5156 m
359 5122 372 5156 s
420 5108 511 5159 bourn
529 5118 665 5184 'corporis
698 5103 800 5183 Chnstr
832 5104 977 5184 exhibetur
1004 5104 1019 5157 1
1093 5119 1164 5184 seqq.
1214 5105 1284 5186 secat
1301 5120 1361 5158 aas
1373 5111 1535 5186 pantegra.
1577 5103 1667 5156 Semel
1683 5108 1775 5171 caque
1792 5098 2000 5180 ipsumndedrtl.
2022 5138 2028 5150 .
2047 5136 2054 5150 .
2074 5137 2080 5150 .
2098 5096 2191 5178 ollert3

187 5165 210 5220 5
250 5179 366 5240 regemn
402 5190 416 5226 e
446 5191 477 5227 sc
508 5170 684 5250 vivificandae
717 5189 821 5225 emmae
857 5189 965 5226 unicum
991 5188 1050 5225 csse
1076 5175 1166 5227 erbum
1216 5175 1264 5229 ab·
1286 5189 1345 5228 mm
1365 5174 1555 5228 abrbmcaem
1571 5187 1650 5226 aceo
1668 5186 1765 5226 eccam
1787 5175 1914 5250 mysoenc
1933 5168 2072 5237 obsequen
2094 5166 2142 5220 ube
2159 5165 2190 5219 sd

276 5255 346 5308 rere
415 5240 445 5310 ⁶)
462 5242 627 5308 nmsupavrt
645 5235 713 5292 154³
730 5254 800 5308 oar·
1216 5245 1306 5312 qam
1322 5243 1398 5297 aa·
1414 5242 1533 5312 emptu,
1550 5240 1625 5312 wa
1641 5243 1760 5297 semus
1777 5238 1911 5308 rueme

230 5323 344 5380 Calvisi
356 5340 448 5394 operc.
489 5326 548 5381 Vol.
566 5323 592 5379 1.
1933 5321 1990 5378 η63
