4770 6030
77 372 81 383 ·
186 353 253 415 823
365 390 368 395 -
756 345 1022 414 INS'H'PUTIO
1044 347 1149 414 RDL:
1172 347 1354 415 Offitlsfr.
1384 350 1612 412 1539-1554.
2120 347 2186 407 824

1807 445 1936 533 [A2413
1953 457 2064 524 naam
2082 456 2186 513 osae.

84 596 86 600 .
185 544 318 623 pactum
345 537 431 619 quod
462 536 571 619 pegigi
604 555 679 599 oum
706 535 853 616 patribus
880 535 1013 612 vestris,
1046 534 1081 598 in
1108 533 1160 599 die
1212 539 1288 620 quia
1315 538 1422 620 ipsum
1450 556 1567 617 corpus
1595 536 1742 614 exhibet,
1773 535 1904 598 firmam
1931 540 2187 615 perpetuamque

55 696 64 713 ὁ
186 645 251 707 qua
273 621 473 706 apprehendi
499 642 635 685 manum
656 642 783 696 eorum,
810 628 848 683 ut
870 619 1039 684 educerem
1066 641 1160 684 eose
1212 624 1333 687 retinet
1353 622 1571 686 stabilitatem.
1616 621 1723 685 Vocat
1743 618 1874 702 quidem
1901 618 2057 683 Ieremias
2084 626 2117 683 et
2137 619 2186 684 le-

186 715 276 773 terra
296 707 449 792 Aegypti,
467 715 600 789 paetum
617 706 703 788 quod
723 707 852 770 irritum
869 705 1024 782 fecerunt,
1047 725 1160 786 quam·
1212 730 1269 792 ges
1296 707 1437 772 morales
1463 707 1630 771 infirmum
1664 728 1702 771 ao
1729 704 1844 788 fragile
1873 703 2000 781 foedus,
2035 704 2091 768 sed
2119 705 2188 769 alia
2258 708 2272 737 ⁸

187 795 236 860 vis
254 793 440 858 dominarer
461 793 522 871 eis;
546 791 604 857 scd
624 792 684 857 hoc
706 793 769 856 erit
789 796 921 873 pactum
942 789 1028 872 quod
1044 790 1161 854 feriam
1211 794 1349 858 ratione:
1368 791 1454 875 quod
1472 792 1595 856 scilicet
1610 793 1732 875 ingrati
1750 789 1861 874 populi
1879 790 1986 853 subita
2007 789 2187 855 defectione

186 898 262 945 cum
289 878 383 943 domo
410 877 527 942 Israel:
561 899 682 961 ponam
707 877 815 960 legem
841 896 948 940 meam
969 875 1005 939 in
1026 877 1160 941 visceri·
1211 901 1289 943 mox
1308 879 1482 961 abruptum
1500 878 1611 956 fiterit;
1634 877 1691 942 sed
1710 878 1786 958 quia
1803 874 1960 940 eiusmodi
1980 875 2114 939 violatio
2136 884 2188 940 est

185 965 247 1030 bus
269 984 391 1042 eorum,
414 963 564 1028 cordibus
585 982 697 1027 eorum
718 961 893 1027 nutribam
915 983 1002 1040 eam,
1031 969 1065 1026 et
1085 983 1159 1044 pro-
1212 986 1233 1029 a
1253 963 1350 1045 culpa
1370 963 1496 1045 populi,
1526 963 1562 1027 in
1583 969 1816 1028 testamentum
1836 962 1966 1043 proprie
1988 980 2056 1024 non
2077 961 2187 1026 confe-

186 1049 325 1134 pitiabor
346 1049 510 1131 iniquitati
532 1070 658 1127 eorum;
691 1055 724 1112 et
745 1069 812 1111 non
836 1046 963 1112 docebit
986 1049 1160 1129 unusquis·
1211 1056 1311 1113 retur.
1356 1047 1589 1113 anremoniae
1609 1070 1696 1127 vere,
1719 1048 1872 1130 quoniam
1890 1067 1950 1110 sua
1967 1047 2112 1129 ipsarum
2133 1048 2186 1111 in·
2213 1128 2217 1134 ἱ

188 1156 251 1218 que
284 1134 470 1217 proximum
504 1156 614 1213 suum,
656 1135 708 1198 vir
740 1133 876 1197 fratrem
903 1154 1012 1196 suum:
1047 1154 1160 1197 omnes
1212 1136 1366 1200 firmitate
1389 1133 1515 1199 Christi
1532 1133 1675 1198 adventu
1697 1134 1831 1197 fuerunt
1851 1130 2034 1208 dissolutae,
2053 1153 2187 1198 causam

187 1222 276 1285 enim
297 1227 493 1303 cognoscent
513 1241 575 1299 me,
599 1219 770 1284 aminimo
788 1239 891 1300 usque
909 1217 950 1282 ad
968 1219 1158 1282 maximum.
1212 1220 1411 1285 infirmitatis
1450 1221 1538 1285 intra
1574 1241 1608 1284 se
1639 1220 1811 1305 habebant.
1865 1218 1969 1281 Porro
2003 1216 2187 1283 differentia

186 1308 241 1372 Ex
264 1305 380 1389 quibus
409 1306 611 1370 occasionem
639 1305 763 1387 accepit
789 1304 953 1386 apostolus
983 1302 1016 1388 (2
1036 1303 1110 1369 Gor.
1131 1307 1159 1382 3,
1211 1307 1269 1372 illa
1287 1307 1401 1370 literae
1424 1313 1456 1371 et
1478 1306 1611 1388 spiritus
1638 1326 1704 1369 non
1726 1304 1772 1369 sio
1796 1302 1983 1385 accipienda
2004 1311 2069 1382 est,
2096 1325 2134 1369 ac
2157 1304 2187 1368 si

189 1391 223 1476 6)
246 1392 494 1474 comparationis
521 1390 620 1455 huius
647 1391 734 1454 inter
760 1389 868 1474 legem
894 1394 927 1453 et
953 1389 1162 1473 evangelium
1212 1392 1301 1456 nullo
1323 1411 1400 1456 cum
1418 1392 1525 1456 fructu
1545 1391 1650 1474 legem
1674 1412 1768 1455 suam
1778 1389 1908 1453 Iudaeis
1919 1388 2082 1453 Dominus
2093 1389 2188 1454 tulis·

188 1476 392 1542 statuendae:
416 1483 453 1540 ut
474 1476 565 1540 illam
584 1484 717 1542 vocaret
736 1475 906 1553 literalem,
929 1474 990 1539 hoc
1009 1474 1160 1556 spiritua-
1212 1483 1271 1555 set,
1294 1476 1384 1541 nullo
1406 1498 1518 1541 eorum
1539 1476 1581 1541 ad
1603 1498 1637 1541 se
1659 1496 1827 1553 eonvers03
1856 1474 1914 1567 sed
1942 1495 2001 1557 per
2019 1496 2188 1557 compara·

187 1562 253 1627 lem
275 1561 456 1627 doctrinam
463 1585 470 1640 ;
499 1562 591 1626 illam
617 1561 740 1626 diceret
767 1562 867 1626 tuisse
889 1560 1102 1625 deformatam
1124 1561 1161 1624 in
1213 1564 1334 1628 tionem
1355 1564 1460 1645 posita
1481 1569 1539 1641 est,
1563 1563 1604 1626 ad
1626 1560 1917 1626 commendandam
1941 1561 2064 1644 gratiae
2092 1561 2187 1624 afflu-

187 1647 307 1712 tabulis
344 1647 497 1730 lapideis,
532 1647 594 1712 hoc
630 1647 730 1711 tuisse
770 1645 920 1712 cordibus
953 1647 1145 1728 inscriptum
1152 1669 1160 1727 3
1213 1649 1349 1726 entiam,
1393 1654 1478 1730 qua'
1504 1647 1665 1731 evangelii
1708 1646 1981 1729 praedicationem
2024 1647 2189 1711 Dominus

187 1733 278 1797 illam
305 1752 374 1798 esse
401 1733 676 1815 praedicationem
704 1732 832 1810 mortis,
858 1730 919 1796 hoc
939 1732 1041 1810 vitae3
1068 1731 1161 1796 illam
1213 1734 1393 1798 honoravit.
1438 1733 1524 1799 Nam
1536 1734 1564 1798 si
1581 1754 1693 1797 eorum
1708 1731 1952 1796 multitudinem
1969 1753 2187 1811 recensemus,

189 1818 415 1897 damnationis,
438 1819 500 1884 hoc
521 1819 678 1897 iustitiae;
701 1817 792 1882 illam
814 1818 981 1895 evacuari,
1004 1817 1066 1882 hoc
1087 1837 1161 1898 per·
1212 1841 1292 1902 quos
1314 1841 1356 1883 ex
1377 1819 1505 1901 populis
1526 1819 1676 1884 omnibus
1704 1838 1762 1901 per
1790 1817 1952 1900 evangelii
1972 1816 2187 1899 praedicatio-

187 1925 329 1969 manere.
375 1902 487 1984 Quum
504 1904 647 1986 apostolo
669 1904 869 1986 propositum
887 1903 999 1980 fuerit,
1016 1910 1161 1966 mentem
1212 1926 1288 1969 nem
1310 1906 1426 1986 spiritu
1448 1924 1507 1968 suo
1528 1911 1737 1988 regeneratos
1760 1904 1795 1966 in
1817 1902 1971 1968 ecelesiae
1999 1924 2075 1967 suae
2097 1923 2188 1966 eom-

187 1989 364 2072 prophetae
396 2010 563 2069 enarrare,
603 1990 704 2055 verba
736 1991 832 2053 unius
867 1989 1049 2071 expendere
1082 1988 1161 2053 satis
1212 1990 1402 2054 munionem
1425 1990 1562 2073 collegit,
1585 1990 1795 2072 paucissimos
1818 1988 2086 2070 acpaenenullos
2098 1986 2188 2053 dice-

187 2075 299 2153 fuerit,
333 2082 372 2139 ut
404 2096 615 2157 assequamur
647 2076 815 2157 utriusque
848 2095 989 2138 sensum.
1047 2072 1161 2153 Quan—
1212 2097 1299 2154 mus,
1335 2077 1389 2158 qui
1418 2076 1491 2139 olim
1518 2075 1553 2139 ia
1581 2075 1713 2154 laetale,
1747 2073 1852 2140 cordis
1880 2074 1998 2139 affeetu
2027 2080 2123 2155 atque
2145 2095 2188 2138 ex

188 2182 288 2244 quam
325 2168 375 2225 cst
413 2160 535 2243 aliquid
573 2161 660 2224 inter
698 2181 752 2225 eos
785 2159 949 2224 dissimile.
1007 2158 1161 2224 Odiosius
1213 2162 1335 2239 animo,
1373 2160 1486 2226 foedus
1517 2161 1652 2225 Domini
1690 2160 1832 2243 amplexi
1865 2160 1945 2238 sint;
1984 2160 2039 2241 qui
2076 2165 2203 2239 tamen,

187 2246 275 2311 enim
307 2245 449 2327 loquitur
482 2245 521 2310 de
553 2246 625 2329 lege
658 2245 822 2329 apostolus
854 2266 952 2327 quam
990 2245 1159 2328 propheta.
1212 2246 1308 2310 multi
1329 2247 1476 2326 fuerunt,
1504 2247 1532 2311 si
1554 2254 1667 2329 suopte
1694 2267 1830 2310 numero
1856 2246 1925 2309 sine
1946 2246 2188 2327 comparatione

80 2396 85 2405 ,
187 2331 300 2413 Neque
329 2330 363 2395 id
395 2331 644 2415 simplicilegis
670 2337 834 2413 respectu,
869 2330 926 2395 sed
952 2329 1038 2413 quod
1067 2337 1162 2394 erant
1213 2340 1415 2398 censeantur.

187 2418 364 2482 nebulones
386 2417 519 2500 quidam
539 2417 622 2500 legis
643 2417 808 2495 κακόζηλοι,
835 2417 892 2498 qui
913 2437 1066 2498 perverso
1088 2437 1160 2480 cae-
1256 2458 1257 2463 .
1300 2422 1349 2482 35.
1401 2418 1457 2481 Ex
1493 2418 1589 2482 tertio
1630 2416 1815 2482 discrimine
1851 2422 2003 2497 quartum
2038 2417 2186 2500 emergit

187 2503 407 2567 remoniarum
424 2503 530 2567 studio
547 2503 710 2587 evangelii
726 2503 908 2568 claritatem
929 2502 1160 2581 obscurabant;
1195 2504 1318 2568 -Vetus
1340 2505 1427 2568 enim
1454 2510 1686 2568 testamentum
1709 2503 1869 2584 scriptura
1891 2508 1986 2566 vocat
2006 2503 2185 2580 servitutis,

189 2587 229 2652 de
254 2588 336 2672 legis
362 2595 481 2653 natura
508 2588 687 2654 secundum
716 2609 828 2652 eorum
855 2609 999 2652 errorem
1021 2608 1058 2651 ac
1079 2587 1160 2652 stul·
1212 2588 1298 2672 quod
1330 2590 1479 2654 timorem
1516 2589 1553 2652 in
1582 2589 1700 2653 animis
1739 2595 1886 2671 generet3
1923 2608 2045 2652 novum
2076 2595 2187 2651 autem

188 2680 258 2751 tam
290 2674 494 2739 affectionem
532 2674 685 2757 disputat.
735 2675 826 2757 Ergo
860 2673 894 2737 id
932 2673 1094 2755 peculiare
1125 2674 1161 2736 in
1212 2675 1387 2754 libertatis,
1414 2674 1499 2756 quod
1525 2675 1561 2737 in
1588 2673 1742 2739 fiduciam
1769 2694 1806 2738 ac
1828 2673 2034 2738 securitatem
2055 2672 2186 2737 eosdem

187 2759 293 2824 Paulo
314 2761 488 2825 observare
509 2780 625 2842 operae
642 2760 783 2843 pretium
801 2758 871 2823 erit.
916 2759 1062 2840 Uterque
1082 2779 1162 2825 vero
1214 2760 1327 2844 erigat.
1373 2758 1429 2826 Sic
1449 2760 1574 2824 Pardus
1596 2759 1638 2824 ad
1659 2759 1825 2823 Romanos
1848 2758 1893 2843 (8,
1916 2758 1984 2841 15);
2005 2779 2071 2821 non
2093 2778 2186 2835 acce-

188 2847 265 2928 quia
285 2853 380 2911 vetus
403 2867 440 2911 ae
457 2865 578 2910 novum
595 2853 828 2910 testamentum
844 2866 903 2927 per
924 2846 1162 2909 contentionem
1213 2846 1316 2929 pistis,
1334 2846 1448 2929 inquit,
1465 2846 1618 2928 spiritum
1636 2844 1802 2934 servitutis
1821 2845 1939 2908 iterum
1957 2844 1999 2908 ad
2019 2845 2188 2924 timorem;

189 2931 277 2995 inter
298 2953 333 2996 se
355 2931 581 3013 componebat,
608 2930 692 2994 nihil
719 2931 754 2994 in
782 2930 854 3012 lege
875 2929 1070 3008 considerat,
1099 2929 1164 2994 nisi
1214 2932 1272 2997 sed
1290 2933 1442 3014 spiritum
1464 2931 1660 3013 adoptionis,
1688 2951 1747 3013 per
1768 2951 1865 3012 quem
1892 2929 2070 2994 clamamus
2092 2929 2187 3010 abba,

189 3016 274 3098 quod
291 3018 460 3100 proprium
477 3017 615 3081 eiusest.
660 3015 814 3098 Exempli
827 3017 947 3099 gratia:
969 3014 1025 3079 lex
1035 3015 1162 3080 miseri·
1214 3023 1315 3100 pater.
1360 3018 1435 3082 Huc
1467 3017 1610 3099 pertinet
1646 3015 1732 3098 quod
1762 3014 1903 3080 habetur
1935 3014 1977 3079 ad
2008 3015 2187 3095 Hebraeos,

189 3101 318 3166 cordiae
338 3102 567 3185 promissiones
588 3103 711 3185 passim
731 3102 888 3180 continet3
909 3100 966 3166 sed
987 3103 1163 3182 quiasunt
1215 3102 1281 3187 (12,
1304 3103 1367 3188 18),
1394 3124 1461 3166 non
1483 3103 1655 3168 accessisse
1676 3123 1764 3166 nuno
1784 3100 1904 3166 fideles
1932 3099 1973 3164 ad
1996 3122 2190 3184 corporeum

190 3187 321 3251 aliunde
357 3189 491 3266 ascitae,
529 3209 595 3253 non
624 3188 764 3254 veniunt
799 3188 835 3250 in
871 3186 955 3271 legis
993 3186 1161 3266 rationem,
1215 3190 1375 3268 montem,
1398 3195 1432 3252 et
1459 3189 1630 3253 incensum
1655 3188 1766 3271 ignem
1788 3208 1825 3252 ac
1847 3187 2025 3263 turbinem,
2054 3195 2087 3250 ct
2108 3186 2189 3252 cali·

190 3293 291 3354 quum
308 3272 348 3337 de
365 3294 449 3356 pura
472 3274 541 3339 eius
564 3281 683 3338 natura
700 3270 807 3338 sermo
828 3271 975 3337 habetur.
1020 3272 1093 3339 Hoc
1114 3272 1163 3337 illi
1215 3275 1342 3360 ginem,
1365 3282 1399 3339 et
1419 3273 1608 3356 procellam,
1636 3273 1693 3338 ubi
1720 3272 1804 3336 nihil
1826 3271 1978 3336 audiatur
1999 3278 2057 3337 aut
2074 3272 2210 3344 videar.

190 3364 319 3423 tantum
351 3360 514 3438 tribuunt,
554 3366 592 3424 ut
630 3358 809 3442 praecipiat
840 3379 922 3440 quae
954 3365 1044 3423 recta
1076 3366 1162 3437 sunt,
1214 3366 1270 3424 tur
1291 3361 1355 3425 nisi
1372 3358 1458 3443 quod
1475 3365 1598 3423 terrore
1620 3365 1747 3424 mentes
1768 3357 1936 3441 percellat3
1959 3357 2039 3422 adeo
2060 3363 2098 3421 ut
2119 3359 2189 3441 ipse

189 3443 312 3509 seelera
331 3445 516 3526 probibeat,
541 3445 724 3527 praemium
746 3443 851 3509 edicat
871 3443 1048 3510 cultoribus
1069 3445 1164 3509 iusti·
1214 3467 1340 3529 quoque
1361 3446 1471 3511 Moses
1503 3451 1712 3528 expavescat,
1747 3444 1802 3508 ubi
1831 3464 1897 3508 vox
1924 3443 2083 3513 terribilis,
2099 3444 2189 3508 inso-

188 3531 269 3608 tiae,
296 3551 435 3612 poenam
464 3529 758 3614 transgressoribus
790 3530 950 3609 minetur;
983 3528 1088 3595 cordis
1112 3531 1163 3593 in·
1214 3538 1282 3610 nat,
1305 3552 1402 3615 quam
1421 3530 1534 3595 audire
1553 3550 1666 3594 omnes
1690 3529 1918 3612 deprecentur;
1940 3528 1997 3594 sed
2015 3529 2190 3594 accessisse

189 3616 286 3679 terim
306 3616 518 3698 pravitatem,
541 3637 623 3699 quae
645 3614 769 3681 eunctis
791 3614 977 3680 hominibus
1004 3616 1163 3680 naturalis
1215 3616 1256 3681 ad
1277 3624 1422 3682 montem
1443 3614 1534 3695 Sion,
1556 3623 1590 3680 et
1609 3616 1775 3680 civitatem
1794 3616 1858 3680 Dei
1878 3614 2034 3693 viventis,
2057 3614 2189 3679 Ierusa
2270 3690 2276 3695 ,

187 3700 283 3779 inest,
305 3722 372 3765 non
392 3701 543 3766 immutet
570 3708 627 3766 aut
645 3700 805 3765 emendet.
1214 3703 1279 3767 lem
1301 3703 1473 3768 coelestem
1495 3709 1553 3767 eto.
1598 3699 1696 3780 Quod
1718 3708 1826 3766 autem
1847 3701 1883 3764 in
1905 3701 2069 3765 sententia
2089 3720 2189 3782 quam

278 3789 341 3849 34>
372 3785 468 3851 Nunc
493 3787 701 3852 membratim
729 3786 866 3869 apostoli
886 3785 1092 3851 collationem
1105 3808 1163 3850 ex·
1214 3810 1256 3853 ex
1278 3789 1414 3870 epistola
1435 3788 1477 3853 ad
1498 3789 1664 3852 Romanos
1685 3786 1889 3865 adduximus,
1922 3786 2063 3851 breviter
2079 3787 2190 3870 tangit
2260 3805 2263 3809 ’

189 3871 356 3954 plicemus.
401 3871 507 3937 Vetus
528 3878 760 3937 testamentum
776 3870 904 3936 literale
925 3878 982 3950 est,
1002 3874 1079 3954 quia
1092 3873 1163 3937 sine
1214 3875 1354 3953 Paulus,
1387 3874 1491 3939 fusius
1517 3872 1673 3955 explanat
1699 3871 1742 3952 ad
1767 3871 1904 3937 Galatas
1926 3870 1971 3955 (4,
1992 3872 2062 3953 22),
2085 3893 2189 3954 quum

191 3956 325 4040 spiritus
358 3958 501 4024 efficacia
532 3957 783 4041 promulgatum.
827 3957 957 4021 Novum
985 3958 1161 4039 spirituale,
1215 3959 1257 4024 ad
1286 3959 1474 4043 allegoriam
1499 3959 1603 4024 trahit
1628 3957 1709 4023 duos
1735 3956 1890 4022 Abrahae
1917 3956 2014 4035 filice,
2042 3958 2077 4021 in
2099 3958 2189 4023 hunc

190 4041 276 4126 quod
304 4042 466 4109 Dominus
494 4042 667 4108 hominum
693 4042 843 4109 cordibus
871 4043 1084 4125 spiritualiter
1111 4045 1163 4107 in·
1215 4044 1360 4109 modum:
1396 4045 1481 4127 quod
1509 4047 1602 4128 Agar
1628 4065 1724 4109 serva
1750 4052 1848 4128 typus
1876 4044 1920 4108 sit
1944 4043 2064 4107 montis
2094 4041 2189 4108 Sinai
2235 4070 2239 4079 ·

190 4127 331 4210 sculpsit
376 4128 455 4192 Ideo
477 4128 620 4194 secunda
640 4128 811 4194 antithesis
838 4139 887 4193 est
915 4120 1016 4194 veluti
1038 4130 1164 4211 primae
1214 4131 1272 4195 ubi
1291 4130 1398 4279 leqem
1419 4131 1544 4213 accepit
1565 4129 1702 4212 populus
1713 4129 1830 4208 Israel;
1858 4126 1943 4194 Sara
1964 4128 2105 4193 liberafi
2171 4173 2179 4193 .

191 4213 373 4278 declaratio.
418 4213 524 4279 Vetus
545 4213 747 4279 mortiferum
769 4220 833 4293 est;
855 4214 932 4296 quia
952 4214 1035 4278 nihil
1056 4222 1163 4297 potest
1215 4218 1258 4281 sit
1275 4237 1330 4282 coe
1344 4217 1423 4281 estis
1442 4216 1623 4280 Ierusalem
1640 4236 1661 4279 a
1679 4236 1744 4297 qua
1761 4215 1833 4278 fluit
1849 4214 2064 4298 evangelium.
2092 4151 2192 4293 didd

190 4320 288 4382 quam
320 4299 546 4364 maledictione
573 4299 741 4365 involvere
773 4301 965 4365 universum
992 4299 1163 4363 hominum
1215 4301 1489 4384 quemadmodum
1511 4323 1623 4367 semen
1646 4301 1739 4385 Agar
1760 4321 1892 4366 servum
1914 4300 2073 4376 nascitur,
2102 4299 2189 4380 quod

190 4405 302 4468 genus.
346 4385 477 4450 Novum
498 4392 549 4450 est
569 4386 656 4451 vitae
676 4406 850 4469 organum3
872 4387 948 4468 quia
969 4406 990 4450 a
1010 4384 1163 4450 maledic·
1216 4387 1257 4452 ad
1286 4387 1520 4452 haereditatem
1555 4408 1723 4469 nunquam
1755 4386 1942 4469 perveniat,
1979 4384 2080 4450 Sarae
2107 4383 2189 4448 libe·

189 4471 276 4535 tione
297 4470 452 4535 liberatos
471 4471 507 4536 in
528 4473 667 4556 gratiam
689 4493 763 4537 cum
784 4472 856 4535 Deo
878 4471 1029 4536 restituit.
1075 4469 1164 4534 Illud
1215 4495 1303 4552 rum,
1332 4473 1384 4538 cui
1403 4472 1587 4538 haereditas
1616 4473 1783 4538 debeatur:
1814 4473 1862 4535 ita
1883 4491 1942 4554 per
1968 4471 2074 4553 legem
2096 4469 2190 4534 addi-

189 4555 407 4621 damnationis
428 4558 647 4622 ministerium
674 4564 738 4637 est;
766 4556 842 4639 quia
870 4577 942 4620 reos
963 4554 1092 4638 peragit
1112 4557 1163 4619 in·
1215 4581 1329 4624 camur
1359 4559 1395 4622 in
1427 4560 1632 4636 servitutem,
1672 4579 1731 4641 per
1768 4558 1873 4622 solum
1914 4554 2120 4639 evangelium
2152 4557 2188 4619 in

189 4641 331 4706 iustitiae
348 4663 461 4706 omnes
480 4643 563 4708 filios
580 4643 697 4708 Adam.
740 4641 813 4706 Hoc
830 4640 986 4719 iustitiae;
1006 4641 1082 4722 quia
1099 4641 1164 4705 Dei
1214 4644 1398 4710 libertatem
1419 4666 1657 4729 regeneremur.
1703 4644 1779 4708 Huc
1806 4652 1915 4707 autem
1944 4662 2073 4708 summa
2094 4641 2187 4719 redit,

189 4726 444 4793 misericordiam
456 4729 588 4807 revelat,
600 4749 767 4811 perquam
777 4727 1000 4790 iustificamur.
1031 4726 1163 4792 Postre·
1215 4738 1309 4795 vetus
1341 4736 1572 4795 testamentum
1606 4751 1759 4812 pavorem
1792 4750 1829 4794 ae
1862 4728 2111 4811 trepidationem
2136 4728 2188 4790 in·

189 4833 244 4881 ma
266 4813 436 4879 antithesis
457 4814 499 4879 ad
520 4816 602 4898 legis
624 4811 842 4880 caeremonias
861 4810 1041 4885 ‚referenda
1075 4811 1164 4892 Quia
1215 4816 1353 4881 cussisse
1375 4817 1596 4893 conscientiis;
1624 4816 1700 4880 novi
1728 4816 1883 4879 beneficio
1911 4815 1984 4879 fieri
2007 4821 2044 4876 ut
2065 4814 2099 4876 in
2120 4813 2188 4877 lae·

189 4896 265 4961 illae
297 4918 407 4962 rerum
439 4901 623 4965 absentium
655 4897 833 4980 imaginem
866 4895 1079 4983 habebant‚¹)
1110 4899 1162 4962 in·
1216 4901 1323 4964 titiam
1344 4901 1521 4967 solvantur.
1566 4901 1655 4965 Illud
1676 4902 1753 4984 iugo
1781 4900 1946 4965 servitutis
1975 4898 2188 4965 conscientias

192 4983 290 5047 terire
308 5004 346 5048 ac
363 5004 557 5050 evanescere
574 4991 719 5066 tempore
741 4981 890 5064 oportuit.
933 4982 1161 5066 Evangelium,
1216 4986 1387 5052 adstrictas
1414 4989 1572 5066 tenuisse,
1604 4987 1702 5051 huius
1728 4986 1923 5052 liberalitate
1944 4986 1979 5048 in
2002 4985 2188 5049 libertatem

1213 5073 1409 5136 manumitti.

1301 5160 1350 5221 36.
1395 5156 1491 5237 Quod
1513 5158 1541 5221 si
1564 5178 1604 5221 ex
1626 5157 1744 5239 populo
1764 5155 1938 5221 israelitico
1961 5156 2063 5220 sancti
2077 5161 2187 5238 patres

259 5256 289 5323 ι)
306 5256 372 5309 illud
390 5296 397 5309 .
416 5295 422 5308 .
442 5296 448 5308 .
465 5295 472 5307 .
490 5255 607 5317 habebat
624 5253 693 5310 1553
711 5273 762 5328 seq.
1041 5268 1046 5282 ·
1215 5243 1421 5321 obiiciantur,
1444 5263 1524 5325 quos
1541 5263 1642 5324 quum
1659 5240 1772 5306 eodem
1788 5241 1866 5305 fidei
1883 5241 1999 5323 spiritu
2018 5241 2188 5307 nobiscum
