4770 6030
187 367 250 428 885
427 362 526 427 CAP.
548 363 645 428 XIV.
669 359 797 445 (VHI.)
840 360 904 425 DE
928 356 1402 425 PRAEDESTINATIONE
1424 359 1484 422 Er
1506 360 1831 426 PROVIDENTIA
1852 363 1944 428 DEI.
2126 364 2191 426 886

187 476 430 544 0101;11104;
450 475 551 528 0101.

187 551 459 635 quemadmodum
480 462 675 632 praebuistis
692 549 840 615 membra
856 554 966 612 vestra
986 568 1081 612 serva
1097 547 1160 609 im·
1212 547 1384 623 Dominus,
1404 546 1460 610 ubi
1477 568 1556 630 quos
1575 550 1675 614 semel
1692 550 1888 631 reprobavit,
1907 551 1989 616 lucis
2008 572 2190 616 101000111-

186 637 380 714 munditiae,
410 644 443 701 et
463 634 688 717 iniquitati'ad
710 636 928 717 iniquitatem,
958 655 1045 697 nunc
1068 631 1160 695 addi·
1211 633 1431 696 munieatione
1464 636 1593 701 orbatos
1628 635 1749 700 deserit
1775 636 1808 699 in
1832 638 1996 702 caecitat.
2041 633 2222 702 Alterius*

186 727 248 792 cite
270 723 329 787 illa
355 724 389 786 in
417 723 608 786 servitutem
635 722 788 786 iustitiae.
832 719 942 799 Quem
964 720 1052 782 cuim
1073 718 1159 781 fruc·
1211 718 1349 782 membri
1382 740 1457 783 oum
1489 729 1621 785 exstant
1656 721 1842 803 quotidiana
1876 723 2083 799 documenta,
2118 730 2189 786 tum

186 819 257 874 tum
279 832 321 873 ex
341 809 408 873 illis
429 806 609 872 habuistis?
638 809 672 869 in
695 807 812 888 quibus
835 827 923 869 nunc
945 805 1062 867 merito
1085 824 1160 866 010·
1212 803 1316 866 100111
1337 804 1373 866 10
1395 805 1563 886 scripturis
1590 809 1807 872 continentur.
1852 809 1952 890 Apud
1979 816 2111 874 centum
2134 830 2188 872 ea·

186 896 325 974 bescitis,
348 901 382 957 ct
401 901 537 958 caetera.
1212 888 1285 952 dem
1307 889 1375 953 1010
1397 890 1538 956 habetur
1559 894 1678 971 concio,
1700 895 1820 976 viginti
1841 901 1993 976 prompta
2013 894 2089 959 fidei
2112 894 2188 958 obe-

273 985 322 1045 32.
375 978 481 1060 Quale
509 986 601 1054 tunc,
630 978 761 1054 amabo,
792 976 956 1040 electionis
985 994 1097 1037 semen
1124 973 1160 1036 in
1212 974 1956 1062 (1101111110101011101;1111,10100111011101111
1980 980 2111 1056 habent,
2135 979 2188 1044 vel

186 1070 225 1132 iis
254 1066 472 1151 germinabat,
500 1065 556 1146 qui
582 1070 649 1127 tota
670 1064 740 1127 vita
767 1061 979 1126 multifariam
1001 1058 1159 1123 contami·
1210 1060 1334 1139 rident,
1369 1061 1421 1125 vel
1451 1064 1646 1145 explodunt,
1677 1065 1730 1129 vel
1758 1066 1996 1130 abominantur.
2048 1064 2086 1130 si
2115 1067 2188 1147 quis

186 1155 270 1232 nati,
293 1153 384 1234 quasi
408 1151 578 1232 desperata
602 1149 762 1230 nequitia,
791 1146 1022 1212 volutabantur
1042 1146 1077 1207 in
1100 1145 1159 1207 fla·
1211 1146 1413 1235 respondeat,
1436 1148 1657 1215 diversitatem
1679 1172 1721 1215 ex
1738 1172 1851 1215 eorum
1867 1153 2040 1233 provenire
2062 1151 2188 1216 malitia

186 1241 266 1323 gitio
293 1239 438 1309 omnium
461 1235 603 1299 maxime
630 1233 770 1298 nefando
791 1241 824 1297 et
845 1229 1056 1296 exsecrabili?
1098 1227 1159 1293 Se·
1211 1239 1245 1295 01
1266 1234 1488 1313 perversitate,
1510 1236 1656 1299 nondum
1678 1238 1880 1302 satisfactum
1897 1239 2003 1302 100111.
2049 1236 2137 1318 Quia
2154 1242 2188 1302 et

105 1364 108 1371 ,
186 1324 331 1390 cundum
360 1344 413 1386 eos
436 1322 463 1386 si
491 1321 579 1402 loqui
601 1320 770 1396 voluisset,
800 1318 958 1382 debuerat
978 1315 1157 1393 ostendere,
1210 1317 1342 1381 illerum
1369 1319 1539 1402 ingenium
1565 1322 1680 1386 eadem
1706 1323 1833 1387 malitia
1862 1331 2087 1404 occuparetur,
2122 1324 2187 1388 nisi

186 1421 345 1493 quantum
366 1409 431 1472 Dei
452 1407 683 1472 beneficentiae
705 1404 868 1481 deberent,
890 1423 1064 1485 perquam
1082 1422 1159 1465 con-
1209 1404 1372 1468 Dominus
1394 1426 1454 1470 sua
1474 1407 1619 1472 bonitate
1640 1415 1825 1491 corrigeret.
1907 1443 1913 1460 ·

186 1496 307 1561 servati
328 1501 444 1570 essent,
467 1515 509 1556 ne
531 1493 566 1554 in
588 1498 696 1555 tantas
717 1489 886 1554 foeditates
901 1488 1156 1571 prolaberentur.
1298 1493 1348 1553 34.
1393 1490 1463 1555 Cur
1485 1513 1562 1576 ergo
1580 1495 1722 1576 gratiam
1738 1494 1804 1558 illis
1822 1494 1992 1578 largiendo
2010 1495 2070 1559 hos
2090 1516 2185 1576 prae·

187 1581 244 1646 Sic
265 1588 299 1645 11
323 1581 444 1643 Ρο1101
474 1578 638 1643 debuisset
667 1597 741 1640 sues
770 1575 895 1639 hortari
917 1573 958 1637 ad
986 1571 1158 1656 gratitudi·
1210 1576 1387 1638 termittit?
1429 1579 1482 1642 De
1504 1578 1569 1644 illis
1597 1600 1729 1644 causam
1757 1579 1865 1644 reddit
1892 1581 2001 1646 Lucas
2024 1580 2113 1665 (Act.
2136 1583 2183 1659 13,

185 1689 271 1743 nem,
294 1665 334 1729 ob
357 1686 468 1729 semen
491 1663 656 1727 electionis
682 1669 878 1744 perpetuum
900 1659 931 1743 (l
953 1661 1041 1724 Petr.
1061 1666 1091 1737 4,
1112 1656 1157 1740 3).
1210 1659 1282 1744 48),
1318 1663 1396 1743 quia
1429 1663 1472 1727 ad
1503 1664 1606 1728 vitam
1640 1671 1718 1730 sunt
1744 1665 1973 1746 praeordinati.
1994 1666 2018 1750 ¹)
2062 1667 2114 1730 De
2142 1667 2184 1732 iis

186 1752 310 1817 Contra
332 1759 441 1814 autem
462 1749 628 1826 admonet,
652 1748 817 1812 suffecisse
839 1745 1053 1829 praeteritum
1074 1751 1158 1808 tem·
1210 1767 1288 1829 erge
1310 1747 1388 1829 quid
1416 1751 1609 1830 sentiemus,
1643 1752 1708 1815 uisi
1735 1752 1812 1832 quia
1841 1758 1918 1816 sunt
1947 1771 2027 1816 vasa
2053 1752 2121 1816 irae
2147 1753 2185 1816 iu

185 1860 247 1922 pus
279 1837 426 1919 gentium
463 1834 653 1900 hbrdrnrbus
690 1831 962 1898 consummandis.
1013 1828 1103 1910 Quid
1130 1829 1158 1894 si
1210 1833 1465 1897 contumeliam?
1516 1833 1642 1915 Quare,
1671 1858 1714 1900 ne
1741 1858 1816 1901 cum
1843 1838 2031 1920 Augustino
2040 1838 2069 1921 2)
2097 1837 2184 1920 loqui

186 1924 317 1989 venitur
346 1921 387 1985 ad
421 1919 592 2001 exempla?
647 1918 753 2000 Quale
784 1918 926 1982 iustitiae
959 1937 1094 1999 germen
1124 1917 1159 1979 in
1210 1938 1269 1982 nos
1290 1918 1413 2000 pigeat:
1433 1929 1550 2002 posset,
1569 1923 1676 2004 inquit
1692 1921 1755 1999 ille,
1774 1924 1866 1988 Deus
1883 1924 2043 1987 malorum
2067 1924 2185 1989 volun-

185 2009 304 2073 Rahab
336 2008 507 2071 meretrico
534 2013 609 2070 anto
636 2003 755 2068 fidem?
794 2004 829 2066 iu
856 2003 1025 2080 Medusae,
1059 2023 1159 2084 quum
1211 2011 1312 2068 tatem
1341 2005 1525 2070 iubenum
1558 2015 1747 2072 convertere
1779 2009 1856 2090 quia
1888 2011 2091 2090 omnipotens
2119 2016 2185 2090 est;

185 2093 362 2159 Ierusalem
386 2094 603 2174 intingeretur
625 2098 658 2154 et
685 2111 786 2171 prope
812 2089 1062 2173 immergeretur
1084 2110 1159 2152 san·
1211 2097 1319 2172 posset
1339 2091 1450 2172 plane:
1479 2113 1538 2157 cur
1564 2113 1642 2176 ergo
1664 2115 1730 2157 non
1752 2094 1852 2159 facit?
1885 2095 1962 2177 quia
1982 2095 2101 2174 noluit;
2128 2116 2187 2160 cur

186 2183 285 2264 guine
313 2177 568 2261 prophetarum?
612 2177 654 2239 Iu
676 2175 815 2253 latrone,
844 2175 900 2256 qui
920 2175 1006 2238 inter
1027 2173 1160 2238 ultimos
1210 2175 1360 2254 noluerit,
1382 2197 1481 2259 penes
1501 2179 1610 2260 ipsum
1630 2186 1695 2258 est;
1723 2178 1878 2245 debemus
1905 2181 1993 2244 enim
2020 2202 2086 2244 non
2113 2181 2188 2264 plus

185 2265 319 2330 tandem
347 2265 480 2346 spiritus
502 2263 542 2326 de
569 2259 995 2344 resipiscentiaoogitavit?
1038 2259 1159 2324 Faces·
1211 2282 1325 2343 sapere
1346 2283 1445 2343 quam
1465 2270 1601 2347 oportet
1645 2264 1814 2347 Multoque
1831 2266 1865 2329 id
1887 2267 1989 2331 satius
2007 2273 2066 2345 est,
2089 2287 2189 2348 quam

186 2350 461 2432 santorgohaee
484 2361 690 2431 argumenta,
713 2346 880 2428 quaesibi
906 2347 986 2428 ipsis
1010 2345 1160 2410 homines
1211 2348 1420 2430 tergiversari
1446 2370 1521 2414 cum
1547 2348 1834 2434 Chrysostomo:⁸)
1866 2351 1952 2433 quod
1984 2353 2149 2418 volentem
2157 2351 2187 2434 ⁴)

186 2436 340 2503 curiosuli
362 2444 493 2514 temere,
515 2436 586 2499 sine
609 2434 770 2514 scriptura
791 2431 985 2514 excogitant.
1024 2432 1163 2496 Maneat
1211 2434 1323 2496 trahat
1345 2440 1378 2497 et
1396 2456 1531 2499 manum
1552 2437 1781 2520 porrigentem,
1804 2459 1845 2500 ne
1868 2436 2043 2501 discrimen
2065 2439 2101 2501 in
2122 2438 2188 2502 Dei

163 2532 295 2586 -autem
313 2522 405 2586 nobis
426 2520 511 2602 quod
528 2520 627 2584 habet
644 2520 807 2600 scriptura
824 2518 899 2602 (les.
922 2521 970 2593 53,
985 2517 1028 2600 6),
1047 2538 1160 2581 omnes
1210 2517 1344 2598 iudicio,
1374 2521 1430 2584 sed
1453 2520 1521 2584 solo
1544 2522 1714 2586 hominum
1743 2522 1877 2586 arbitrio
1905 2522 2006 2586 situm
2026 2523 2185 2588 videatur.

185 2610 309 2691 pariter
335 2608 446 2672 ovium
471 2605 672 2688 perditarum
699 2606 804 2667 instar
832 2603 1015 2680 aberrasse,
1040 2624 1159 2666 unum·
1210 2603 1305 2668 Istud
1327 2605 1458 2687 quidem
1477 2608 1513 2670 in
1530 2608 1753 2689 quaestionem
1771 2607 1858 2671 trahi
1875 2628 1941 2670 non
1959 2614 2077 2688 potest:
2101 2608 2187 2672 mul·

186 2715 345 2777 quemque
372 2693 550 2758 declinasse
577 2693 613 2754 in
635 2691 724 2756 viam
746 2710 856 2767 suam,
880 2688 942 2753 hoc
963 2696 1026 2766 est,
1050 2687 1159 2770 perdi·
1211 2691 1253 2754 tis
1275 2691 1412 2755 verbum
1434 2714 1531 2757 suum
1552 2694 1732 2757 Dominum
1752 2694 1898 2771 mittere,
1928 2714 2066 2775 quorum
2085 2694 2188 2758 caeci-

186 2782 316 2844 tioncm.
362 2780 415 2843 Ab
437 2780 498 2842 hoo
520 2777 710 2859 perditionis
732 2775 861 2858 gurgite
882 2795 962 2855 ques
986 2772 1159 2856 aliquando
1211 2783 1314 2839 tatem
1342 2798 1397 2841 ma
1422 2779 1448 2843 ‘s
1479 2779 1560 2844 velit
1586 2780 1769 2862 aggravari.
1820 2777 1987 2859 Quorsum
2015 2779 2104 2843 onim
2138 2783 2188 2843 tot

186 2887 299 2930 010010
320 2865 483 2929 Dominus
504 2864 626 2941 statuit,
649 2884 703 2927 001
722 2863 758 2924 10
775 2882 869 2925 suam
885 2861 1160 2943 opportunitatem
1210 2861 1366 2926 mandata
1421 2865 1517 2928 cferri
1549 2864 1639 2928 iubet
1670 2865 1711 2929 ad
1741 2863 1970 2929 Pharaonem?
2017 2865 2076 2927 ‘An
2110 2864 2189 2946 quia

187 2952 310 3029 differt3
338 2958 468 3013 tantum
490 2957 676 3025 conservat,
699 2948 738 3011 in‘
755 2947 994 3028 blasphemiam
1015 2945 1158 3009 irremis-
1212 2947 1340 3028 saepius
1357 2951 1502 3031 repetitis
1518 2950 1735 3032 legationibus
1751 2951 1938 3034 mitigatum
1954 2951 1996 3013 iri
2013 2947 2185 3031 sperabat?

187 3036 314 3101 sibilem
335 3057 378 3099 ne
401 3036 623 3101 devolvantur.
652 3057 653 3060 ¹
1210 3032 1283 3098 Imo
1305 3042 1480 3116 antequam
1502 3037 1667 3118 inciperet,
1690 3037 1816 3100 exitum
1833 3045 1867 3100 et
1888 3044 2025 3101 noverat
2042 3042 2075 3099 et
2092 3057 2189 3118 prae·

273 3125 322 3183 33.
368 3119 650 3201 Quemadmodum
673 3139 750 3184 suae
779 3139 858 3200 erga
879 3116 997 3182 electos
1018 3117 1160 3183 vocatio·
1212 3118 1348 3184 dixerat
1392 3121 1454 3198 Ι10,
1479 3120 2187 3206 (1100111111οεί(Ε1011.4,21),11011[1000

186 3209 238 3271 uis
260 3207 411 3284 efficacia,
435 3207 583 3283 salutem,
608 3206 649 3270 ad
671 3226 768 3286 quam
793 3225 847 3268 eos
871 3211 1003 3268 aeterno
1025 3202 1159 3268 consilio
1211 3203 1259 3268 illi
1282 3205 1483 3270 voluntatem
1504 3228 1624 3271 meam:
1648 3228 1708 3291 ego
1727 3215 1837 3272 autem
1854 3207 2014 3273 indurabo
2034 3229 2088 3272 cor
2106 3209 2186 3286 eius,

188 3293 382 3368 destinarat,
409 3294 536 3374 perficit
563 3293 739 3366 Dominus,
768 3291 815 3353 ita
841 3311 901 3354 sua
922 3290 1021 3354 habet
1043 3288 1159 3354 adver-
1211 3312 1253 3354 00
1271 3291 1478 3374 obtemperet.
1513 3291 1569 3357 Sic
1585 3313 1687 3374 quum
1704 3293 1909 3359 Ezechielem
1926 3294 2070 3372 suscitat,
2092 3314 2187 3376 prae-

187 3402 242 3443 sus
265 3379 417 3459 reprobos
438 3379 566 3457 iudicia,
588 3379 705 3460 quibus
727 3376 898 3441 consilium
920 3374 960 3439 de
981 3375 1047 3440 illis
1064 3396 1160 3439 suum
1211 3387 1323 3440 menet
1345 3399 1379 3442 se
1401 3379 1533 3442 mittere
1555 3378 1596 3442 ad
1618 3379 1776 3461 populum
1795 3379 1948 3444 rebellem
1967 3385 2001 3442 01
2017 3387 2186 3444 contuma-

188 3474 391 3546 cxsequatur.
448 3462 538 3544 Quos
572 3486 650 3546 ergo
681 3464 716 3526 10
749 3462 836 3526 vitae
868 3461 1099 3527 contumeliam
1127 3468 1161 3525 01
1211 3483 1291 3539 cem,
1314 3485 1356 3527 ne
1377 3470 1539 3528 terreatur
1561 3466 1589 3529 si
1611 3464 1718 3529 surdis
1739 3486 1774 3529 se
1796 3486 1913 3529 cauere
1934 3463 2045 3529 videat
2066 3464 2137 3548 (Ea.
2156 3467 2187 3546 2,

187 3552 301 3614 mortis
328 3549 466 3613 exitium
488 3550 625 3627 creavit,
653 3556 691 3612 ut
711 3549 780 3611 irae
802 3569 879 3612 suae
901 3568 1025 3630 organa
1052 3548 1160 3610 forent
1212 3552 1292 3612 3et
1318 3553 1366 3626 12,
1386 3549 1430 3632 2).
1476 3548 1533 3615 Sic
1554 3549 1714 3615 Ieremias
1740 3549 1912 3632 praedicit,
1946 3551 2090 3615 futuram
2113 3549 2184 3614 0101

188 3646 221 3701 01
242 3636 424 3701 severitatis
445 3636 610 3716 exempla,
634 3655 702 3712 eos,
731 3635 823 3697 utin
846 3636 946 3697 finem
968 3655 1064 3698 suum
1084 3654 1159 3714 pcr-
1211 3634 1392 3699 doctrinam
1424 3636 1460 3699 10
1491 3637 1616 3719 ignem,
1654 3644 1692 3700 ut
1722 3636 1877 3718 populum
1909 3637 2014 3700 instar
2046 3634 2185 3717 stipulae

187 3725 336 3798 veniant,
365 3743 452 3786 nunc
479 3720 632 3784 audiendi
661 3719 753 3783 verbi
782 3721 831 3784 sui
859 3719 1013 3784 facultate
1040 3720 1157 3801 privat,
1210 3719 1327 3802 perdat
1352 3728 1385 3784 et
1412 3721 1548 3805 dissipet
1576 3721 1703 3800 (1011,
1730 3725 1792 3804 10).
1838 3719 1907 3786 Sed
1933 3722 2039 3804 magis
2069 3722 2185 3785 etiam·

187 3831 274 3873 nunc
297 3809 365 3872 eius
390 3807 630 3890 praedicatione
652 3806 758 3887 magis
780 3815 931 3870 excaecat
953 3814 986 3868 et
1006 3805 1159 3886 obstupe·
1211 3827 1291 3869 nuru
1323 3807 1444 3888 premit
1471 3808 1597 3872 Iesaiae
1618 3807 1803 3891 prophetia;
1826 3807 1873 3872 sic
1895 3807 1983 3871 euim
2005 3807 2185 3871 aDemino

187 3896 272 3959 facit.
317 3894 443 3958 Prioris
469 3893 609 3957 membri
635 3913 736 3973 quum
760 3892 934 3955 innumera
961 3891 1027 3954 sint
1048 3910 1159 3954 exem·
1212 3891 1389 3956 dimittitur
1418 3892 1494 3977 (Ics.
1518 3897 1547 3972 6,
1567 3891 1615 3976 9):
1644 3893 1726 3957 vade
1752 3899 1786 3956 et
1807 3891 1858 3957 dic
1879 3893 1955 3957 filiis
1976 3892 2093 3957 Israel:
2126 3914 2184 3964 au,-

186 3981 250 4062 pla,
272 4002 374 4043 unum
397 3987 508 4042 tamen
530 3978 614 4060 quod
635 3985 685 4041 est
704 3998 782 4058 prae
804 3977 876 4041 aliis
897 3977 1023 4041 illustre
1045 3997 1083 4041 ac
1100 3996 1159 4040 no-
1212 3976 1330 4041 dieudo
1352 3977 1472 4055 audite,
1492 3987 1526 4043 et
1545 4000 1587 4043 uc
1608 3979 1811 4062 intelligatis;
1840 3978 1980 4043 videndo
2001 3978 2123 4057 videte,
2151 3983 2185 4042 et

187 4066 285 4129 tabile
311 4066 478 4146 eligamus.
529 4063 679 4145 Quatuor
710 4064 838 4128 circiter
869 4083 1029 4126 annorum
1056 4061 1161 4125 millia
1211 4085 1253 4126 ne
1275 4064 1402 4143 sciatis;
1430 4061 1559 4128 obstina
1587 4085 1643 4129 cer
1663 4064 1774 4146 populi
1802 4063 1914 4143 huius,
1938 4074 1971 4128 et
1992 4085 2087 4128 aures
2113 4064 2183 4128 eius

188 4160 263 4214 unte
292 4150 416 4214 Christi
450 4149 628 4214 adventum
654 4150 865 4227 effluxerunt,
898 4149 1015 4230 quibus
1046 4148 1160 4211 saluti-
1212 4170 1370 4232 aggrava,
1400 4157 1433 4214 01
1459 4151 1568 4216 oculos
1590 4150 1659 4215 eius
1681 4151 1802 4232 obliue;
1829 4157 1867 4213 ut
1893 4171 1936 4214 00
1962 4152 2045 4215 10110
2072 4148 2183 4214 videat

187 4239 274 4301 forae
307 4235 471 4299 doctrinae
501 4234 608 4299 lucem
640 4235 765 4300 cunctis
798 4234 948 4317 gentibus
976 4233 1158 4298 occultavit.
1211 4234 1312 4300 oculis
1333 4236 1413 4315 suis,
1442 4243 1475 4300 et
1496 4235 1607 4300 audiat
1628 4237 1761 4301 auribus
1782 4237 1865 4314 suis,
1895 4245 1929 4299 01
1949 4235 2045 4300 corde
2061 4233 2182 4297 intelli-

188 4321 226 4387 Si
247 4324 318 4404 quis
335 4321 537 4402 respondeat,
559 4323 641 4385 tanti
659 4321 807 4385 beneficii
824 4326 986 4402 compotes
1003 4318 1075 4383 ideo
1093 4340 1160 4383 non
1211 4330 1281 4404 gat,
1310 4342 1373 4403 quo
1400 4342 1576 4386 conversus
1604 4329 1746 4386 sanetur.
1798 4322 1885 4387 Ecce
1912 4342 2024 4387 vocem
2052 4319 2093 4383 ad
2127 4339 2181 4384 001

186 4410 309 4485 fecisse,
333 4407 408 4489 quia
429 4407 580 4490 indignos
600 4407 764 4484 iudicarit,
787 4406 891 4471 nihilo
913 4413 1011 4469 erunt
1033 4405 1159 4488 dignio-
1211 4406 1331 4490 dirigit,
1354 4406 1411 4472 sed
1433 4415 1471 4471 01
1491 4408 1597 4489 magis
1619 4407 1865 4485 obsurdescant;
1896 4408 2002 4472 luocm
2024 4403 2180 4482 accendit,

187 4517 240 4559 res
262 4494 389 4576 posteri.
435 4493 603 4576 Curergo
627 4492 678 4556 his
703 4493 931 4573 potiusquam
953 4491 1018 4554 illis
1040 4489 1157 4555 datur?
1211 4492 1267 4557 sed
1290 4501 1326 4557 ut
1347 4492 1527 4557 reddantur
1543 4493 1755 4578 caecioresff)
1774 4493 1953 4559 doctrinam
1970 4491 2101 4572 profert,
2125 4488 2183 4554 sed

186 4581 309 4644 frustra
330 4602 364 4643 se
386 4589 543 4660 torqueat,
567 4581 621 4661 qui
644 4579 697 4642 hic
720 4599 852 4641 oausam
874 4577 1017 4658 requirat
1039 4598 1159 4641 arcano
1210 4599 1275 4659 qua
1295 4579 1400 4661 magis
1422 4580 1666 4661 obstupescant;
1688 4579 1868 4644 remedium
1890 4578 2034 4653 adhibet,
2060 4575 2117 4639 sed
2139 4595 2182 4640 ne

187 4674 220 4730 01
240 4664 445 4730 inscrutabili
463 4666 526 4728 Dei
549 4665 682 4730 oonsilio
700 4664 856 4727 altiorem.
886 4663 954 4727 Noc
972 4670 1022 4726 est
1040 4664 1158 4725 110110-
1209 4672 1374 4729 sanentur.
1419 4665 1528 4747 Atque
1555 4665 1641 4730 hanc
1667 4665 1871 4748 prophetiam
1899 4662 2063 4727 adducens
2084 4661 2182 4725 Ioan-

187 4751 274 4828 dum,
297 4773 340 4815 ne
362 4752 433 4832 quis
450 4751 628 4835 Porphyrii
646 4749 822 4831 discipulus
839 4749 903 4811 Dei
921 4748 1078 4812 iustitiam
1096 4749 1158 4811 im·
1210 4771 1268 4814 nes
1289 4750 1424 4816 ludaeos
1451 4751 1576 4816 Christi
1603 4750 1768 4815 doctrinae
1789 4771 1854 4813 non
1880 4748 2023 4830 potuisse
2050 4745 2182 4811 credere

187 4859 272 4919 punc
306 4837 452 4914 arrodat,
485 4838 579 4901 nobis
613 4856 672 4919 pro
701 4856 740 4899 ea
769 4834 852 4898 nihil
877 4826 1156 4915 respondentibris.
1210 4837 1333 4913 asserit,
1356 4838 1432 4919 quia
1453 4838 1489 4900 in
1509 4857 1563 4902 001
1584 4836 1787 4901 incumberet
1810 4835 1891 4898 haec
1912 4833 1977 4897 Dei
1998 4831 2182 4904 maledictio

187 4922 298 5001 Quum
321 4924 409 4986 enim
432 4924 621 5000 asserimus,
660 4921 766 4984 nullos
797 4921 904 5002 perire
938 4921 1156 4997 immerentes,
1210 4921 1315 5005 (Ioan.
1337 4925 1385 5000 12,
1410 4920 1475 5006 39).
1520 4923 1633 5004 Neque
1660 4921 1722 4985 hoc
1742 4941 1867 5003 quoque
1893 4919 2090 4984 controverti
2110 4924 2182 5000 pot-

187 5010 348 5089 gratuitae
374 5030 444 5073 esse
472 5008 702 5073 beneficentiae
730 5006 865 5070 Domini
893 5004 978 5087 quod
1009 5004 1158 5070 nonnulli

186 5093 382 5171 liberantur,
417 5095 545 5158 abunde
572 5115 631 5175 Pr⁰
663 5091 858 5157 illustranda
888 5091 1022 5155 Domini
1054 5090 1159 5173 gloria
1279 5140 1443 5208 0011111111
1462 5140 1626 5197 155a1554.
1667 5140 1697 5209 a)
1715 5142 1788 5194 nior.
1802 5138 1842 5192 11.
1854 5139 1887 5192 01
1907 5139 2002 5193 cenes.
2022 5141 2056 5192 aa
2074 5141 2182 5194 literam

188 5177 310 5241 dictum
343 5187 406 5257 est,
440 5188 477 5244 ui
508 5187 621 5244 nom
652 5178 920 5262 tergivefflafiffl‘?
952 5197 1158 5259 nssquaquam
1210 5208 1292 5262 010.
1361 5213 1391 5282 3)
1409 5214 1508 5266 Homil.
1527 5214 1561 5265 de
1579 5228 1699 5264 convers.
1717 5210 1802 5263 Pauli.
1872 5207 1902 5278 4)
1920 5216 2061 5263 vocantem
2079 5208 2183 5263 1539-

119 5265 131 5282 '
186 5262 340 5348 indigeat.
395 5265 689 5331 Praedestinationi
721 5264 823 5348 igitur
854 5284 933 5329 suae
960 5264 1049 5328 viam
1080 5262 1160 5328 facit
1210 5276 1286 5333 1550.
1329 5278 1634 5352 ,1)1111101011139.

1923 5361 1978 5416 56*
