4770 6030
180 333 245 395 285
844 330 944 398 OAP.
967 331 994 395 L
1038 330 1102 395 DE
1125 327 1416 396 OOGNITIONE
1438 330 1530 402 DEI.
2127 339 2189 403 286

179 441 337 512 A431345
356 441 415 496 04.
1038 451 1041 454 ’

180 518 402 582 reformidant
415 430 430 519 ]
444 518 560 600 Itaque
582 542 624 584 ne
646 520 765 602 ubique
786 516 960 585 videantur
981 522 1168 586 maiestatis.
1213 528 1250 584 ut
1274 520 1383 584 Deum
1411 540 1696 602 recognoscam,
1730 521 1795 585 Dei
1823 530 1932 586 autem
1966 524 2097 602 notitia,
2124 526 2192 590 nisi

181 606 252 669 eius
274 612 526 686 contemptores,
550 606 766 688 qualicunque
787 606 953 688 religionis
975 606 1081 689 specie
1103 606 1160 672 de·
1213 607 1380 688 hucusque
1398 607 1600 689 processerit,
1619 607 1710 671 fluxa
1724 618 1774 671 est
1791 615 1824 672 et
1837 609 1991 687 evanida;
2009 630 2064 674 eos
2078 632 2191 676 omnes

181 690 382 773 funguntur3
404 691 537 754 interim
559 700 670 755 tamen
692 713 758 756 161
779 691 933 756 desinunt
954 694 1045 756 omni
1065 694 1160 757 vitio-
1213 714 1233 756 a
1260 692 1433 758 creationis
1463 712 1541 756 suae
1573 691 1646 775 lege
1675 691 1873 776 degenerare
1900 696 2010 777 palam
2039 704 2102 775 est,
2135 697 2218 779 qui¹

181 798 257 840 rum
280 798 401 859 genere
431 797 466 840 se
495 797 710 859 conspurcare
738 784 772 841 et
799 778 924 860 flagitia
954 779 1086 861 flagitiis
1107 800 1161 844 66-
1213 799 1278 842 161
1307 777 1348 840 ad
1377 778 1465 843 hune
1492 798 1627 860 scopum
1652 779 1823 844 universas
1852 800 1930 847 suae
1951 782 2039 847 vitae
2068 783 2191 865 cogita»

180 862 306 946 pulare,
331 861 432 927 donec
454 871 602 927 sanctam
619 863 755 927 Domini
774 863 881 946 legem
902 866 990 927 omni
1008 871 1161 946 exparte
1213 864 1318 928 tiones
1340 863 1545 944 actionesque
1568 863 1741 929 destinant.
1779 863 1876 945 Quod
1897 876 1960 932 166
1981 866 2191 949 philosophos

182 948 352 1026 violarint,
386 957 420 1012 et
447 949 634 1013 universam
663 951 733 1013 eius
765 950 925 1013 iustitiam
958 948 1161 1031 dissiparint3
1213 950 1300 1031 ipsos
1322 949 1434 1013 latuit.=
1471 949 1546 1014 Non
1568 951 1657 1014 enim
1677 950 1766 1014 aliud
1789 958 1839 1015 est
1860 952 1945 1033 quod
1963 952 2066 1017 161111
2083 952 2190 1032 Ρ1616,

183 1034 236 1100 vel
265 1041 352 1099 certe
385 1055 452 1098 uon
480 1034 527 1097 ita
554 1035 741 1099 retinentur
769 1035 920 1099 simulato
950 1035 1005 1099 illo
1026 1036 1090 1099 Dei
1120 1038 1161 1099 11-
1214 1034 1293 1098 dum
1315 1036 1443 1116 saepius
1465 1034 1581 1113 docuit,
1603 1036 1626 1119 ¹)
1648 1057 1814 1101 summum
1836 1039 1965 1102 animae
1987 1038 2108 1102 bonum
2125 1039 2191 1103 Dei

182 1140 283 1196 more,
307 1122 385 1201 quin
408 1120 552 1184 suaviter
575 1121 609 1184 in
637 1121 780 1202 peccatis
802 1123 869 1185 suis
892 1123 1105 1203 acquiescant,
1129 1128 1162 1185 et
1213 1120 1459 1185 similitudinem
1480 1143 1565 1200 esse,
1589 1121 1668 1186 dum
1680 1120 1710 1206 ²)
1743 1131 1896 1206 percepta
1922 1125 1991 1188 eius
2013 1145 2092 1188 vcra
2114 1145 2191 1189 661-

184 1207 246 1272 sibi
268 1206 492 1283 blandiantur,
523 1215 556 1270 et
582 1207 691 1271 carnis
720 1228 798 1271 suae
820 1208 1090 1289 intemperantiae
1110 1208 1161 1271 in·
1212 1206 1471 1291 templatione,⁸)
1493 1208 1529 1271 11
1549 1208 1657 1290 ipsum
1678 1216 1746 1272 tota
1758 1209 2018 1274 transformatur.
2046 1210 2190 1274 Proinde

186 1292 320 1375 dulgere
352 1292 485 1370 malint,
518 1312 618 1373 quam
650 1293 783 1375 spiritus
816 1293 920 1358 sancti
934 1295 1060 1383 fiaeno
1089 1315 1162 1358 eam
1214 1292 1452 1374 sapientissime
1479 1314 1605 1375 quoque
1634 1293 1690 1359 1116
1717 1294 1803 1376 apud
1825 1296 2042 1361 Plutarchum
2065 1295 2191 1379 Grylus

185 1378 345 1444 cohibere.
391 1375 459 1441 Sed
480 1377 610 1459 quando
631 1379 738 1443 inanis
760 1399 799 1442 ea
820 1388 871 1443 est
891 1387 925 1442 61
945 1379 1088 1444 mendax
1110 1402 1161 1443 re-
1214 1378 1439 1456 ratiocinatur,
1474 1379 1552 1443 dum
1584 1380 1733 1444 homines
1766 1381 1921 1458 affirmat,
1951 1383 1979 1447 si
2009 1381 2049 1446 ab
2078 1403 2191 1447 eorum

185 1464 316 1547 ligionis
338 1463 470 1538 umbra,
494 1464 551 1527 vix
574 1465 673 1527 etiam
695 1463 795 1548 digna
817 1486 899 1546 quae
919 1466 1036 1530 umbra
1056 1467 1162 1530 nomi·
1214 1466 1284 1529 vita
1305 1464 1406 1528 semel
1428 1465 1513 1530 absit
1533 1465 1657 1548 rehgi0‚
1680 1487 1746 1530 161
1767 1466 1863 1531 modo
1886 1467 1990 1532 brutis
2011 1467 2191 1550 pecudibus

185 1558 291 1626 netur,
313 1551 426 1631 paucis
448 1548 687 1631 expediendum
709 1558 759 1615 est
780 1552 885 1632 qualis
907 1552 950 1616 sit
971 1551 1028 1615 illa
1050 1553 1162 1633 singu·
1215 1550 1301 1614 nihil
1329 1550 1503 1629 excellere,
1533 1551 1591 1616 sed
1612 1551 1724 1617 multis
1746 1553 1894 1634 partibus
1917 1574 1988 1617 esse
2009 1553 2106 1636 longe
2127 1553 2190 1617 mi·

184 1635 279 1713 laris,
302 1656 385 1716 quae
408 1634 484 1700 selis
506 1635 653 1699 fidelium
674 1637 860 1718 pectoribus
881 1637 1074 1716 instillatur,
1097 1638 1163 1703 Dei
1215 1637 1365 1702 seriores:
1388 1645 1426 1700 ut
1446 1638 1502 1719 qui
1523 1645 1572 1701 tot
1592 1638 1755 1702 malorum
1775 1638 1888 1703 formis
1905 1639 2045 1716 obnoxii,
2069 1637 2190 1702 tumul-

185 1722 316 1800 notitia;
344 1722 449 1803 qualis
473 1721 587 1799 etiarn,
610 1723 666 1803 qui
688 1721 764 1786 inde
786 1725 1009 1805 consequitur,
1032 1725 1162 1806 pietatis
1215 1723 1355 1786 11111111
1394 1733 1428 1787 61
1464 1724 1673 1805 irrequietum
1711 1725 1814 1789 vitam
1852 1732 2007 1806 perpetuo
2046 1724 2189 1789 trahant

185 1808 330 1872 affectus.
526 1856 529 1870 .
1215 1808 1328 1874 Unum
1354 1829 1432 1890 ergo
1461 1831 1531 1874 esse
1558 1810 1622 1874 Dei
1649 1809 1788 1888 cultum,
1816 1811 1873 1892 qui
1900 1811 2082 1892 superiores
2103 1811 2191 1892 ipsos

273 1897 302 1958 9,
348 1893 447 1956 Initio
475 1893 529 1975 pia
555 1914 649 1957 mens
675 1894 786 1958 Deum
810 1892 876 1958 non
903 1895 1080 1977 quemlibet
1102 1895 1163 1960 sibi
1215 1895 1321 1970 faciat,
1344 1915 1403 1975 per
1424 1915 1521 1976 quem
1538 1896 1643 1960 solum
1661 1894 1702 1960 ad
1720 1895 1998 1961 immortalitatem
2017 1897 2188 1978 aspiratur.

183 1980 340 2055 somniat,
374 1978 433 2043 sed
453 1979 588 2044 unicum
614 1989 647 2043 et
672 2001 788 2045 verum
811 1980 972 2046 duntaxat
1003 1982 1162 2060 intuetur;
1305 1984 1352 2042 ll.
1406 1980 1569 2060 Quoniam
1596 1982 1749 2046 ultimum
1776 1982 1890 2055 beatae
1916 1984 2002 2047 vitae
2030 1983 2130 2045 finem
2156 1982 2190 2047 in

183 2087 291 2148 neque
312 2065 360 2128 illi
382 2064 595 2147 quodcunque
617 2067 726 2131 visum
749 2067 848 2130 fuerit
869 2067 1009 2151 affingit,
1034 2067 1090 2132 sed
1113 2077 1162 2131 ta-
1216 2066 1266 2130 sui
1288 2066 1470 2148 cognitione
1489 2069 1760 2150 repositumesse
1781 2068 1886 2132 161111
1902 2068 2065 2132 Dominus
2083 2067 2189 2149 (Ioan.

184 2151 251 2216 lem
284 2151 406 2215 habere
437 2160 589 2215 contenta
622 2160 688 2228 est,
732 2152 862 2233 qualem
896 2175 931 2217 se
961 2154 1161 2218 manifestat:
1219 2155 1267 2229 17,
1287 2152 1338 2236 3),
1360 2173 1402 2216 16
1423 2153 1539 2234 quibus
1561 2152 1602 2216 ad
1624 2154 1812 2218 felicitatem
1834 2153 1959 2217 aditum
1980 2152 2190 2235 praecludere

184 2259 315 2303 summa
336 2235 507 2318 diligentia
526 2258 656 2320 semper
677 2259 805 2315 cavens,
830 2260 872 2302 ne
895 2239 1010 2304 audaci
1031 2241 1163 2304 temeri·
1215 2237 1299 2302 velle
1326 2237 1491 2316 videatur,
1519 2239 1681 2303 universis
1715 2259 1750 2302 se
1780 2239 1891 2321 palam
1917 2240 2119 2317 manifestat,
2153 2259 2191 2304 ae

184 2330 254 2388 tate
280 2330 376 2387 extra
403 2323 473 2387 eins
504 2322 708 2387 voluntatem
736 2324 932 2407 egrediatur.
977 2326 1030 2390 Ita
1051 2327 1162 2408 cogni-
1216 2325 1426 2406 conspicuum
1447 2325 1588 2389 exhibet
1633 2324 1720 2389 Nam
1742 2345 1843 2406 quum
1866 2326 1909 2389 sit
1929 2334 2048 2389 natura
2069 2327 2192 2389 116611-

184 2418 266 2487 1111,
292 2410 445 2491 61116111
461 2408 666 2491 providentia
683 2419 802 2475 cuneta
819 2410 981 2475 moderari
999 2412 1162 2495 intelligit,
1215 2408 1452 2492 prehensibilis,
1476 2418 1509 2475 et
1530 2411 1570 2474 ab
1593 2410 1738 2474 humana
1757 2408 1973 2492 intelligentia
1994 2410 2106 2492 pmcul
2119 2410 2192 2476 abs-

184 2494 328 2560 tutorem
356 2495 418 2558 sibi
445 2516 516 2559 esse
544 2495 691 2573 confidit,
715 2505 749 2560 et
769 2504 999 2578 protectorem,
1027 2498 1163 2580 ideoque
1215 2495 1379 2573 conditus,
1406 2504 1511 2561 certas
1540 2518 1617 2560 suae
1639 2495 1818 2560 maiestatis
1840 2502 1948 2572 notas,
1979 2496 2110 2577 quibua,
2133 2500 2193 2578 pro

184 2583 221 2646 in
248 2580 347 2645 fidem
377 2581 447 2644 eius
475 2602 510 2645 se
537 2582 670 2646 confert.
723 2580 811 2661 Quia
838 2583 993 2667 intelligit
1014 2606 1085 2649 esse
1107 2606 1163 2649 ou·
1216 2582 1384 2646 tenuitatis
1405 2591 1542 2651 ,nostrae
1570 2582 1714 2659 medule,
1737 2580 1968 2662 comprehendi
1990 2593 2101 2662 queat,
2125 2582 2192 2645 sin-

183 2668 287 2732 iusvis
308 2666 385 2731 boni
408 2666 469 2729 sibi
490 2677 647 2744 autorem,
671 2668 698 2731 si
721 2668 798 2749 quid
821 2669 921 2743 deest,
944 2671 973 2735 si
994 2669 1072 2752 quid
1089 2691 1163 2752 pre-
1216 2668 1301 2751 gulis
1322 2667 1390 2732 suis
1411 2669 1562 2750 operibus
1583 2668 1760 2751 impressit:
1788 2666 1846 2731 sed
1868 2666 1948 2730 adeo
1970 2667 2075 2731 claras
2097 2677 2130 2730 et
2151 2667 2191 2731 il·

183 2754 261 2830 mit,
283 2773 361 2820 mox
384 2774 419 2816 se
440 2753 560 2834 recipit
576 2754 611 2816 in
633 2754 702 2817 eius
724 2754 936 2835 praesidium,
960 2766 994 2819 et
1014 2757 1163 2821 invocate
1214 2754 1344 2831 lustres,
1367 2761 1405 2817 ut
1426 2755 1555 2819 sublata
1577 2755 1634 2832 sit,
1656 2751 1836 2835 quamlibet
1855 2752 1959 2818 caecis
1983 2774 2020 2817 aa
2043 2752 2189 2833 stupidis,

183 2840 257 2904 eius
277 2839 423 2916 nomine,
453 2847 621 2920 exspectat
642 2838 721 2903 dum
743 2860 838 2922 opem
859 2842 952 2905 ferat
997 2839 1161 2922 (1111116-
1215 2840 1419 2923 ignorantiae
1442 2841 1615 2906 excusatio.
1660 2840 1751 2922 Ergo
1773 2847 1937 2921 uteunque
1959 2839 2029 2902 eius
2051 2838 2192 2902 essentia

114 2985 117 2988 .
187 2945 272 2989 num
297 2945 429 2990 esseae
456 2925 637 3007 benignum
663 2946 821 3007 persuasa
850 2937 914 3004 est,
943 2929 977 2992 11
1005 2928 1074 2993 6116
1097 2929 1162 2994 616-
1214 2926 1324 3003 lateat,
1347 2926 1486 2991 virhrtes
1507 2933 1628 3004 tamen,
1650 2946 1733 3007 quae
1755 2924 1884 2990 assidue
1905 2924 2191 2996 nobisobversan-

184 3011 342 3074 mantiam
370 3019 459 3075 certa
486 3010 605 3076 fiducia
626 3013 800 3090 recumbit;
828 3034 889 3077 nec
911 3013 1053 3090 dubitat,
1082 3015 1162 3097 quin
1216 3019 1278 3090 tur,
1302 3011 1402 3075 talem
1425 3011 1598 3087 delineant,
1622 3011 1751 3094 qualem
1774 3033 1794 3075 a
1816 3011 1909 3075 nobis
1928 3011 2036 3092 ipsum
2057 3009 2190 3092 percipi,

184 3097 338 3161 habitura
371 3097 414 3160 sit
442 3117 570 3177 semper
597 3097 632 3160 11
660 3099 729 3162 eius
755 3099 978 3164 misericordia
1009 3109 1162 3182 paratum
1216 3098 1329 3162 salutis
1352 3103 1481 3162 nostrae
1503 3098 1647 3162 interest
1682 3097 1733 3161 Ae
1755 3098 1907 3179 primum,
1930 3116 2192 3178 quaquaversum

184 3183 337 3247 omnibus
370 3183 438 3246 suis
465 3181 561 3247 malis
588 3183 777 3248 remedium.
823 3182 911 3265 Quia
933 3185 1102 3250 dominum
1124 3209 1161 3252 16
1215 3184 1324 3250 ocules
1353 3184 1519 3263 coniicias,
1548 3183 1640 3248 nulla
1665 3190 1715 3248 est
1741 3183 1856 3247 mundi
1881 3181 2193 3264 particulamque

64 3269 65 3272 ’
183 3276 314 3352 patrem
336 3269 498 3351 agnoscit,
529 3267 666 3353 dignum
688 3291 759 3335 esse
781 3270 918 3349 indicat,
945 3273 1162 3355 6111611116-
1215 3291 1281 3334 161
1303 3269 1462 3334 scintillae
1484 3270 1601 3335 saltem
1627 3269 1753 3352 aliquae
1783 3268 1905 3352 gloriae
1927 3269 2029 3351 ipsius
2053 3268 2192 3332 emicare

183 3356 272 3419 rium
304 3355 340 3417 in
372 3354 522 3419 omnibus
547 3355 728 3430 intueatur,
759 3357 979 3421 maiestatem·
996 3359 1160 3441 suspiciat,
1215 3355 1462 3439 conspiciantur.
1473 3356 1502 3440 ⁴)
1530 3355 1778 3439 Arnplissimam
1795 3374 1873 3419 vero
1893 3353 1978 3418 hane
1990 3361 2023 3418 et
2039 3351 2191 3435 pulcher-

209 3440 325 3505 loriam
351 3439 606 3522 promovendam
634 3450 738 3520 curet,
765 3443 927 3507 voluntati
955 3444 1159 3526 obsequatur.
1214 3444 1332 3510 rimam
1352 3441 1554 3520 machinam,
1577 3463 1676 3525 quam
1696 3441 1762 3505 late
1778 3446 1888 3522 patet,
1911 3460 1976 3503 uno
1998 3439 2120 3502 intuitu
2140 3437 2191 3502 lu·

185 3463 274 3607 &iria
306 3526 429 3590 iustum
461 3548 531 3591 esse
559 3527 699 3593 iudicem
727 3528 832 3606 videt,
855 3530 911 3610 qui
932 3530 976 3595 sit
997 3531 1032 3595 in
1054 3540 1161 3596 trans·
1214 3537 1319 3593 strare
1340 3548 1499 3609 nequeas,
1528 3530 1607 3611 quin
1627 3527 1661 3593 vi
1683 3528 1843 3591 immensa
1864 3525 1999 3608 fulgoris
2022 3531 2107 3587 totus
2130 3545 2191 3587 un-

183 3632 350 3696 gressores
377 3632 490 3676 omnes
516 3635 629 3678 severe
656 3613 896 3693 vindicaturus,
925 3617 995 3680 eius
1017 3617 1162 3682 tribunal
1215 3614 1310 3696 dique
1332 3615 1489 3679 obruaris.
1535 3613 1647 3695 Quare
1669 3613 1836 3696 eleganter
1857 3618 1952 3675 autor
1974 3608 2128 3691 epistolae
2149 3608 2191 3673 ad

182 3719 314 3780 semper
335 3699 370 3761 in
393 3709 567 3781 conspectu
588 3701 650 3764 sibi
669 3701 829 3783 proponit,
852 3722 915 3783 quo
937 3703 978 3766 ab
997 3702 1037 3767 iis
1055 3704 1160 3767 omni-
1213 3699 1383 3765 Hebraeos
1411 3699 1527 3783 (Hebr.
1550 3705 1605 3779 11,
1619 3699 1653 3782 3)
1688 3697 1818 3763 saecula
1849 3702 2017 3778 nuncupat
2043 3695 2192 3761 invisibi-

183 3784 246 3849 bus
278 3784 481 3860 retrahatur,
496 3849 498 3852 .
516 3787 633 3867 quibus
665 3788 715 3852 ira
747 3788 817 3853 eius
848 3790 1018 3871 provocari
1044 3798 1158 3872 petest
1213 3786 1295 3850 lium
1321 3807 1433 3849 rerum
1454 3785 1653 3868 spectacula:
1681 3782 1767 3866 quod
1789 3782 1882 3848 nobis
1904 3783 1975 3847 vice
2003 3781 2126 3863 speculi
2149 3782 2192 3846 sit

179 3869 297 3952 Neque
325 3876 437 3934 tamen
465 3870 576 3936 iudicii
605 3874 673 3938 eius
706 3875 899 3957 cogitatione
933 3875 979 3940 sic
1008 3881 1159 3954 terretur,
1212 3872 1328 3936 mundi
1352 3873 1555 3953 compositio,
1578 3872 1613 3935 in
1635 3890 1698 3953 quo
1720 3869 1917 3934 invisibilem
1940 3867 2061 3949 alioqui
2081 3866 2192 3931 Deum

183 3964 222 4021 ut
254 3956 434 4021 subducere
448 3978 496 4020 se
525 3957 618 4035 velit,
652 3959 752 4023 etiam
778 3961 806 4024 si
833 3960 918 4043 qnod
946 3969 1057 4044 pateat
1078 3963 1160 4027 effu-
1212 3957 1478 4040 contemplemur.
1524 3956 1600 4038 Qua
1627 3956 1752 4020 ratione
1779 3953 1940 4037 propheta
1961 3953 2064 4038 (Psal.
2089 3958 2136 4031 19,
2158 3951 2191 4036 1)

182 4044 289 4126 glum:
320 4043 407 4123 quin*
428 4042 522 4106 illum
549 4065 616 4106 161
643 4045 752 4110 minus
779 4045 920 4111 libenter
953 4048 1161 4129 amplectitur
1213 4043 1413 4121 coelestibus
1428 4045 1586 4109 creaturis
1605 4041 1727 4106 idioma
1748 4040 1907 4117 attribuit,
1928 4039 2029 4104 nullis
2050 4039 2191 4102 nationi·

181 4128 345 4193 malorum
370 4128 523 4205 ultorem,
552 4150 651 4210 quam
678 4142 957 4197 remuneratorem
986 4133 1158 4213 benorum;
1211 4131 1273 4195 bus
1295 4130 1512 4212 incognitum:
1542 4127 1628 4213 quod
1651 4126 1832 4193 evidentior
1853 4125 1920 4191 illic
1942 4133 2051 4190 exstat
2073 4123 2190 4188 divini-

180 4212 311 4298 quando
333 4213 376 4279 ad
397 4216 466 4278 eius
493 4213 632 4298 gloriam
660 4217 823 4296 pertinere
844 4240 911 4283 non
932 4220 1041 4284 minus
1063 4220 1159 4285 intel·
1213 4217 1288 4281 tatis
1311 4216 1502 4294 testificatio,
1526 4237 1624 4298 quam
1645 4221 1683 4278 ut
1700 4213 1879 4295 praeterire
1897 4212 2004 4296 gentis
2021 4210 2119 4275 ullius
2136 4207 2189 4306 yel

181 4301 269 4385 ligit,
300 4298 387 4382 apud
409 4322 484 4364 eum
510 4301 619 4383 impiis
641 4310 673 4365 et
700 4303 868 4386 flagitiosis
891 4307 1066 4387 repositam
1089 4327 1159 4371 esse
1212 4303 1438 4367 obtusissimae
1461 4301 1753 4366 considerationem
1782 4297 1906 4364 debeat
1952 4296 2048 4378 Quod
2070 4295 2191 4393 clauus

243 4402 337 4463 nam,
365 4407 463 4470 quam
493 4385 643 4451 fidelibus
670 4388 757 4452 vitae
785 4400 937 4456 aeternae
965 4391 1157 4457 mercedem
1212 4411 1369 4454 enarrans
1393 4387 1579 4471 apostolus„
1633 4386 1789 4451 tefaetum
1810 4406 1882 4450 esse
1904 4383 2088 4448 hominibus
2111 4379 2191 4477 dicit

212 4479 358 4537 raeterea
384 4493 450 4536 161
472 4472 542 4537 sola
564 4472 697 4539 ultionis
719 4474 891 4541 formidine
913 4485 1093 4556 coercetur,
1116 4500 1159 4543 16
1212 4476 1321 4559 (Rom.
1345 4479 1371 4553 l,
1394 4472 1458 4559 19),
1481 4473 1568 4556 quod
1611 4472 1730 4540 eDeo.
1746 4471 1896 4555 cognosci
1914 4489 2030 4551 operae
2047 4473 2190 4563 pretium

178 4565 304 4642 peccet:
333 4557 390 4623 sed
412 4559 488 4640 quia
508 4559 619 4623 Deum
640 4560 710 4626 1666
737 4563 840 4642 patris
864 4571 953 4628 amat
975 4572 1008 4628 et
1029 4587 1159 4630 revere·
1212 4570 1295 4625 erat:
1324 4559 1410 4644 quod
1436 4558 1614 4624 invisibilia
1634 4559 1720 4636 eius,
1749 4557 1791 4621 ad
1814 4563 1980 4621 aeternam
2001 4572 2102 4633 usque
2120 4572 2190 4615 ems

179 4653 250 4724 tur,
278 4645 348 4711 loco
371 4644 494 4708 domini
517 4645 666 4723 honorat,
686 4647 800 4710 ‘etiam
821 4648 850 4711 si
872 4649 956 4713 nulli
977 4658 1088 4716 essent
1108 4652 1159 4715 in-
1211 4647 1368 4712 virtutem
1388 4654 1422 4711 et
1439 4645 1655 4721 divinitatem,
1675 4664 1695 4708 a
1712 4639 1875 4709 creatione
1891 4637 2006 4703 mundi
2024 4636 2190 4701 intellecta
2293 4698 2296 4708 ,

178 4732 249 4811 feri,
272 4731 376 4796 sclam
397 4738 508 4795 tamen
531 4732 600 4796 eius
622 4732 835 4797 offensionem
857 4733 978 4799 horret.
1010 4737 1065 4801 En
1082 4737 1160 4819 quid
1212 4733 1464 4815 conspiciuntur.

178 4818 223 4882 sit
243 4839 328 4901 pura
344 4838 563 4901 germanaque
581 4818 713 4901 religio:
736 4839 855 4900 nempe
872 4818 964 4899 fides,
982 4841 1057 4886 cum
1075 4824 1159 4887 serio
1302 4823 1349 4882 12.
1394 4817 1570 4883 Mirifioam
1594 4816 1663 4880 eius
1685 4814 1879 4895 sapientiam
1907 4830 1990 4907 quae
2017 4816 2187 4907 testentur,

178 4901 245 4968 Dei
265 4905 382 4967 timore
404 4905 584 4968 coniuncta.
621 4903 669 4969 Ut
690 4905 751 4969 snb
772 4905 902 4971 timoris
923 4904 1064 4984 nomine,
1088 4917 1159 4972 tum
1212 4905 1385 4968 innumera
1412 4910 1503 4981 sunt,
1537 4909 1609 4965 tum
1638 4902 1673 4965 in
1702 4899 1791 4964 66616
1816 4903 1888 4960 tum
1916 4918 1950 4959 11
1972 4903 2069 4959 terris
2091 4893 2189 4958 docu-

178 4989 309 5056 sincera
331 4989 414 5065 eius,
437 5010 520 5071 quae
542 5011 600 5072 per
622 4989 729 5073 legem
750 4991 993 5072 praescribitin,
1016 4991 1160 5057 iustitiae

178 5073 317 5153 dilectio,
337 5081 408 5137 tum
425 5075 610 5139 voluntaria
628 5075 757 5141 divinae
774 5077 957 5142 maiestatis
975 5079 1161 5143 reverentia

178 5159 487 5242 comprehendatur.
1284 5194 1313 5261 1)
1337 5194 1369 5245 n
1397 5193 1542 5245 rnaeuone
1571 5195 1600 5242 a
1624 5188 1779 5242 11161666.
1880 5186 1910 5255 a)
1933 5187 1978 5238 uu
2004 5183 2072 5238 1553
2089 5189 2114 5238 a
2137 5197 2191 5253 aq.

269 5251 317 5311 10.
361 5245 452 5330 Ergo
479 5248 569 5313 siea
595 5246 783 5314 conditione
811 5250 881 5333 1111
904 5268 1016 5315 sumus
1037 5268 1160 5329 omnes,
1215 5264 1245 5331 3)
1264 5264 1417 5331 cognitione
1436 5260 1504 5314 1513
1522 5267 1547 5314 et
1565 5275 1618 5329 seq.
1687 5255 1880 5326 66111111
1904 5254 1971 5309 1543
1990 5260 2015 5309 et
2037 5269 2106 5323 seqq.
