4770 6030
63 327 68 340 ,
186 352 253 418 XL
392 445 397 454 .
729 345 1645 414 6666661066616106166661666666.

342 540 450 622 Atque
479 537 518 602 de
543 537 598 600 illo
621 558 718 619 quem
745 538 799 602 hic
822 536 1028 602 commendat
1049 556 1134 601 novo
1155 535 1268 599 ordine
1296 536 1362 599 iam
1390 538 1572 600 accuratius
1595 536 1776 602 dicendum.
1826 537 1866 602 In
1890 538 2052 621 prioribus
2075 536 2191 615 editio-

188 652 285 715 nibus
308 649 439 733 singula
461 656 732 733 argumentomm
752 650 861 733 capita
879 670 946 712 uno
967 655 1082 712 tenore
1105 647 1192 712 aliud
1214 653 1289 730 post
1311 646 1400 711 aliud
1422 649 1548 712 venisse
1571 651 1774 728 memineris,
1797 650 1888 714 varie
1910 648 2042 731 quidem
2063 654 2191 712 mutata

187 764 280 837 serie,
304 761 360 826 sod
383 762 517 826 minime
540 760 581 825 ad
603 762 789 845 systematis
811 781 969 836 normam,
993 760 1183 823 interiorem
1204 759 1410 842 singulorum
1433 757 1622 842 dogmatum
1643 783 1766 824 nexum
1785 761 1997 842 respicientis,
2021 760 2198 843 disposiffl

188 873 267 938 Sola
289 873 402 937 editio
409 874 569 956 princeps,
594 881 631 936 ut
652 873 846 937 tractatione
867 872 971 936 multo
994 871 1171 954 simplicior
1193 877 1278 949 erat,
1309 891 1482 952 rerumque
1509 874 1601 953 copia
1621 874 1729 936 minus
1753 872 1857 950 dives,
1887 874 1934 936 ita
1956 872 2120 954 quandam
2141 871 2189 936 lo·

187 986 257 1068 giee
280 985 477 1049 deliberatae
500 984 719 1065 dispositionis
741 983 880 1065 speciem
901 1005 981 1065 prae
1004 1004 1038 1046 se
1055 983 1188 1059 ferebat,
1212 981 1332 1045 additis
1349 982 1507 1046 uberioris
1525 982 1691 1049 doctrinae
1709 984 1945 1068 supplementis
1962 1005 2039 1047 mox
2059 983 2190 1047 abolen-

187 1097 271 1160 dam.
318 1096 358 1160 Id
380 1097 488 1179 ipsum
511 1102 619 1173 autor,
648 1094 734 1176 quod
756 1102 826 1157 erat
848 1095 917 1158 eius
940 1115 1077 1159 acumen
1099 1100 1133 1157 et
1158 1093 1339 1158 tractandis
1363 1093 1488 1159 altioris
1514 1096 1669 1160 scientiae
1696 1097 1843 1160 materiis
1869 1097 2075 1179 aptissimum
2096 1098 2190 1178 inge·

186 1209 289 1286 nium,
313 1209 433 1290 optime
456 1208 595 1271 sensisse
618 1206 756 1284 videtur,
781 1214 814 1269 et
835 1206 883 1268 nil
906 1214 1014 1270 actum
1036 1212 1214 1288 reputasse,
1237 1204 1316 1269 dum
1336 1204 1414 1287 quid
1435 1206 1472 1269 in
1493 1207 1555 1271 hac
1576 1213 1669 1289 parte
1692 1214 1876 1291 superesset
1897 1206 2068 1290 agendum.
2107 1206 2189 1271 Inde

186 1328 265 1383 nata
287 1317 336 1384 est
358 1339 445 1384 nova
472 1325 505 1381 61
532 1325 649 1400 arguta
672 1318 778 1399 operis
801 1316 983 1399 dispositio,
1012 1317 1104 1381 cuius
1132 1317 1236 1380 forma
1257 1316 1370 1398 paucis
1392 1317 1453 1382 hoe
1482 1318 1551 1382 loco
1579 1318 1773 1382 adumbrata
1795 1319 2074 1402 operaepretium
2096 1319 2189 1382 nobis

187 1432 306 1495 facturi
327 1429 486 1495 videmur.
531 1428 701 1493 Dividitur
724 1435 828 1492 totum
850 1450 931 1511 opus
953 1429 986 1491 in
1008 1435 1146 1510 quatuor
1167 1427 1281 1505 libros,
1309 1428 1431 1510 singuli
1452 1427 1529 1492 libri
1550 1430 1585 1492 in
1607 1431 1714 1512 capita
1733 1451 1871 1494 numero
1893 1430 1988 1513 plura
2010 1450 2107 1510 quam
2130 1452 2189 1493 an-

188 1543 401 1620 1661661661,
426 1562 527 1622 eaque
550 1540 714 1618 breviora;
738 1541 838 1604 etiam
859 1541 1041 1605 sectionum
1063 1539 1213 1622 perutilis
1236 1539 1400 1604 distinctio
1422 1546 1553 1604 servata
1574 1547 1632 1604 661.

341 1654 444 1719 Liber
465 1653 591 1735 primus
614 1650 840 1734 duodeviginti
861 1652 1021 1734 capitibus
1044 1651 1114 1733 agit
1135 1651 1172 1714 de
1193 1651 1359 1732 6696111666
1380 1649 1444 1714 Dei
1464 1634 1610 1715 crealoris
1632 1658 1666 1716 et
1686 1653 1752 1717 iam
1773 1673 1840 1716 non
1861 1652 1967 1716 solum
1989 1672 2027 1715 ea
2044 1653 2192 1716 continet

188 1786 283 1848 quae,
303 1764 382 1828 olim
414 1765 476 1828 hoc
509 1765 640 1827 nomine
669 1764 706 1826 in
734 1762 892 1845 Capitol.
921 1764 1069 1844 exposita
1095 1763 1239 1839 fuerant,
1269 1762 1326 1826 sed
1354 1783 1395 1825 ex
1424 1762 1497 1826 aliis
1519 1783 1645 1845 quoque
1671 1764 1789 1846 prioris
1815 1764 2013 1829 recensionis
2041 1763 2189 1846 partibus

187 1876 283 1959 plura
304 1876 421 1959 recipit
441 1897 524 1958 quae
546 1876 623 1940 huic
644 1874 714 1940 loco
737 1875 842 1958 magis
865 1875 1039 1939 convenire
1060 1873 1256 1938 videbantur
1262 1897 1270 1952 ;
1292 1873 1416 1938 scilieet
1436 1895 1478 1938 61(
1500 1873 1580 1958 Cap.
1604 1876 1666 1939 ΠΙ.
1689 1875 1773 1957 quod
1795 1875 1835 1939 de
1855 1875 2054 1958 imaginibus
2071 1875 2135 1939 Dei
2155 1883 2190 1938 et

187 1987 284 2052 idolis
306 1986 431 2052 dictum
452 1993 537 2064 erat;
560 2008 601 2050 61(
624 1984 703 2067 (lap.
725 1986 785 2049 VI
809 1985 894 2051 locos
918 1986 957 2049 (16
980 1986 1135 2061 trinitate,
1159 1985 1333 2062 creatione,
1355 1985 1471 2050 muudi
1494 1987 1728 2070 gubernatione
1752 1994 1785 2051 et
1807 1987 1947 2070 angelis;
1975 2008 2017 2051 ex
2039 1986 2117 2069 Gap.
2141 1980 2188 2050 H.

188 2098 369 2164 doctrinam
398 2098 438 2163 de
466 2098 597 2162 homine
625 2099 769 2181 primum
791 2104 912 2176 creato;
940 2097 1079 2179 denique
1108 2118 1151 2160 ex
1172 2095 1251 2178 (lap.
1275 2096 1370 2160 XIV.
1394 2118 1477 2178 quae
1505 2098 1547 2162 ad
1567 2098 1807 2192 proyidentiam
1828 2100 1981 2164 universe
2004 2097 2189 2163 considera·

188 2217 257 2274 tam
279 2211 478 2293 spectabant.

340 2321 443 2385 Liber
464 2321 625 2387 secundus
647 2328 697 2385 est
719 2320 755 2384 de
776 2320 942 2402 aenaeae
964 2319 1029 2384 Del
1048 2319 1262 2401 redemptorio,
1284 2319 1514 2400 septemdecim
1537 2322 1645 2405 capita
1667 2321 1864 2404 complexus.
1909 2323 2031 2404 Incipit
2053 2343 2073 2386 a
2093 2322 2189 2405 lapsu

187 2438 221 2496 et
239 2439 370 2514 peccato
396 2441 493 2515 atque
515 2433 613 2515 capiti
635 2433 679 2496 H.
704 2430 790 2514 quod
810 2432 918 2495 166161
944 2432 1090 2496 maxima
1111 2453 1153 2495 61(
1174 2436 1268 2513 parte
1290 2430 1465 2512 respondet
1471 2455 1480 2510 ;
1509 2439 1581 2495 tum
1609 2454 1702 2497 suam
1730 2433 1808 2498 facit
1828 2439 1932 2496 totam
1953 2434 2021 2496 fere
2043 2433 2190 2514 disputa·

187 2544 309 2607 tionem
331 2544 371 2607 de
392 2544 464 2628 lege
484 2553 518 2608 61
543 2543 696 2627 decalogo
722 2542 816 2628 (olim
837 2542 917 2625 (lap.
940 2543 1035 2627 ffl.).>
1073 2543 1190 2625 Pergit
1211 2542 1253 2606 ad
1280 2542 1441 2606 rationem
1468 2564 1550 2626 quae
1578 2544 1666 2608 inter
1687 2550 1782 2609 vetus
1804 2551 1838 2608 61
1857 2566 1981 2609 novum
2002 2543 2115 2608 foedus
2136 2545 2190 2608 in·

187 2654 324 2720 tercedit
347 2655 565 2719 definiendam
588 2656 684 2740 (Cap.
707 2654 802 2738 XI.);
830 2655 969 2736 denique
991 2655 1031 2719 de
1054 2654 1179 2719 Christi
1201 2654 1270 2736 agit
1290 2675 1431 2736 persona
1450 2676 1586 2719 munere
1608 2661 1641 2719 61
1659 2657 1775 2720 merito
1797 2677 1879 2737 quae
1902 2661 1998 2720 antea
2020 2678 2093 2721 enm
2115 2655 2190 2721 aliis

142 2834 144 2841 ,
187 2766 304 2849 Capite
326 2767 403 2830 VH.
428 2767 663 2849 comprehensa
684 2774 786 2830 erant.

341 2879 444 2942 Liber
465 2874 596 2956 tertius,
618 2879 759 2961 quinque
783 2885 815 2941 et
837 2878 957 2961 viginti
980 2878 1123 2958 capitum
1141 2877 1265 2940 ambitu
1286 2876 1372 2939 inter
1394 2884 1538 2941 caeteros
1561 2879 1721 2956 eminens,
1743 2878 1932 2943 inscribitur
1954 2879 1991 2942 de
2012 2879 2099 2942 modo
2115 2898 2191 2960 per·

186 2991 345 3071 ciplcndae
373 2989 489 3054 Christi
520 2990 641 3071 pretias
669 2997 702 3053 et
730 3012 772 3053 ex
800 2989 1028 3054 diversissimis
1056 2989 1246 3070 antiquioris
1275 2987 1424 3051 editionis
1452 2989 1598 3071 partibus
1621 2990 1819 3071 compositus
1847 2995 1880 3053 et
1908 2991 2001 3072 quasi
2028 2990 2191 3055 conflatus

187 3109 245 3165 est.
275 3103 474 3183 Auspicatur
495 3121 589 3165 suam
610 3102 812 3185 provinciam
834 3123 854 3165 a
876 3099 1003 3183 Spiritu
1025 3107 1145 3177 sancte,
1169 3100 1224 3181 qui
1244 3099 1352 3163 fuerat
1372 3100 1448 3163 finis
1470 3099 1595 3182 Capitis
1617 3100 1712 3179 VH.;
1739 3120 1836 3183 porro
1858 3099 1935 3164 fidei
1956 3108 2109 3164 naturam
2132 3100 2191 3166 de-

187 3213 299 3277 scribit
319 3213 444 3277 inserto
466 3218 533 3275 toto
556 3211 672 3293 Oapite
693 3213 734 3276 V.
781 3213 866 3276 Tum
888 3213 1008 3276 transit
1030 3211 1071 3275 ad
1092 3211 1330 3294 poenitentiam
1348 3232 1461 3276 veram
1484 3219 1517 3275 et
1541 3212 1659 3276 falsam
1680 3211 1934 3295 depingendam,
1957 3212 2055 3275 simul
2076 3213 2192 3295 explo-

187 3323 232 3386 sis
254 3325 499 3388 romanensium
521 3323 560 3387 de
586 3322 798 3406 indulgentiis
825 3323 1097 3388 satisfactionibus
1125 3328 1159 3386 61
1186 3324 1375 3405 purgatorio
1403 3324 1609 3401 commentis,
1638 3344 1721 3404 quae
1748 3325 1859 3387 omnia
1885 3322 1963 3387 olim
1991 3325 2096 3406 capite
2124 3324 2190 3390 [X.

187 3440 394 3512 tractaverat,
423 3433 540 3499 additis
568 3435 733 3498 nonnullis
762 3457 803 3499 61
825 3434 905 3517 Cap.
928 3436 973 3498 Π.
997 3442 1030 3498 61
1051 3435 1147 3498 VHI.
1193 3431 1373 3516 Subiungit
1394 3434 1614 3519 hypotyposin
1636 3434 1723 3497 vitae
1746 3434 1889 3500 hominis
1912 3435 2082 3500 christiani
2106 3457 2192 3518 quae

121 3627 123 3631 Ι
188 3553 284 3609 66166
312 3546 347 3608 16
374 3547 440 3610 fine
468 3547 566 3610 totius
594 3547 700 3628 operis
722 3554 858 3611 venerat
880 3546 974 3629 (Cap.
993 3545 1117 3630 XXI).
1160 3547 1241 3610 Post
1267 3544 1348 3610 haee
1377 3546 1604 3628 paulominus
1626 3547 1783 3611 concinno
1810 3547 1924 3612 ordine
1952 3547 2192 3614 iustificationis

188 3641 370 3721 doctrinam
391 3656 535 3721 vindicat
557 3657 614 3740 (ex
636 3657 714 3739 (lap.
736 3658 807 3740 X.),
828 3659 1012 3741 libertatem
1034 3657 1246 3722 christianam
1267 3660 1384 3721 asserit
1406 3657 1462 3739 (61(
1484 3657 1563 3741 (lap.
1587 3657 1700 3742 XH.),
1724 3659 1878 3724 orationis
1900 3658 2042 3723 indolem
2064 3664 2097 3722 et
2118 3660 2193 3725 offi-

188 3768 275 3832 cium
297 3767 507 3833 commendat
523 3768 580 3852 (61(
603 3768 682 3851 Cap.
706 3768 809 3854 XV.),
831 3775 864 3833 61
884 3769 1213 3853 praedestinationem
1235 3769 1303 3834 sive
1324 3770 1514 3835 electionem
1535 3768 1591 3852 (ex
1614 3768 1693 3852 Gap.
1708 3763 1824 3854 XIV.)
1846 3771 1939 3834 sistit.
1973 3770 2092 3834 Finem
2114 3770 2194 3837 libri

187 3879 265 3943 facit
286 3879 375 3945 loeus
397 3879 694 3946 (161666116611666
716 3883 774 3963 qui
793 3880 879 3960 olim,
902 3888 1014 3964 utpote
1036 3880 1175 3965 symboli
1196 3881 1368 3961 apostolici
1384 3881 1549 3959 articulus,
1573 3882 1672 3963 capiti
1693 3881 1789 3945 VIII.
1812 3883 1955 3946 insertus
1975 3882 2090 3946 1116161.

341 3991 443 4054 Liber
463 4000 599 4073 quartus
620 3992 770 4075 idemque
791 3993 926 4057 ultimus
949 3993 985 4058 de
1004 3992 1136 4056 66166616
1161 3991 1273 4055 mediis
1294 3992 1336 4055 od
1356 3993 1487 4057 66161616
1513 3993 1705 4058 facientibus
1728 3993 1857 4058 disserit
1880 3993 2039 4075 capitibus
2061 3994 2192 4077 viginti.

188 4102 254 4182 Qui
275 4102 380 4183 primo
402 4102 471 4167 loco
495 4104 622 4184 copiose
645 4103 723 4169 dicit
745 4103 784 4168 de
806 4103 943 4169 eeclesia
965 4105 1097 4185 eiusque
1119 4103 1291 4180 ministris,
1316 4106 1536 4186 corruptione,
1560 4106 1789 4169 constitutione
1811 4113 1845 4168 et
1866 4104 2049 4186 disciplina,
2072 4106 2193 4187 quibus

187 4213 265 4277 olim
287 4213 465 4277 mactandis
487 4213 594 4278 dicata
616 4221 724 4294 erant,
753 4223 883 4297 praeter
904 4216 1083 4280 maximam
1104 4222 1231 4296 partem
1253 4214 1367 4296 capitis
1389 4216 1501 4294 VIII,
1525 4222 1631 4279 totum
1652 4215 1731 4298 Cap.
1754 4216 1806 4279 IV
1808 4267 1814 4281 .
1838 4224 1872 4280 et
1892 4217 1991 4281 XIII
2036 4213 2193 4298 Sequun-

187 4330 242 4389 tur
270 4324 327 4388 illa
349 4326 456 4406 capita
483 4331 565 4407 q‘uae
594 4326 634 4390 de
662 4328 873 4392 sacramentis
897 4336 965 4391 tam
987 4334 1073 4391 recte
1097 4346 1194 4406 quam
1220 4324 1302 4389 16166
1329 4328 1505 4392 nominatis
1526 4328 1605 4391 olim
1631 4328 1744 4392 eodem
1766 4327 1878 4392 ordine
1900 4336 1933 4393 et
1954 4310 2067 4392 tendre
2087 4350 2194 4395 vene·

188 4445 263 4500 rant
285 4435 553 4520 (XVI-XIX).
599 4438 798 4520 Appendicis
827 4439 897 4503 loco
926 4438 1040 4502 haberi
1066 4443 1172 4518 potest
1193 4436 1275 4500 illud
1298 4437 1383 4520 quod
1404 4437 1445 4502 (16
1472 4438 1602 4520 politica
1624 4439 1905 4504 administratione
1928 4448 2025 4504 antea
2046 4441 2193 4520 penulti-

187 4569 277 4610 mum
298 4548 405 4611 fuerat
427 4547 521 4631 (Cap.
543 4548 648 4632 XX).
725 4552 727 4557 '
1568 4622 1572 4628 ⁴

341 4658 458 4735 Vides,
488 4660 643 4724 benevole
664 4660 779 4739 lector,
808 4662 844 4724 in
865 4683 950 4727 nova
972 4660 1034 4725 hac
1056 4660 1242 4724 recensione
1264 4660 1375 4724 omnia
1398 4682 1517 4743 susque
1543 4661 1645 4745 deque
1673 4684 1768 4728 versa
1794 4670 1827 4725 et
1853 4662 2046 4726 conturbata
2067 4662 2193 4747 videri3

187 4768 269 4833 adeo
290 4769 372 4833 nihil
399 4770 467 4834 fere
489 4793 547 4834 suo
568 4771 638 4835 loco
660 4781 746 4836 stare
768 4793 883 4855 passus
906 4780 956 4836 est
975 4770 1104 4835 Noster.
1149 4771 1276 4835 Verum
1298 4772 1325 4836 si
1347 4793 1419 4836 rem
1440 4775 1612 4839 attentiore
1634 4774 1742 4838 animo
1763 4771 1987 4854 perpenderis,
2021 4795 2108 4839 nunc
2132 4776 2193 4843 (16-
2215 4795 2225 4803 ’·

186 4902 278 4944 16616
300 4882 461 4945 saniorem
482 4883 629 4946 ordinem
651 4883 823 4947 stabiliisse
845 4884 1078 4964 rectioremque
1099 4883 1258 4947 rationem
1280 4889 1453 4964 sequutum
1474 4885 1603 4963 dixeris,
1627 4894 1660 4949 et
1681 4885 1812 4948 omnino
1833 4883 1971 4949 lucidius
1994 4891 2027 4948 et
2044 4906 2193 4954 commo-

188 4991 260 5056 dius
283 4998 384 5056 totam
406 4993 481 5059 fidei
504 4995 701 5060 christianae
723 5015 885 5059 summam
907 4995 1103 5077 exposuisse,
1126 5016 1225 5076 qnam
1246 5002 1342 5058 antea
1362 4995 1397 5058 id
1418 4998 1589 5078 perfecisse
1611 4994 1769 5074 videatur,
1793 4996 1942 5077 quamvis
1962 4995 2091 5060 assidue
2114 5006 2192 5065 ten-

187 5109 258 5166 tata
284 5125 320 5167 re
342 5126 380 5169 ac
407 5106 497 5175 uarie
525 5108 698 5169 immutata
724 5105 885 5170 methodo.
930 5107 1039 5188 Atque
1061 5107 1097 5169 in
1118 5112 1211 5170 tanta
1233 5113 1500 5190 argumentorum
1524 5107 1789 5188 transpositione,
1820 5107 2007 5171 traiectione
2030 5095 2190 5193 capitum,

187 5212 331 5296 adeoque
351 5216 404 5280 vel
426 5217 630 5300 singularum
657 5217 849 5295 sectionum,
879 5218 944 5282 imo
971 5224 1148 5283 centonum
1176 5218 1304 5282 minuta
1332 5217 1537 5297 dissectione,
1565 5238 1630 5299 qua
1650 5217 1799 5300 plurimis
1820 5217 1912 5282 velut
1933 5225 2019 5282 sorte
2041 5221 2192 5290 coniecta
