4770 6030
214 343 276 406 395
783 336 1050 405 INSTITUTIO
1071 339 1175 404 REIr.
1199 336 1380 405 CHRIST.
1408 343 1640 404 laec-1554.
2153 341 2216 403 396

1917 451 2216 521 1161166666.

210 531 441 616 cupiditatibus
463 528 660 612 stuprandas
675 529 919 611 prostituamus.
955 526 1060 606 Unde,
1083 549 1185 609 quum
1237 527 1433 609 iniqu0=Dei
1452 527 1526 592 odio
1547 528 1720 593 intereunt
1760 529 1829 594 Noc
1852 440 1920 593 nllla
1940 528 2137 612 relinquitur
2158 551 2216 595 ex-

209 616 406 685 Iudaeorum
427 615 623 698 apostasiam
645 613 793 699 corripit,
822 634 876 678 eos
896 612 1041 698 proiecta
1060 613 1184 697 pudici·
1236 612 1424 695 postulatio,
1454 634 1513 679 661
1540 635 1605 678 666
1630 615 1773 679 aliorum
1794 613 1944 698 exemplo
1965 615 2031 680 Dei
2052 617 2160 698 gratia
2180 617 2217 681 in

209 704 256 770 116
278 700 446 768 adulteriis
473 701 659 783 inquinatos
681 699 900 781 conqueritur.
944 699 1035 781 Ergo
1057 709 1185 764 61616
1237 697 1603 776 salutemadiuventur.
1638 698 1751 780 Quum
1770 720 1848 783 ergo
1870 701 1952 766 haec
1973 701 2084 783 impiis
2103 709 2137 765 et
2157 703 2215 767 fla·

207 790 300 867 ritus,
323 809 386 871 quo
409 787 551 852 sanctior
572 793 622 850 est
643 807 681 850 ao
703 785 831 862 castior,
854 806 892 848 66
914 785 1048 868 6161166
1070 806 1185 873 66666-
1238 784 1362 868 gitiosis
1382 784 1548 867 irrogatur
1574 785 1614 851 ob
1637 785 1761 860 seelera
1785 787 1929 868 punitio,
1958 794 1995 851 ut
2022 787 2087 852 Dei
2109 790 2217 871 gratia

209 874 298 939 ditur
320 875 348 939 si
370 875 481 938 uxoris
503 873 652 937 animum
679 870 720 935 ad
743 870 880 935 rivalem
904 870 1063 936 inclinare
1085 871 1183 949 11161,
1238 871 1273 934 16
1305 869 1426 935 multas
1462 872 1690 954 generationes
1728 871 1843 936 domus
1881 893 1994 937 eorum
2032 874 2215 956 priventur,

207 960 256 1025 ita
276 961 454 1040 Dominus,
483 960 539 1041 661
567 978 626 1022 666
654 957 714 1022 6111
742 957 776 1020 16
799 957 938 1022 16111616
966 956 1183 1039 16666666111,
1237 955 1310 1038 6616
1338 957 1378 1020 61
1406 957 1618 1022 iustissimam
1646 957 1732 1023 hanc
1760 957 1939 1023 vindictam
1961 958 2033 1023 Deo
2062 960 2216 1026 erimina-

208 1045 472 1112 ardentissimam
498 1044 693 1127 zelotypiam
719 1063 813 1106 suam
834 1063 905 1107 csse
927 1049 1083 1121 testatur,
1106 1065 1185 1125 quo-
1238 1042 1360 1106 tionem
1385 1041 1556 1107 intendat?
1606 1044 1653 1107 At
1678 1043 1842 1109 Dominus
1869 1053 1983 1108 contra
2014 1048 2214 1126 pronuntiat,

209 1133 270 1197 ties
295 1132 445 1216 neglecta
471 1131 576 1196 sancti
606 1131 657 1193 sui
690 1128 832 1211 coniugii
865 1129 1008 1211 puritate
1041 1130 1185 1194 scelestis
1237 1148 1376 1209 poenam
1402 1129 1528 1209 peccati
1550 1130 1680 1210 paterni
1709 1130 1745 1193 16
1775 1129 1880 1194 filium
1908 1151 1974 1195 non
2001 1133 2216 1198 transituram

208 1217 398 1283 libidinibus
444 1237 713 1299 conspuroamur3
757 1220 829 1278 tum
865 1235 943 1279 vero
983 1216 1184 1297 praesertim,
1238 1213 1310 1297 (Ea.
1333 1217 1382 1291 18,
1402 1212 1467 1297 20).
1514 1212 1664 1280 Observa
1684 1214 1762 1298 quid
1782 1215 1850 1282 illic
1872 1222 1997 1299 agatur.
2033 1217 2214 1303 Israelitae,

208 1304 288 1369 dum
314 1303 459 1368 numinis
486 1303 537 1368 sui
563 1301 704 1378 cultum,
737 1321 835 1382 quem
856 1301 999 1364 maxime
1025 1300 1187 1365 illibatum
1238 1319 1339 1381 quum
1367 1298 1423 1363 diu
1444 1307 1478 1363 et
1498 1299 1628 1365 assidue
1655 1300 1767 1366 multis
1793 1301 2033 1368 calamitatibus
2055 1325 2216 1370 vexaren-

208 1411 279 1456 esse
302 1388 462 1467 decuerat,
486 1387 549 1453 alio
572 1387 773 1464 1611166166,
798 1385 848 1450 161
871 1385 1049 1464 inficimus,
1078 1387 1187 1469 aliqua
1238 1385 1993 1470 161,616161116ι61661616666661661,661166
2015 1409 2216 1456 666666616-

209 1476 446 1559 superstitione.
498 1470 771 1555 Quandoquidem
800 1471 862 1537 hoc
889 1471 984 1536 modo
1017 1494 1085 1537 non
1112 1482 1185 1537 tan-
1237 1468 1323 1535 disse
1345 1491 1445 1535 uvam
1467 1472 1627 1551 acerbam,
1649 1471 1738 1536 unde
1755 1471 1868 1538 dentes
1886 1465 2029 1538 filioru‘m
2046 1474 2215 1559 obstupes-

209 1569 280 1627 tum
303 1561 462 1626 violamus
490 1559 600 1624 datam
622 1559 657 1622 in
679 1558 829 1641 coniugio
850 1556 964 1636 fidem,
993 1558 1051 1622 scd
1077 1559 1184 1641 ipsum
1236 1562 1362 1634 cerent;
1385 1576 1448 1637 quo
1471 1557 1714 1640 significabant,
1734 1556 1887 1637 admissa
1907 1557 2006 1624 fuisse
2028 1582 2049 1625 a
2069 1563 2215 1642 parenti-

208 1646 387 1730 nuptialem
408 1646 540 1711 thorum
562 1643 703 1710 inductis
727 1641 883 1708 adulteris
901 1644 1086 1728 polluimus.
1235 1642 1297 1706 bus
1329 1648 1477 1723 peccata,
1511 1663 1649 1724 quorum
1680 1664 1803 1725 poenas
1827 1645 1906 1727 ipsi,
1934 1646 2012 1711 iusti
2040 1646 2160 1729 alioqui
2182 1655 2217 1714 et

295 1737 345 1797 41.
391 1734 433 1797 In
459 1731 711 1797 comminatione
736 1728 915 1793 videndum
940 1737 990 1794 est
1018 1729 1096 1813 quid
1123 1730 1184 1796 sibi
1236 1729 1459 1807 immerentes,
1487 1729 1681 1811 penderent:
1708 1730 1907 1812 implacabili
1934 1732 2040 1815 magis
2061 1733 2126 1797 Dei
2148 1735 2215 1798 ira-

207 1818 302 1896 velit,
336 1841 436 1902 quunr
470 1839 504 1883 se
531 1817 742 1882 visitatmum
769 1814 866 1881 edicit
892 1815 1099 1898 iniquitatem
1126 1831 1206 1898 pa··
1236 1812 1369 1892 cundia,
1406 1834 1505 1896 quam
1536 1814 1706 1880 moderata
1734 1817 1915 1882 severitate.
1970 1817 2016 1882 Iis
2045 1817 2216 1884 denuntiat

209 1913 299 1972 trum
320 1907 356 1968 in
378 1905 471 1980 filios,
494 1903 536 1968 ad
558 1902 690 1966 tertiam
711 1909 744 1965 61
761 1908 913 1983 quartam
929 1903 1182 1985 generationem.
1236 1899 1396 1981 propheta
1416 1920 1482 1964 non
1504 1901 1551 1965 ita
1572 1923 1658 1966 esse:
1681 1902 1758 1985 quia
1774 1901 1815 1967 ob
1836 1904 1969 1986 propria
1985 1904 2110 1988 11661116
2126 1905 2214 1988 plec-

208 1992 296 2057 Nam
322 1998 552 2073 praeterquam
581 1986 667 2070 quod
696 2009 716 2051 a
749 1986 879 2052 1111666
905 1988 1047 2052 iustitiae
1075 1987 1184 2071 acqui·
1237 1994 1350 2049 tantur
1356 2007 1365 2063 ;
1395 2006 1501 2068 neque
1522 1986 1586 2051 Dei
1615 1988 1758 2054 iustitiae
1779 1990 1968 2067 convenire,
1999 1996 2037 2054 ut
2055 1991 2142 2056 filius
2163 1992 2214 2057 16-

209 2084 277 2142 1616
304 2077 447 2140 61166661
476 2087 539 2153 661,
567 2094 706 2156 poenam
733 2073 831 2136 alieni
859 2072 967 2139 delicti
990 2075 1030 2138 ab
1058 2075 1184 2138 insonte
1237 2080 1320 2147 stus,
1352 2070 1392 2135 ob
1414 2070 1542 2137 scelesti
1564 2074 1666 2155 patris
1688 2074 1882 2156 nequitiam,
1911 2075 2108 2226 supplicium
2128 2077 2214 2158 luat;

210 2169 377 2247 expetere,
406 2161 569 2226 Dominus
596 2180 721 2242 quoque
749 2159 810 2223 hoc
843 2181 878 2223 se
900 2163 973 2223 'uon
995 2160 1184 2224 commissu·
1236 2155 1322 2239 quod
1349 2177 1455 2239 nequo
1481 2158 1516 2222 in
1544 2160 1711 2240 praesenti
1742 2162 1908 2226 sanctione
1934 2160 1979 2226 ha
2002 2168 2082 2227 etur.
2127 2162 2216 2228 Nam

210 2270 285 2313 rum
313 2249 456 2313 affimat
478 2246 550 2331 (Ea.
572 2249 621 2322 18,
642 2245 707 2328 20),
731 2253 769 2308 ut
788 2244 876 2309 filius
902 2253 1010 2326 portet
1031 2246 1185 2328 iniquita·
1237 2243 1265 2306 si
1297 2242 1453 2321 visitati0,
1488 2243 1528 2308 de
1559 2265 1624 2326 qna
1651 2267 1740 2310 nunc
1772 2267 1880 2311 sermo
1909 2254 1974 2326 est,
2008 2247 2214 2331 adimpletur,

210 2343 277 2400 tem
298 2335 410 2417 patris.
457 2333 560 2414 Atqui
580 2332 742 2395 sententia
764 2339 876 2395 166166
897 2331 978 2396 haec
998 2354 1064 2396 non
1085 2331 1186 2396 semel
1237 2350 1338 2410 quum
1365 2328 1405 2393 ab
1438 2330 1613 2412 impiorum
1645 2331 1769 2396 familia
1802 2333 1957 2416 gratiam,
1990 2335 2103 2400 lumen
2137 2358 2215 2400 suae

211 2421 385 2503 repetitur,
415 2418 455 2482 16
482 2417 594 2500 666616
622 2417 785 2480 avitorum
812 2417 971 2480 scelerum
1004 2418 1040 2480 in
1058 2418 1185 2481 futuras
1238 2413 1680 2498 161116116,16116666616116
1702 2417 1893 2482 6116166616
1910 2419 2017 2483 aufert
2032 2420 2213 2487 Dominus:

210 2507 436 2590 generationes
461 2501 689 2586 prorogandis;
719 2503 765 2567 sic
786 2504 873 2566 enim
895 2503 1024 2584 saepius
1051 2502 1186 2585 alloqui-
1238 2521 1275 2564 eo
1302 2501 1373 2583 1666
1399 2500 1494 2583 6661
1513 2504 1677 2567 excaecati
1704 2511 1737 2568 et
1763 2503 1910 2570 derelicti
1939 2526 1959 2569 a
1984 2504 2127 2570 Domino
2155 2507 2215 2571 filii

209 2600 266 2657 tur
292 2612 368 2657 eum
395 2586 806 2674 Μ6666(Ν66114,18);
837 2588 1001 2667 Iehovah,
1028 2588 1185 2666 Iehovah,
1237 2594 1412 2669 parentum
1434 2588 1580 2672 vestigiis
1606 2588 1777 2668 1661611161,
1804 2589 2064 2655 maledictionem
2092 2593 2213 2674 6166-

209 2679 266 2761 qui
293 2676 401 2743 reddis
430 2677 635 2763 iniquitatem
662 2682 794 2756 patrum
823 2674 900 2739 filiis
928 2675 963 2738 in
993 2675 1125 2739 tertiam
1153 2684 1186 2738 ot
1238 2679 1334 2737 terna
1360 2672 1484 2738 scelera
1510 2675 1687 2754 sustinent;
1714 2674 1801 2758 6661
1826 2683 1861 2739 61
1886 2677 2090 2757 temporariis
2115 2677 2213 2742 mise-

209 2770 359 2846 quartam
409 2761 660 2845 generationem.
729 2760 885 2824 Ieremias
929 2761 1078 2825 similiter
1113 2762 1184 2911 332,
1238 2759 1295 2823 riis
1318 2759 1541 2837 subiiciuntur,
1565 2768 1598 2824 61
1619 2769 1753 2826 6616166
1774 2760 1907 2826 demum
1928 2762 2036 2840 exitio,
2059 2763 2105 2827 ito
2126 2763 2213 2828 iusto

212 2849 281 2934 18);
305 2851 360 2932 661
383 2849 463 2913 facis
484 2845 741 2911 misericordiam
763 2845 798 2909 in
819 2846 977 2924 millibus,
999 2848 1055 2930 qui
1076 2868 1112 2911 re
1136 2846 1186 2911 dis
1238 2845 1302 2909 Dei
1324 2843 1453 2925 iudicio,
1476 2866 1542 2910 non
1565 2845 1605 2910 ob
1628 2846 1736 2911 aliena
1755 2854 1897 2930 peccata,
1920 2847 1977 2912 sed
1998 2847 2038 2912 ob
2060 2848 2213 2931 iniquita·

208 2936 414 3019 iniquitatem
450 2942 583 3015 patrum
621 2933 656 2996 16
695 2933 804 2997 616616
840 2932 983 2997 filiorum
1015 2938 1089 3014 post
1121 2954 1184 2997 eos.
1239 2939 1306 2995 tem
1327 2931 1494 3013 propriam
1513 2932 1704 3014 puniuntur.

208 3020 383 3098 Nonnulli,
412 3020 552 3085 durnin
579 3017 734 3082 solvendo
767 3018 828 3083 hoo
855 3017 940 3083 nodo
966 3039 1063 3102 aegre
1091 3019 1186 3083 desu·
1324 3020 1376 3081 43.
1420 3017 1537 3082 Altera
1558 3040 1600 3083 ex
1621 3026 1714 3100 parte
1735 3019 1871 3084 offertur
1891 3020 2070 3101 promissio,
2094 3019 2135 3085 de
2156 3042 2215 3086 ex-

210 3106 299 3183 dant,
323 3107 363 3170 de
384 3105 498 3188 poenis
522 3104 684 3168 duntaxat
704 3105 910 3187 temporariis
928 3111 1046 3186 putant
1065 3104 1186 3169 intelli·
1239 3101 1403 3167 tendenda
1416 3101 1439 3186 ¹)
1465 3104 1501 3167 in
1529 3103 1619 3168 mille
1646 3104 1872 3189 generationes
1891 3106 1956 3171 Dei
1977 3105 2214 3187 misericordia;

210 3191 369 3276 gendum:
399 3212 480 3274 quas
508 3191 536 3255 si
565 3189 625 3254 filii
653 3192 816 3255 sustinent
841 3212 900 3272 pro
927 3197 1102 3273 parentum
1130 3189 1193 3254 16-’
1239 3209 1322 3271 6666
1338 3188 1446 3253 'etiam
1473 3191 1660 3273 frequenter
1685 3192 1721 3255 in
1747 3190 1917 3273 scripturis
1939 3193 2093 3270 occurrit,
2124 3202 2158 3257 et
2178 3195 2216 3257 16

209 3277 308 3356 lictis,
339 3299 405 3342 non
426 3284 477 3341 est
499 3274 691 3353 absurdum,
720 3275 848 3359 quando
875 3298 971 3359 saepe
992 3277 1027 3340 in
1048 3277 1186 3341 salutem
1239 3274 1365 3339 solenni
1391 3275 1544 3342 ecclesiae
1572 3275 1704 3340 foedere
1736 3276 1905 3342 inseritur:
1933 3298 1989 3342 ero
2024 3276 2103 3342 deus
2129 3287 2216 3358 tuus,

209 3365 414 3448 infliguntur.
443 3361 540 3442 Quod
558 3383 674 3426 verum
691 3361 823 3444 quidem
841 3371 898 3428 est.
928 3362 1016 3427 Nam
1026 3362 1187 3427 Ezechiae
1239 3370 1273 3425 et
1294 3361 1427 3426 seminis
1449 3363 1498 3426 tui
1517 3368 1641 3444 postte
1659 3361 1759 3462 (Gen.
1781 3366 1830 3442 17,
1851 3361 1894 3447 7).
1923 3361 2020 3445 Quod
2041 3364 2218 3447 respiciens

210 3449 426 3515 denuntiabat
441 3448 564 3513 Iesaias
582 3446 648 3530 (39,
669 3448 713 3532 7),
736 3448 820 3513 filios
838 3450 906 3513 6166
924 3470 1026 3532 regno
1045 3448 1187 3531 spolian-
1240 3445 1396 3512 Solomon
1417 3448 1531 3513 scribit
1555 3447 1640 3513 filios
1666 3455 1828 3514 iustorum
1848 3456 2082 3530 postmortem
2103 3471 2217 3516 eorum

210 3535 267 3601 dos
289 3537 379 3600 etin
403 3533 555 3600 exsilium
576 3533 808 3617 deportandos,
832 3534 872 3599 ob
894 3543 1064 3616 peccatum
1086 3534 1126 3599 ab
1149 3555 1187 3599 eo
1238 3533 1351 3599 beatos
1372 3534 1441 3597 fore
1466 3532 1578 3618 (Prov.
1600 3537 1650 3613 20,
1670 3533 1715 3620 7),
1744 3555 1812 3599 666
1832 3541 1962 3601 1661661
1984 3543 2116 3601 sanctae
2138 3536 2217 3601 616-

232 3627 442 3705 61661161661.
494 3621 621 3685 Domus
646 3619 831 3685 Pharaonis
859 3626 892 3684 et
924 3619 1115 3686 abimelech
1146 3621 1186 3686 ob
1240 3619 1376 3685 cationis
1395 3619 1522 3685 1611666
1551 3618 1649 3706 (6666
1671 3619 1796 3703 etipsa
1817 3629 1905 3686 certe
1926 3629 2128 3687 momentum
2150 3644 2216 3686 666

208 3643 334 3771 laesum
345 3707 573 3772 Abrahamum
590 3705 1185 3791 61116166161((166.12,1761213),
1239 3706 1412 3770 minimum
1439 3704 1562 3790 habet),
1586 3705 1644 3772 sed
1671 3707 1712 3771 ob
1740 3707 1839 3772 istam
1865 3707 1902 3773 16
1927 3706 2056 3773 foedere
2077 3709 2216 3789 promis·

210 3800 268 3857 etc.
311 3790 378 3858 Sed
406 3814 507 3875 quum
529 3792 564 3855 id
587 3791 628 3856 ad
649 3792 846 3874 quaestionis
868 3792 966 3856 huius
993 3791 1188 3857 solutionem
1240 3814 1311 3856 sam
1332 3791 1607 3875 benedictionem,
1635 3791 1721 3876 quod
1743 3793 1879 3857 Domini
1900 3794 2008 3876 gratia
2028 3795 2063 3856 in
2083 3793 2215 3859 familiis

209 3877 363 3957 affertur,
393 3877 550 3962 effugium
578 3885 629 3942 661
650 3879 771 3961 magis,
800 3898 898 3962 quam
919 3899 1000 3942 1616
1026 3879 1187 3962 interpre-
1239 3879 1368 3961 piorum
1389 3884 1523 3943 aeterna
1543 3877 1692 3943 resideat.
1722 3877 1856 3943 Eximia
1878 3877 1954 3945 hine
1970 3878 2121 3944 fidelibus
2138 3901 2215 3944 con·

209 3964 298 4028 tatio.
344 3964 540 4029 Graviorem
561 3965 649 4027 enim
671 3963 827 4028 ultionem
849 3964 947 4030 edicit
968 3964 1021 4030 hic
1043 3971 1077 4029 61
1098 3965 1187 4030 simi-
1240 3964 1368 4042 solatio,
1391 3964 1508 4048 ingens
1529 3964 1639 4047 impiis
1665 3971 1779 4029 terror.
1824 3963 1910 4030 Nam
1932 3966 2054 4047 sipost
2074 3972 2215 4029 mortem

208 4049 295 4114 libus
316 4049 404 4127 loeis,
428 4070 527 4132 quam
549 4050 694 4114 6116116
715 4051 802 4115 11166
828 4051 1010 4134 praesentis
1030 4052 1187 4116 terminos
1240 4071 1366 4133 quoque
1388 4051 1545 4114 memoria
1566 4057 1638 4115 tum
1659 4050 1817 4129 iustitiae,
1839 4056 1911 4115 tum
1931 4050 2121 4133 iniquitatis,
2142 4058 2215 4115 tan-

208 4135 375 4200 limitetur.
428 4131 498 4200 sio
514 4135 616 4219 igitur
642 4136 866 4218 accipiendum
893 4147 956 4201 est:
991 4135 1076 4219 quod
1101 4136 1188 4200 iusta
1240 4145 1311 4199 tum
1333 4134 1421 4218 apud
1441 4135 1552 4200 Deum
1573 4135 1670 4215 valet,
1693 4144 1732 4201 ut
1751 4135 1937 4201 maledictio
1958 4136 2056 4202 lucius
2074 4144 2108 4201 et
2127 4137 2216 4202 illius

208 4221 343 4286 Domini
359 4221 553 4300 maledictio,
577 4244 642 4286 non
664 4221 759 4286 modo
781 4224 816 4287 16
838 4230 936 4306 66661
953 4223 1054 4305 116611,
1078 4221 1187 4286 sedin
1240 4221 1421 4287 benedictio
1442 4223 1478 4285 in
1493 4223 1717 4305 posteritatem
1739 4221 1908 4302 redundet,
1929 4221 2033 4288 multo
2054 4225 2159 4306 magis
2180 4225 2216 4287 in

208 4313 312 4372 totam
342 4328 468 4390 quoque
507 4307 664 4374 familiam
702 4309 877 4374 incumbat
932 4307 998 4374 Ubi
1029 4306 1185 4386 incubuit,
1238 4308 1317 4390 ipsis
1346 4315 1496 4373 autorum
1524 4309 1683 4391 capitibus
1715 4307 1877 4374 residebit.
1929 4306 2105 4374 Caeterum
2132 4308 2216 4372 nihil

208 4392 286 4475 quid
307 4395 489 4475 exspectari
508 4401 624 4476 potest,
647 4395 710 4458 nisi
732 4402 770 4458 ut
785 4402 887 4478 pater,
910 4394 1027 4475 spiritu
1044 4394 1108 4457 Ι)61
1130 4392 1186 4458 16-
1239 4394 1360 4472 616161,
1388 4394 1474 4476 6661
1495 4394 1671 4476 impiorum
1692 4393 1817 4460 soboles
1845 4393 2011 4459 interdum
2033 4394 2076 4460 ad
2096 4395 2217 4460 bonam

208 4479 350 4557 stitutus,
373 4480 624 4563 flagitiosissime
647 4480 760 4546 vivat?
783 4480 871 4545 filius
893 4479 934 4543 ob
951 4480 1055 4561 patris
1073 4480 1186 4562 nequi·
1237 4480 1366 4563 frugom
1388 4501 1423 4545 se
1442 4481 1572 4563 recipit,
1599 4481 1746 4546 fidelium
1768 4479 1892 4545 soboles
1919 4480 2111 4563 degenerat;
2140 4482 2218 4564 quia

207 4564 289 4629 tiam
322 4565 472 4631 similiter
505 4587 525 4630 a
552 4567 702 4653 Domino
717 4565 905 4642 derelictus,
933 4564 1071 4629 eandem
1094 4565 1186 4630 exitii
1238 4587 1304 4630 666
1326 4572 1517 4649 6616616616
1544 4567 1598 4633 hio
1625 4566 1773 4650 regulam
1795 4567 1896 4649 figere
1918 4565 2022 4630 voluit
2042 4566 2213 4643 Dominus,

208 4659 362 4734 sequatur
383 4650 492 4716 viam?
516 4673 616 4734 nepos
640 4652 771 4716 demum
788 4659 821 4716 et
838 4670 998 4733 pronepos
1016 4650 1186 4732 hominum
1238 4673 1320 4733 quae
1342 4674 1421 4717 suae
1443 4653 1592 4718 electioni
1619 4652 1799 4735 derogaret.
1843 4651 1931 4715 Nam
1959 4649 2002 4714 ad
2023 4650 2214 4717 consolatio-

208 4735 448 4801 detestabilium
470 4739 669 4803 exsecrabile
686 4759 807 4815 666166,
830 4735 1023 4819 61666161166
1040 4744 1114 4819 6661
1130 4758 1185 4802 eos
1238 4759 1314 4802 nem
1336 4738 1428 4817 iusti,
1456 4760 1495 4804 ao
1517 4746 1675 4804 terrorem
1694 4737 1874 4820 peccatoris
1896 4735 2030 4813 sufficit,
2054 4757 2120 4799 666
2143 4758 2214 4801 6666

207 4821 327 4886 ruant?
1237 4846 1358 4888 vanam
1384 4825 1491 4907 ipsam
1516 4837 1574 4889 aut
1606 4823 1807 4889 inefficacem
1834 4821 2049 4899 sanctionem,
2083 4825 2215 4887 tametsi

294 4912 345 4973 42.
389 4909 541 4973 Primum
559 4909 769 4991 inspiciamus
787 4930 830 4973 an
847 4907 922 4973 talis
939 4907 1085 4975 vindicta
1102 4908 1185 4985 divi·
1238 4931 1303 4974 non
1333 4932 1462 4992 semper
1487 4911 1595 4976 locum
1623 4909 1750 4974 habeat
1802 4904 2086 4988 Quemadmodum
2115 4909 2213 4987 enim,

208 5014 287 5057 nam
307 4994 466 5059 iustitiam
486 4994 648 5060 dedeceat.
694 4992 733 5058 Si
754 4995 907 5059 66116166
934 4994 1105 5059 hominum
1125 5018 1184 5060 na-
1237 5016 1321 5077 quae
1342 4996 1453 5078 paucis
1475 4996 1640 5062 secleratis
1657 4994 1851 5078 infliguntur
1867 4991 2063 5074 temporales
2079 5013 2213 5076 poenae,

208 5085 284 5142 tura
316 5088 366 5144 est
397 5079 605 5145 damnabilis:
646 5099 726 5160 quos
757 5080 920 5144 Dominus
953 5082 1078 5165 gratiae
1106 5104 1185 5146 suae

209 5167 499 5233 communicatione
526 5186 593 5229 666
625 5165 794 5247 dignatur,
823 5166 862 5231 116
890 5175 1042 5248 66161616
1064 5168 1183 5234 6611666

209 5271 280 5313 csse
303 5252 485 5329 interitum
513 5250 726 5316 nihilominus
751 5253 884 5335 propria
904 5253 1090 5336 iniquitate,
1117 5274 1184 5319 666
1305 5270 1335 5339 1)
1352 5269 1527 5349 promenda
1543 5264 1612 5321 leco
1628 5280 1698 5335 seqq.

1239 5171 1442 5179 ,m-...4
