4770 6030
212 376 275 438 495
784 365 1052 436 INSTITUTIO
1073 368 1177 433 Rau.
1201 367 1382 435 OHRIST.
1411 371 1646 433 lese-1554.
2161 378 2225 439 496

1855 484 1881 538 A
1896 489 1968 540 122⁴
1986 488 2009 540 Β
2024 489 2099 541 130·
2119 486 2223 543 0130.

212 585 255 629 ex
281 584 348 626 una
369 567 462 642 parte
484 559 634 637 Arianis,
664 580 706 623 ex
729 558 833 622 altera
856 556 1062 636 Sabellianis,
1093 558 1193 623 utris·
1245 565 1295 623 est
1316 558 1418 637 Deus,
1441 579 1507 621 non
1528 555 1614 640 quod
1634 559 1736 641 possit
1756 472 1888 641 quiddm
1909 529 2024 641 facere,
2048 529 2152 628 cedset
2173 570 2223 629 ta-

212 670 275 733 que
316 644 554 730 tergiversandi
599 666 713 709 ansam
757 644 902 727 praecidi
940 644 1191 722 stomachantes,
1245 664 1322 708 men
1344 644 1477 707 interim
1499 649 1532 707 et
1554 642 1707 721 desideat,
1730 644 1788 711 'sed
1809 648 1886 730 quia
1908 649 1978 713 eius
1995 667 2096 712 manu
2113 652 2224 715 omnia

147 802 150 806 ,
212 733 404 798 nonnullam
431 732 651 817 suspicionem
676 731 840 809 iniiciant,
874 729 929 795 vel
957 731 1031 794 Arii
1058 751 1093 795 sc
1122 751 1193 795 esse
1245 730 1464 809 continentur,
1485 730 1555 794 eius
1576 730 1782 811 providentia
1802 732 1929 797 coelum
1946 741 1979 798 et
1996 740 2085 799 terra
2103 736 2222 818 guber·

216 817 398 901 discipulos,
422 817 475 881 vel
498 815 642 881 Sabellii.
681 817 779 882 ‘Dicit
799 816 909 895 Arius,
933 814 1104 880 Christum
1124 837 1193 880 csse
1244 824 1381 892 uantur,
1411 816 1481 879 eius
1510 815 1644 881 consilio
1672 825 1705 880 et
1732 826 1815 882 nutu
1842 840 1894 883 res
1922 841 2035 884 omnes
2065 829 2226 904 geruntur

211 905 337 982 Deum;
356 902 413 968 sed
432 904 584 968 mussitat
600 904 723 968 factum
741 924 812 967 csse
830 911 863 966 et
879 903 1012 965 initium
1029 901 1190 967 habuisse.
1245 907 1278 965 et
1300 900 1538 983 dispensantur.
1584 901 1671 966 Nam
1698 903 1726 966 si
1748 905 1859 968 omnia
1878 925 2089 988 quaecunque
2111 907 2224 972 volue-

196 991 302 1057 ·Dioit
321 1011 425 1054 unum
448 1010 523 1054 cum
545 996 652 1071 patre3
681 988 739 1054 sed
761 988 846 1054 clam
874 990 910 1052 in
939 1009 1073 1052 suorum
1095 1009 1191 1052 aures
1244 988 1289 1050 rit
1309 987 1387 1052 facit
1414 986 1516 1070 (Psal.
1539 991 1608 1065 115,
1630 987 1679 1070 3),
1709 1010 1823 1053 curam
1851 997 1961 1055 autem
1990 998 2022 1056 et
2049 992 2224 1075 providen-

211 1077 411 1153 insusurrat,
438 1076 567 1139 unitum
600 1083 637 1138 ut
669 1083 813 1140 caeteros
841 1073 970 1152 fideles,
1004 1095 1192 1156 quanquam
1244 1073 1325 1149 tiam
1353 1074 1423 1137 eius
1451 1072 1535 1136 nihil
1558 1074 1687 1156 effugit,
1711 1076 1858 1157 sequitur
1878 1076 1963 1140 nihil
1988 1079 2051 1142 nisi
2074 1078 2143 1143 eius
2166 1101 2224 1145 vo-

212 1163 373 1245 singulari
400 1162 637 1244 praerogativa.
687 1162 751 1226 Dic
779 1159 1104 1236 consubstantialem,
1135 1159 1191 1223 de·
1243 1158 1371 1223 luntate
1393 1159 1579 1241 virtuteque
1599 1160 1680 1227 fieri.
1725 1158 1793 1225 Sed
1815 1161 1896 1227 haec
1917 1162 2034 1228 leviter
2052 1164 2222 1247 attigimus

212 1249 353 1312 traxeris
372 1248 535 1330 versipelli
554 1247 690 1326 larvam,
710 1253 872 1312 ettamen
888 1246 971 1310 nihil
986 1244 1078 1310 addis
1089 1246 1191 1328 scrip-
1244 1244 1422 1323 duntaxat,
1451 1245 1607 1326 quoniam
1628 1245 1782 1311 fusiorem
1803 1269 1916 1312 eorum
1938 1250 2167 1315 tractationem
2188 1252 2224 1315 in
2263 1274 2270 1290 ·

212 1335 304 1399 turis.
356 1335 446 1398 Dicit
474 1331 638 1398 Sabellius
667 1339 808 1414 patrem,
846 1332 951 1396 filiurn
978 1337 1012 1396 ct
1040 1332 1192 1414 spiritum
1245 1330 1347 1394 alium
1367 1329 1475 1395 locum
1497 1329 1687 1396 differimus.
1722 1332 1857 1415 Duplici
1875 1341 1985 1401 autem
2003 1335 2224 1401 consolatione

213 1427 364 1486 sanctum
391 1419 474 1482 nihil
501 1421 534 1482 in
557 1419 629 1482 Deo
650 1419 840 1483 distinctum
869 1439 994 1482 sonare.
1039 1419 1103 1482 Dic
1124 1423 1192 1481 tres
1244 1437 1279 1481 se
1299 1414 1381 1480 fides
1403 1424 1510 1480 armat
1531 1437 1573 1479 ex
1594 1416 1659 1480 Dei
1679 1419 1928 1501 omnipotentia:
1951 1420 2038 1503 quod
2056 1423 2135 1486 satis
2154 1442 2223 1486 am·

212 1527 301 1584 esse,
330 1505 559 1571 vociferabitur
584 1521 617 1569 te
644 1505 815 1568 nominare
843 1511 909 1568 tres
934 1503 1019 1568 deos.
1071 1504 1192 1568 Dicin
1243 1501 1333 1584 plam
1354 1501 1576 1566 benefaciendi
1604 1502 1793 1568 facultatem
1815 1525 1915 1586 pones
1937 1527 2012 1571 eum
2035 1528 2106 1572 esse
2126 1508 2223 1572 intel-

211 1613 278 1656 una
310 1592 375 1657 Dei
411 1593 553 1656 essentia
590 1611 805 1672 personarum
838 1590 1033 1667 trinitatem,
1069 1589 1191 1654 dixere
1243 1587 1331 1671 figit,
1362 1588 1454 1652 cuius
1481 1588 1653 1652 brachium
1680 1589 1723 1653 ad
1749 1591 1859 1655 omnia
1881 1591 2037 1675 regenda,
2069 1593 2221 1677 gerenda,

212 1698 277 1744 uno
308 1678 408 1743 verbo
436 1676 522 1760 quod
554 1677 735 1760 scripturae
767 1675 960 1758 loquuntur,
994 1681 1028 1739 et
1058 1676 1192 1739 inanem
1244 1672 1463 1755 dispensanda
1491 1673 1701 1754 extendatur,
1736 1676 1829 1740 cuius
1857 1678 1893 1741 in
1920 1679 2122 1761 possessione
2150 1701 2222 1744 coe-

212 1763 440 1846 loquacitatem
464 1763 701 1845 compresseris.
752 1760 848 1842 Quod
876 1761 980 1843 siqui
1002 1773 1072 1824 tam
1093 1762 1192 1825 anxia
1243 1759 1313 1824 lum
1335 1761 1377 1824 sit
1397 1766 1431 1822 et
1451 1766 1554 1838 terra,
1584 1761 1676 1825 cuius
1704 1768 1822 1825 nutum
1843 1784 1955 1829 omnes
1977 1771 2147 1828 creaturae
2169 1788 2222 1829 re·

212 1850 482 1933 constringuntur
509 1849 752 1930 superstitione,
787 1854 825 1911 ut
851 1848 932 1913 haec
959 1847 1093 1911 nomina
1124 1868 1191 1910 non
1243 1846 1396 1927 spiciam,
1421 1845 1462 1908 ad
1484 1845 1623 1909 salutem
1644 1848 1773 1930 piorum
1794 1849 2064 1930 promovendam
2082 1849 2107 1934 ¹)
2135 1851 2221 1933 quod

171 1935 334 2010 oferant:
356 1956 452 1999 nemo
474 1941 584 1999 tamen
605 1936 686 2012 iam,
709 1933 762 1999 vel
784 1934 813 1998 si
839 1939 1025 2016 rumpatur,
1053 1933 1192 1998 inficiari
1243 1931 1322 1995 satis
1344 1932 1528 1997 securitatis
1545 1932 1581 1995 in
1603 1933 1673 1996 eius
1695 1954 1765 1997 esse
1785 1936 1985 2016 protectione
2006 1934 2103 2010 videt,
2125 1937 2220 2001 cuius

211 2022 345 2105 poterit,
377 2028 482 2102 quum*
512 2042 615 2084 unum
643 2020 808 2098 audimus,
836 2018 1087 2101 intelligendam
1119 2040 1190 2083 esse
1242 2017 1404 2081 voluntati
1425 2019 1535 2082 omnia
1557 2018 1726 2082 subiacent
1747 2016 1998 2101 quae‘alicunde
2016 2022 2125 2086 timeri
2147 2043 2221 2104 pos·

212 2107 414 2172 substantiae
442 2106 601 2170 unitatem
608 2128 616 2183 ;
644 2127 746 2188 quum
773 2111 840 2170 tres
869 2105 1034 2182 audimus,
1068 2105 1103 2167 in
1124 2126 1191 2168 una
1243 2109 1321 2167 sunt
1341 2109 1552 2182 nocumenta;
1579 2105 1671 2168 cuius
1698 2105 1849 2187 imperio,
1878 2127 1938 2172 ceu
1958 2106 2109 2191 fraeno²)
2132 2129 2222 2172 coor-

211 2191 274 2258 hae
302 2193 444 2256 essentia
475 2192 658 2255 trinitatem
684 2193 920 2274 proprietatum
947 2212 1018 2254 esse
1043 2190 1190 2255 conside·
1243 2195 1335 2254 cetur
1362 2195 1471 2269 satan,
1500 2211 1576 2254 cum
1606 2191 1673 2254 suis
1694 2191 1844 2256 omnibus
1871 2193 2159 2273 machinamentis
2188 2203 2222 2258 et

212 2277 359 2342 rendam.
405 2276 479 2358 Quo
502 2299 568 2341 non
590 2277 816 2342 fraudulenter
837 2277 993 2354 confesso,
1016 2276 1117 2341 verba
1139 2277 1189 2340 ni-
1243 2273 1399 2356 quidquid
1420 2275 1550 2358 uspiam
1572 2275 1676 2346 saluti¹
1693 2283 1824 2363 nostrae
1846 2278 2049 2346 adversatur.

211 2363 261 2427 hil
283 2385 456 2428 moramur.
502 2362 599 2429 Nunc
622 2363 664 2427 ad
686 2363 866 2446 simplicem
895 2362 1035 2447 symboli
1057 2383 1189 2426 enarra

212 2450 334 2514 tionem
357 2448 564 2514 veniendum.

1408 2535 1655 2620 Creatorem
1686 2538 1792 2621 coeli
1823 2550 1884 2621 et·
1898 2549 2051 2623 terrae.

427 2706 549 2772 PARS
573 2704 968 2772 SYMBOLIPRIMrt
1328 2705 1378 2766 28.
1419 2702 1483 2767 Sat
1501 2704 1618 2768 coelia
1645 2709 1745 2770 terrac
1763 2705 1942 2771 mmtacbas
1959 2706 2097 2771 wetestc'a
2113 2709 2220 2771 amaia

1241 2793 1271 2852 ct
1294 2794 1417 2853 terreto
1437 2789 1487 2853 la'c
1509 2790 1821 2872 comprehendente,-
1850 2813 1886 2857 ac
1907 2794 1937 2857 si
1959 2792 2057 2872 Deae,
2080 2794 2147 2857 siae
2167 2814 2219 2858 ex-

212 2882 350 2968 Oredo
389 2884 433 2965 in
464 2885 607 2965 Deum
646 2894 813 2995 patrem
843 2881 1187 2992 omnipotentem.
1242 2875 1375 2957 ceptam
1404 2876 1556 2940 atcerear
1584 2880 1858 2943 carcinomatum
1887 2884 2012 2944 cesar.
2061 2880 2148 2961 thcd
2168 2900 2219 2944 er-

1236 2961 1390 3042 plicatc'as
1411 2961 1447 3024 c'a
1467 2961 1598 3043 amatote
1620 2963 1746 3028 staec
1768 2964 1910 3044 habear,
1931 2963 1987 3028 abt
2006 2967 2146 3029 amatam
2174 2966 2219 3030 oi-

298 3054 347 3112 26.
388 3049 454 3114 Ubi
471 3049 615 3132 primum
633 3048 821 3114 annotanda
838 3056 888 3113 est
904 3047 1056 3132 loquendi
1074 3049 1186 3114 forma.
1240 3046 1380 3111 sibiliam
1408 3051 1436 3111 ct
1467 3047 1675 3112 treetsc'bitc'aea
1695 3055 1821 3114 cecatur
1842 3051 1988 3116 conditor.
2034 3051 2136 3132 quue
2153 3052 2219 3133 fac·

210 3135 299 3200 Nam
326 3136 361 3199 in
382 3136 506 3212 Deum,
537 3158 594 3200 seu
620 3137 654 3198 in
674 3136 746 3199 Deo
767 3133 908 3213 credere,
934 3133 1071 3217 perinde
1090 3135 1187 3214 valet,
1240 3137 1307 3195 tam
1334 3153 1399 3196 csse
1419 3138 1548 3214 propter
1575 3131 1777 3200 Manicheam
1803 3136 1972 3202 cetamile
1995 3142 2052 3217 act,
2081 3137 2219 3218 quidue

211 3243 250 3321 ac
270 3223 379 3304 ipsum
394 3242 459 3372 lpro
481 3222 553 3321 Dec
571 3230 685 3372 ffitm
708 3220 859 3302 amplecti
859 3227 923 3370 Eett
937 3241 1114 3319 agnoscere
1122 3228 1190 3370 ,hut
1238 3218 1626 3368 mcdpfflwghm’
1648 3219 1754 3285 Deam
1770 3227 1799 3286 ct
1815 3221 1991 3373 diaeqqtaw
2012 3222 2134 3373 acmsscc
2151 3224 2220 3303 qut

211 3328 242 3372 er
269 3329 307 3373 ac
335 3329 435 3373 vero
469 3329 538 3372 erus
638 3327 815 3370 aereamus.
892 3328 908 3370 s
951 3328 1039 3371 enim
1067 3329 1109 3371 ex
1155 3329 1189 3372 e-
1343 3325 1361 3366 r
1542 3325 1674 3369 aceram
1694 3327 1801 3371 reram
1821 3327 1855 3372 cr
1903 3329 2017 3388 canera,
2105 3329 2143 3373 as
2163 3330 2219 3373 au-

210 3394 322 3459 braiea
343 3393 457 3476 phrasi
475 3400 606 3476 sumpta
621 3393 755 3470 locutio;
778 3412 860 3474 quae
878 3391 1010 3458 credere
1027 3394 1063 3457 in
1079 3394 1189 3458 Deum
1241 3395 1300 3455 tem
1328 3395 1462 3454 aotccras
1487 3391 1531 3454 ad
1551 3391 1709 3456 diabolum
1738 3398 1875 3458 calmem
1903 3395 2081 3476 referebant.
2125 3394 2219 3459 Haec

211 3501 269 3545 seu
296 3481 332 3543 in
360 3481 447 3558 Deo,
482 3485 632 3561 usurpat,
663 3499 722 3560 prc
750 3499 787 3541 eo
815 3477 900 3560 quod
926 3478 1039 3543 Latini
1067 3479 1188 3558 dicunt,
1242 3497 1390 3554 marera,
1418 3496 1515 3557 qaam
1543 3481 1571 3540 et
1596 3477 1709 3559 abique
1738 3481 1774 3544 ta
1802 3481 1961 3562 scriptam
1985 3482 2161 3560 damoetae,
2191 3486 2219 3545 et

210 3566 283 3630 Deo
305 3565 446 3644 credere,
470 3587 527 3630 seu
548 3564 648 3629 fidem
665 3563 801 3644 habere3
821 3563 885 3629 nisi
903 3564 988 3647 quod
1005 3565 1078 3648 plus
1095 3565 1189 3648 quid·
1242 3562 1306 3627 aa·
1324 3562 1443 3646 ctoriae
1464 3561 1577 3643 palam
1597 3564 1730 3647 dercpct,
1760 3567 1895 3648 oportet
1921 3567 1956 3630 c'a
1978 3568 2131 3631 commeat
2150 3587 2219 3630 coa

211 3649 288 3714 dam
309 3651 430 3716 habere
456 3653 609 3735 energiae
635 3650 774 3716 videtur.
820 3648 885 3715 Hic
907 3671 985 3734 crgo
1011 3651 1057 3734 pii
1078 3651 1190 3716 Deum
1237 3648 1386 3731 tersenis
1405 3648 1543 3729 farrata
1571 3650 1795 3732 repudiatae
1816 3652 1979 3734 masmae.
2024 3652 2111 3716 Nam
2132 3653 2216 3732 quod

213 3756 248 3799 sc
271 3758 446 3817 agnoscere
466 3744 499 3802 et
516 3737 669 3819 amplecti
688 3737 724 3800 in
740 3737 852 3801 Deum
869 3758 966 3801 suum
984 3738 1188 3820 profitentur,
1240 3735 1368 3799 achaea
1402 3733 1511 3798 babent
1536 3735 1773 3815 foederantem
1801 3737 1997 3816 Manichaei,
2030 3738 2119 3819 nefas
2151 3758 2218 3801 csse

211 3827 250 3884 ut
270 3822 414 3886 vicissim
437 3823 477 3887 ab
499 3823 569 3906 ipso
587 3830 778 3905 coaptentur
795 3824 831 3887 in
847 3823 1013 3906 populum,
1036 3844 1100 3905 quo
1119 3824 1188 3907 glo-
1240 3819 1359 3885 asetbc'
1386 3819 1455 3885 Deo
1481 3819 1580 3885 atltae
1605 3821 1653 3886 rei
1679 3823 1781 3901 motae
1802 3824 1995 3902 cresceres,
2021 3823 2058 3887 ta
2078 3844 2148 3887 cam
2169 3844 2217 3887 or-

211 3906 292 3970 riari
308 3928 384 3970 cum
401 3909 522 3972 structis
540 3909 690 3974 omnibus
709 3909 841 3991 possint.
870 3908 988 3974 Nonne
1006 3917 1043 3975 tu
1060 3930 1080 3973 a
1096 3910 1188 3992 prin·
1240 3908 1372 3973 tbodcaa
1390 3905 1536 3989 ediciam
1553 3907 1727 3994 aarum)
1743 3914 1883 3994 peceat·
1904 3906 1983 3991 qaae
2000 3929 2062 3975 eon
2081 3909 2217 3973 artrnittc't

211 3991 294 4073 cipio
321 3993 413 4056 Deus
448 3994 580 4059 noster?
631 3994 707 4059 Non
740 3996 918 4059 moriemur
945 3995 1045 4080 (Hab.
1068 4000 1101 4075 l,
1123 3993 1186 4080 12).
1241 3995 1383 4075 aliquam
1410 4013 1475 4057 csse
1500 3993 1536 4055 c'a
1562 3995 1672 4058 maadi
1700 3997 1900 4061 arctoersitatc
1920 3995 2039 4059 adom
2059 4000 2215 4059 amaram.

211 4074 382 4160 Siquidem
414 4079 470 4143 ubi
503 4101 578 4143 eum
605 4079 764 4145 habemus
793 4080 917 4157 Deum,
952 4081 1050 4147 simul
1082 4083 1117 4145 in
1150 4102 1188 4146 eo
1243 4081 1330 4145 Nam
1350 4098 1404 4143 acc
1425 4077 1556 4157 matitia,
1578 4084 1645 4143 tum
1664 4079 1809 4161 demicte,
1831 4087 1896 4146 trec
1917 4080 2042 4160 diaboli,
2065 4086 2121 4145 cat
2137 4101 2216 4162 qaae

211 4164 386 4246 repositam
409 4164 567 4230 habemus
594 4167 696 4231 vitam
718 4173 751 4230 et
779 4166 926 4231 salutem.
970 4168 1013 4231 In
1035 4169 1127 4232 cuius
1148 4169 1188 4231 fi·
1240 4167 1313 4231 c'ade
1334 4169 1507 4229 mouetur
1522 4170 1662 4246 peccata,
1685 4187 1723 4231 ea
1744 4173 1860 4232 actara
1881 4173 1967 4247 aa,
1994 4168 2049 4232 scd
2069 4189 2107 4232 ec
2127 4172 2216 4231 aaa

210 4248 325 4314 duciae
351 4251 630 4315 confirmationem
657 4252 860 4317 subnectitur
885 4254 988 4334 patris
1010 4253 1186 4336 epitheton.
1239 4273 1295 4317 rac
1326 4251 1533 4332 corruptione
1565 4272 1619 4315 ccc
1644 4251 1710 4317 alta
1737 4254 1861 4317 enata
1887 4259 2030 4319 creatura
2062 4252 2101 4319 ab
2125 4253 2216 4316 tactio

211 4335 278 4400 Per
300 4335 454 4400 dilectum
477 4337 565 4400 enim
592 4338 711 4415 filium,
741 4339 860 4419 inquo
882 4340 1057 4421 acquiescit
1078 4339 1188 4402 anima
1239 4339 1363 4416 asstitit,
1385 4338 1420 4400 ta
1441 4357 1505 4418 qua
1526 4339 2033 4421 accedereaccedere
2053 4359 2129 4404 suae
2149 4358 2216 4420 spe-

210 4421 290 4497 cius,
312 4443 347 4486 se
369 4422 462 4486 nobis
484 4432 610 4505 patrem
632 4423 862 4488 manifestavit.
906 4422 1039 4488 Itanos
1062 4424 1187 4506 inipso
1238 4426 1338 4489 ctmea
1370 4422 1501 4487 ediderit
1532 4421 1630 4487 Deus.
1681 4423 1754 4488 Iaca
1781 4447 1851 4490 ocra
1878 4446 1975 4507 qaam
2002 4425 2082 4490 atae
2114 4425 2216 4508 maele

211 4507 450 4589 complectitur,
479 4516 516 4572 ut
543 4507 618 4571 inde
646 4508 751 4572 omnis
774 4510 961 4573 nondnetur
981 4509 1131 4592 cognatio
1152 4510 1188 4573 in
1233 4510 1402 4594 propriam
1423 4507 1488 4572 Dcc'
1508 4509 1565 4587 se,
1586 4530 1682 4591 qaam
1703 4512 1868 4576 aeterratm
1889 4518 1918 4578 ct
1938 4511 2095 4589 αὕτουσία,
2118 4511 2154 4575 id
2175 4515 2219 4574 ert

210 4593 298 4657 coelo
322 4595 410 4658 etin
432 4592 774 4679 terra(llph.3,15).
805 4591 913 4658 Simul
930 4616 1008 4679 ergo
1025 4596 1059 4658 in
1077 4595 1187 4660 Deum
1240 4597 1409 4678 accipre
1435 4595 1611 4673 casceca,
1641 4601 1677 4660 ct
1696 4597 1745 4662 aa
1769 4598 1898 4680 tequea:
1931 4599 1987 4680 qai
2014 4596 2135 4662 diabolo
2162 4595 2217 4658 boc

210 4699 246 4741 se
269 4679 387 4742 attollit
410 4680 505 4758 fidos,
529 4681 631 4763 patris
652 4680 721 4744 lcco
743 4679 837 4744 illum
859 4687 957 4745 tenet.
1002 4681 1078 4745 Non
1100 4683 1189 4746 enim
1239 4683 1392 4760 tribuant,
1430 4701 1528 4745 aercae
1555 4682 1777 4762 quodammatc
1803 4704 1873 4748 cum
1902 4683 2077 4748 divinitatis
2106 4685 2216 4743 arceat

209 4762 304 4827 illum
327 4766 570 4848 apprehendere
591 4772 700 4849 potest
720 4765 790 4830 sine
811 4766 888 4845 filio,
910 4788 969 4850 por
990 4787 1088 4849 quem
1105 4769 1189 4832 tanti
1239 4768 1351 4833 tituto?
1393 4767 1516 4831 Dctadc
1536 4767 1589 4831 aa
1615 4768 1676 4831 erit
1697 4769 1914 4854 mnaipoteatia
1935 4768 2012 4845 Dei,
2043 4765 2216 4830 sidialrole

211 4848 288 4913 boni
310 4853 556 4918 communicatio
585 4851 627 4916 ad
654 4873 713 4917 nos
743 4851 919 4917 derivatur.
964 4852 1061 4934 Quod
1084 4855 1112 4919 si
1133 4855 1188 4919 ille
1240 4855 1299 4920 talc
1320 4854 1493 4919 cereceditar
1513 4853 1697 4936 imperium,
1724 4861 1760 4919 ut
1779 4855 1833 4920 cllo
1854 4855 1949 4919 tacito
1971 4873 2008 4917 ac
2029 4857 2218 4934 repaqrucatc

210 4935 304 5000 nobis
325 4937 361 5000 in
382 4944 524 5020 patrem,
544 4960 604 5003 nos
625 4938 673 5002 illi
695 4938 837 5003 filiorum
857 4938 942 5019 loco;
969 4941 997 5004 si
1024 4961 1093 5005 vcro
1120 4941 1188 5021 filii,
1239 4941 1395 5024 quidquid
1411 4939 1540 5004 odacrtt
1555 4941 1763 5021 aseqaaar?
1780 4939 1894 5006 Merito
1910 4938 2008 5022 {pita
2025 4958 2063 5002 ca
2079 4938 2216 5016 incanta,

211 5040 289 5103 ergo
311 5021 468 5088 haeredes
491 5023 525 5108 (2
543 5023 617 5089 Cor.
631 5029 667 5103 ⁴6,
693 5028 741 5088 18.
768 5025 864 5089 Rom.
884 5029 912 5104 8,
936 5025 1000 5112 17).
1942 5074 1945 5083 .

298 5111 347 5170 27.
371 5107 674 5192 ,Omnipotentiam
695 5110 743 5174 illi
765 5110 948 5189 deferimus,
972 5135 1039 5177 non
1058 5112 1188 5194 qualem

213 5191 377 5288 sopldstae
402 5198 547 5278 fingunt»
581 5198 730 5274 inanem,
765 5197 927 5296 ⁸⁰Pltamr,
949 5199 1098 5297 011053ῙῖῙὶ
1131 5197 1188 5262 Sssd
1309 5229 1338 5296 1)
1356 5228 1420 5283 aad.
1439 5229 1536 5282 deinde
1556 5224 1624 5282 1550
1641 5235 1747 5301 etscqq.
1787 5229 2217 5301 2)pr0aaen01539:precio.

212 5276 355 5359 vigilem,
380 5279 552 5360 efficacem,
571 5301 749 5364 operosam.
779 5281 859 5348 Ideo
876 5304 964 5348 emm
983 5291 1188 5366 ommpctens
1212 5276 1216 5336 l
1240 5298 1270 5367 3)
1288 5297 1429 5352 minimum
1447 5295 1522 5352 1560.
