4770 6030
177 351 239 414 269
787 343 1056 412 PRAEFATIO
1078 347 1144 412 AD
1166 346 1334 413 Rhoan
1355 347 1575 414 arnume.
2120 354 2183 419 270

175 536 255 620 quid
284 537 340 602 alii
368 545 444 601 ante
471 558 530 602 nos
559 550 616 601 aut
643 537 801 615 dixerint,
836 545 894 601 aut
920 536 1072 613 fecerint,
1095 535 1153 600 sed
1206 544 1257 601 tas
1279 537 1420 602 sonticas
1439 546 1547 620 postes
1569 538 1728 604 invasisse
1749 539 1876 617 orbem,
1900 542 2010 606 omnia
2029 541 2065 605 in
2087 562 2182 623 prae-

74 718 78 723 ,
175 649 263 732 quid,
287 649 344 744 qui
366 650 492 731 primus
514 650 661 713 omnium
683 661 741 727 est,
765 649 920 714 Christus
941 647 1151 731 praeceperit.
1205 667 1280 730 ceps
1303 669 1413 726 ruore;
1439 655 1477 712 ut
1504 659 1562 714 aut
1587 671 1722 733 prorsus
1748 672 1801 716 res
1823 652 1987 717 humanae
2009 653 2181 737 deploran-

174 758 275 825 Hunc
293 762 393 840 finem
410 782 516 843 neque
533 762 596 851 ipsi
614 761 677 825 sibi
695 762 933 843 praestituunt,
957 779 1061 841 neque
1078 758 1153 822 aliis
1206 757 1266 822 dae
1288 760 1364 838 sint,
1388 769 1446 825 aut
1466 762 1568 827 tantis
1589 761 1685 827 malis
1707 762 1883 829 iniicienda
1903 785 2030 843 manus,
2053 765 2106 829 vel
2123 786 2181 847 po·

174 873 406 955 praestitutum
426 872 547 936 habere
565 873 771 955 permittunt,
795 871 875 936 dum
892 871 1024 954 quosvis
1043 870 1153 951 potius
1205 870 1271 934 tius
1302 872 1351 935 vis
1381 872 1554 937 afferenda.
1574 873 1599 957 ¹)
1647 874 1695 938 Et
1721 875 1868 959 abigitur
1895 874 2091 954 remedium,
2113 898 2181 942 non

175 992 206 1049 et
226 984 288 1049 sibi
307 993 341 1047 ct
361 984 434 1049 aliis
447 985 631 1068 magistros,
651 1005 748 1066 quam
762 984 936 1050 Christum
947 982 1151 1064 praeficiunt.
1205 981 1270 1046 ulia
1289 984 1424 1059 ratione,
1447 985 1513 1049 nisi
1534 986 1611 1068 quia
1633 987 1828 1069 iampridem
1850 987 1945 1052 malis
1967 988 2179 1054 assuevimus.
2283 1064 2285 1072 ,

177 1095 273 1160 Pater
298 1100 371 1171 erut,
391 1095 416 1179 ¹)
449 1096 504 1175 qai
536 1096 686 1162 amared&
717 1096 873 1160 sedeciam
904 1113 965 1157 aare
992 1093 1096 1157 debere
1120 1113 1153 1156 oe
1206 1091 1273 1157 Sed
1299 1094 1406 1159 locum
1432 1118 1511 1161 sane
1539 1097 1659 1163 habeat
1685 1099 1721 1161 in
1748 1098 1916 1162 hominum
1946 1100 2100 1165 societate
2120 1121 2181 1183 pu-

176 1204 299 1272 Cbrieto
315 1227 521 1288 praeponere,
551 1209 627 1288 qaia
648 1207 840 1287 mesonpa
864 1207 1010 1270 vacam
1030 1205 1152 1284 iudicet,
1205 1205 1310 1270 blicus
1334 1228 1439 1287 crr0r;
1466 1209 1502 1271 in
1523 1230 1624 1292 regno
1647 1219 1758 1274 tamen
1779 1210 1845 1274 Dei
1865 1210 1934 1275 sela
1955 1211 2025 1275 eius
2048 1220 2182 1279 aeterna

176 1318 371 1383 emleeicetict'
400 1324 502 1383 cutem
529 1319 662 1398 iudicet,
691 1320 772 1383 sicat
797 1318 948 1395 bomiraee,
971 1318 1153 1398 plerumque
1204 1318 1326 1383 veritas
1354 1316 1515 1383 audienda
1536 1328 1570 1385 et
1598 1321 1775 1403 spectanda
1796 1329 1861 1398 est,
1892 1322 1944 1387 cui
1966 1322 2057 1387 nulla
2079 1345 2181 1389 anno-

171 1420 334 1511 fallaaicr.
380 1431 448 1495 Hoc
473 1432 566 1495 etiam
584 1431 646 1511 siae
669 1435 833 1511 perrupto,
856 1449 993 1494 asserere
1014 1449 1075 1493 noct
1096 1430 1153 1492 da·
1204 1449 1278 1492 rum
1304 1430 1402 1506 serie,
1437 1430 1529 1495 nulla
1556 1432 1806 1512 consuetudine,
1840 1434 1932 1498 nulla
1959 1435 2182 1501 coniuratione

64 1532 71 1541 ’
172 1539 284 1619 bant,
313 1547 405 1606 totam
432 1544 604 1623 ecriprtseae
631 1543 825 1607 ammedera
848 1541 886 1605 ab
908 1534 1049 1606 acatos
1070 1541 1153 1605 arbi-
1203 1541 1380 1621 praescribi
1402 1551 1516 1624 potest.
1552 1542 1608 1609 Sic
1630 1544 1795 1626 quondam
1817 1546 1936 1611 electos
1957 1547 2022 1611 Dei
2044 1546 2181 1612 docebat

173 1654 233 1717 trio
254 1655 395 1734 pendere.
446 1656 564 1719 Patres
591 1675 708 1737 omnes·
736 1675 802 1718 uno
832 1661 963 1736 pectore
991 1654 1151 1719 exsecrati
1203 1651 1539 1739 Iesaias(Ies.8,12),
1558 1677 1600 1719 ne
1619 1656 1772 1734 dicerent,
1792 1658 1997 1739 conspiratio,
2015 1657 2182 1723 adomnia

173 1774 260 1843 sunt,
284 1780 317 1830 et
338 1787 403 1829 uno
425 1787 481 1830 ore
503 1765 667 1844 detestati,
690 1775 841 1831 sanctum
858 1766 922 1830 Dei
944 1764 1082 1830 verbum
1099 1785 1151 1829 so-
1205 1764 1239 1826 in
1265 1763 1383 1845 quibus
1409 1767 1548 1848 populus
1576 1767 1704 1845 d'mebat
1726 1770 1938 1851 conspiratio;
1966 1770 2027 1835 hoc
2050 1782 2115 1849 cst,
2139 1791 2181 1836 ne

171 1877 359 1960 phistarnm
377 1879 516 1960 argutiis
533 1878 750 1944 contaminari
768 1885 801 1941 et
814 1876 1059 1941 dialecticorum
1069 1876 1151 1940 nris
1204 1876 1239 1938 in
1255 1875 1367 1958 populi
1387 1879 1661 1959 conspirationem
1680 1887 1713 1943 et
1730 1901 1926 1946 consensum
1944 1903 2011 1945 nna
2029 1883 2091 1964 ipsi
2104 1902 2180 1947 eon·
2246 1877 2250 1887 ’

171 1989 344 2071 implicari.
389 1990 444 2053 An
470 1991 527 2055 isti
554 1991 596 2054 iis
618 1989 779 2053 limitibus
801 2010 836 2053 se
858 1989 1043 2066 continent,
1073 1987 1151 2052 dum
1203 1987 1380 2069 spirarent,
1403 2009 1486 2052 neve
1508 1991 1659 2055 timorem
1681 1991 1751 2057 eius
1773 1988 1943 2070 timerent,
1967 2015 2004 2058 aa
2025 1994 2182 2059 formida·

171 2100 256 2165 nihil
283 2099 373 2165 aliud
400 2102 437 2172 in
464 2109 534 2165 tota
562 2103 633 2166 vit-a
660 2101 854 2177 moliuntur,
885 2121 984 2182 quam
1011 2099 1151 2165 infinitis
1203 2106 1292 2178 rent3
1321 2099 1379 2164 sed
1405 2101 1514 2182 potius
1541 2108 1579 2165 ut
1600 2103 1782 2167 Dominum
1808 2104 2012 2169 exercituum
2034 2107 2180 2170 sanctiti-

170 2212 434 2277 contentionibus
456 2220 490 2277 et
511 2213 684 2295 plusquam
706 2212 893 2295 sophisticis
913 2212 1031 2294 iurgiis
1048 2214 1150 2294 scrip·
1203 2220 1329 2289 carent,
1353 2220 1386 2276 et
1412 2212 1481 2294 ipse
1504 2220 1590 2278 esset
1615 2214 1714 2278 timor
1735 2235 1848 2280 eorum
1870 2223 1903 2281 et
1924 2237 2034 2297 pavor.
2079 2216 2178 2284 Nune

169 2331 265 2388 tarrae
297 2325 542 2407 simplicitatem
574 2325 742 2399 involvere
769 2332 803 2388 et
840 2323 1018 2405 impedire?
1052 2331 1089 2387 ut
1121 2324 1149 2388 si
1202 2322 1321 2404 itaque,
1345 2332 1383 2386 ut
1404 2322 1529 2402 volent,
1552 2332 1586 2388 et
1606 2327 1785 2407 praeterita
1807 2327 2179 2409 saecula,ctp1·aesen-

52 2436 68 2448 “
168 2457 259 2501 nunc
280 2444 391 2519 patres
413 2438 628 2515 suscitentur,
651 2443 685 2501 et
706 2434 893 2501 huiusmodi
921 2435 1074 2518 iurgandi
1097 2457 1150 2500 ar·
1204 2434 1250 2497 tia
1277 2435 1429 2516 'exempla
1455 2435 1548 2500 nobis
1576 2437 1754 2502 obiectent:
1789 2438 1817 2501 si
1845 2438 2028 2502 Dominum
2055 2441 2180 2506 exorci-

167 2555 238 2612 tem
261 2547 397 2612 audiant
419 2549 533 2633 (quam
555 2549 790 2631 speculativam
816 2547 1017 2630 theologiam
1039 2545 1149 2629 appel·
1203 2556 1297 2609 tuum
1314 2547 1637 2627 sanctificaverimus,
1662 2570 1728 2612 non
1744 2547 1841 2614 valde
1859 2549 2064 2614 terrebimur.
2100 2551 2180 2617 Sive

166 2659 255 2743 lant)
278 2661 333 2724 isti
355 2661 439 2725 nihil
461 2662 571 2726 minus
594 2658 738 2739 credant,
761 2681 860 2743 quam
883 2659 923 2723 de
940 2659 1013 2722 Deo
1034 2658 1148 2722 haberi
1202 2658 1289 2720 enim
1311 2658 1346 2720 in
1368 2658 1508 2722 similem
1536 2660 1738 2742 impietatem
1766 2660 1871 2724 multa
1893 2661 2023 2724 saecula
2044 2684 2179 2727 consen-

166 2771 432 2854 disputationem.
472 2773 598 2836 Varum
621 2772 720 2837 latius
741 2772 837 2836 iustis
855 2771 970 2853 spatiis
988 2790 1058 2834 sese
1076 2789 1149 2833 ora
1202 2769 1319 2847 serint,
1347 2769 1440 2835 fortis
1467 2779 1518 2836 est
1546 2772 1602 2853 qui
1623 2770 1781 2836 ultionem
1808 2772 1845 2835 in
1872 2772 2003 2841 tertiam
2027 2780 2061 2836 et
2081 2793 2179 2855 quar

166 2885 215 2948 tio
236 2893 349 2949 nostra
371 2883 564 2959 effimderet,
588 2886 617 2949 si
639 2904 808 2949 recensere
831 2882 1071 2964 vellemquem
1092 2902 1148 2964 pe-
1202 2886 1270 2943 tam
1292 2883 1537 2963 generationem
1558 2883 1670 2961 faciat3
1699 2883 1769 2948 sive
1799 2889 1888 2949 totus
1915 2883 2013 2948 simul
2035 2884 2180 2949 urbisin

166 2995 317 3060 tulanter
333 2997 390 3061 isti
407 3005 539 3080 patrum
556 2997 680 3079 iugum,
702 3016 841 3078 quornm
859 2993 1070 3059 observantes
1087 2992 1156 3056 filii.
1201 2990 1339 3055 eandem
1372 2994 1550 3074 nequitiam
1587 2994 1764 3076 conspiret,
1804 2995 2028 3077 experimento
2060 2994 2179 3074 docuit,

163 3107 274 3173 videri
292 3109 416 3186 volunt,
435 3109 613 3174 excutiant.
642 3107 775 3172 Menses
791 3107 936 3188 profecto
954 3111 1051 3186 atque
1069 3105 1148 3168 anni
1201 3102 1274 3184 quis
1302 3097 1350 3168 sit'
1373 3124 1486 3168 eorum
1512 3105 1620 3170 exitus
1647 3106 1702 3188 qui
1735 3128 1810 3171 cum
1836 3105 2047 3171 multitudine
2076 3106 2180 3172 delin-

162 3240 222 3284 mc
248 3213 433 3286 deficerent
478 3221 524 3285 Et
551 3219 631 3284 adeo
658 3218 788 3301 perdita
814 3225 892 3283 sunt
917 3216 1148 3299 deplorataque
1200 3223 1320 3297 quunt;
1359 3236 1460 3297 quum
1493 3217 1685 3282 universum
1718 3218 1889 3284 hominum
1921 3240 2024 3301 genus
2058 3218 2180 3284 diluvio

163 3331 387 3415 impudentia,
411 3341 448 3396 ut
468 3354 528 3396 nos
549 3332 711 3415 castigare
734 3330 860 3408 ausint,
883 3327 969 3410 quod
989 3327 1148 3392 terminos
1199 3325 1356 3408 perdidit,
1386 3335 1516 3395 servato
1538 3329 1609 3416 Noe
1630 3352 1706 3396 cum
1727 3330 1854 3398 modica
1875 3331 2015 3406 familia,
2043 3332 2100 3412 qui
2121 3351 2180 3412 per

165 3444 321 3525 antiquos
340 3442 630 3527 transgrediamur.
645 3444 675 3527 2)
1201 3460 1296 3503 suam
1318 3439 1416 3504 unius
1441 3440 1541 3505 fidem
1562 3448 1669 3506 totum
1689 3442 1802 3508 orbem
1825 3441 2056 3508 condemnaret
2077 3440 2179 3526 (Gen.

94 3634 103 3650 .
255 3555 329 3619 Iam
364 3576 442 3619 vero
482 3555 568 3638 quod
605 3576 664 3619 nos
707 3553 749 3618 ad
782 3550 1051 3619 consuetudinem
1089 3570 1147 3615 vo·
1203 3550 1557 3638 7‚1.chr.11,7).'
1596 3554 1746 3636 Denique
1767 3576 1871 3637 prava
1891 3551 2091 3618 consuetudo
2112 3574 2180 3617 nou

164 3676 260 3744 cant,
295 3666 379 3731 nihil
408 3667 562 3733 efficiunt.
613 3666 834 3730 Iniustissime
863 3664 951 3728 enim
977 3662 1148 3728 nobiseum
1201 3682 1294 3726 secus
1327 3682 1365 3727 ac
1396 3663 1529 3746 publica
1559 3664 1721 3748 quaedam
1749 3673 1800 3730 est
1826 3665 1941 3747 pestis,
1969 3665 2005 3727 in
2027 3685 2092 3746 qua
2112 3684 2180 3729 non

164 3788 331 3863 ageretur,
354 3780 382 3844 si
404 3777 631 3844 consuetudini
654 3777 950 3868 cedendum'esset.
984 3774 1148 3857 Equidem
1200 3773 1310 3837 minus
1331 3782 1481 3856 pereunt,
1504 3776 1559 3859 qui
1582 3776 1617 3839 in
1639 3776 1737 3840 turba
1758 3776 1888 3842 cadunt.
1922 3775 2051 3840 Adtoec
2072 3795 2181 3856 espar-

163 3891 197 3957 si
220 3898 311 3956 recta
332 3902 441 3956 essent
468 3891 640 3954 hominum
661 3889 797 3968 iudicia,
826 3885 1027 3953 consuetudo
1049 3872 1069 3952 a
1090 3887 1147 3952 bo-
1199 3883 1270 3948 dere
1291 3885 1425 3965 decebat,
1454 3887 1535 3967 qaod
1557 3886 1671 3951 abeuba'
1692 3887 1767 3952 aaa
1791 3887 1984 3970 Cyprianus:
1998 3889 2027 3969 ²)
2053 3908 2103 3951 eos
2124 3889 2180 3969 qai

163 4003 222 4068 n‘is
244 4001 386 4084 petenda
406 4009 490 4081 erat;
513 4012 630 4066 verum
648 4002 743 4083 longe
761 4000 857 4065 ahter
874 3998 1076 4082 saepiuscule
1093 4000 1147 4083 agi
1199 3989 1390 4080 meatim
1404 4002 1541 4079 meunt,
1558 3999 1616 4063 etsi
1632 4018 1692 4063 non
1709 4000 1833 4080 possim
1853 4001 1937 4064 amai
1958 4019 1992 4063 ae
2008 3999 2099 4082 adpo
2117 3999 2181 4064 eai-

162 4115 339 4198 contingit.
397 4112 495 4195 Quod
528 4114 618 4177 enim
649 4136 670 4178 a
698 4113 811 4177 multis
837 4112 910 4176 fieri
937 4118 1148 4193 conspectum
1199 4128 1289 4188 mere,
1306 4109 1407 4174 videri
1424 4115 1525 4175 menen
1536 4130 1761 4193 poseepaoquo
1777 4112 1865 4176 modo
1878 4111 2082 4190 enatabilem
2099 4110 2180 4175 oblo-

163 4236 233 4304 est,
267 4226 512 4291 consuetudinis
540 4226 592 4289 ius
620 4224 772 4289 obtinuit.
788 4224 817 4308 ⁸)
868 4223 971 4305 Atqui
999 4224 1057 4287 vix
1083 4244 1147 4287 un·
1199 4225 1264 4284 tam
1285 4225 1388 4285 aean
1410 4221 1474 4286 Dei
1494 4222 1634 4304 besem
1655 4225 1814 4288 vaitmem
1835 4224 1891 4305 qai
1911 4224 2112 4306 metiamiter
2132 4241 2179 4285 re·
2255 4275 2259 4282 .

162 4345 357 4421 quamtum
383 4339 467 4402 bene
494 4337 681 4403 habuerimt
701 4358 755 4401 res
776 4336 955 4413 humanae,
984 4343 1022 4398 ut
1043 4335 1147 4416 pluri-
1199 4338 1324 4413 spada,
1345 4332 1427 4397 nita
1447 4332 1557 4399 babere
1578 4335 1660 4417 qaod
1675 4335 1841 4401 mendant.

163 4450 233 4515 bns
252 4442 422 4533 placerent
443 4450 588 4514 meliora.
632 4450 722 4532 Ergo
745 4471 787 4513 ex
808 4447 948 4531 privatis
968 4446 1147 4510 multorum
1285 4443 1489 4512 Dilemmate
1511 4468 1570 4512 suc
1598 4468 1664 4512 non
1686 4447 1766 4514 adeo
1788 4449 2000 4514 vehementer
2022 4468 2081 4510 nos
2102 4466 2177 4527 pre-

162 4562 275 4642 vitiis,
302 4563 453 4646 publicus
475 4582 567 4626 error
587 4561 778 4643 plerumque
799 4562 905 4625 metris
926 4566 992 4636 est,
1014 4557 1067 4622 vel
1088 4577 1146 4639 po-
1199 4563 1305 4633 munt,
1324 4563 1363 4620 nt
1380 4557 1477 4622 fateri
1494 4558 1630 4644 adigant
1646 4559 1699 4626 vel
1717 4560 1886 4626 ecclesiam
1904 4560 2003 4624 luisse
2020 4557 2178 4639 aliquam·

162 4674 236 4739 tius
258 4676 439 4740 communis
460 4674 618 4738 vitiorum
636 4693 826 4750 consensus;
848 4691 945 4753 quem
963 4690 1052 4733 nunc
1070 4668 1145 4732 boni
1199 4665 1256 4732 diu
1281 4669 1534 4735 intermortuam
1562 4671 1615 4735 vel
1642 4694 1730 4738 nunc
1757 4693 1831 4737 cum
1854 4670 1990 4737 ecelesia
2016 4668 2109 4733 nobis
2137 4668 2178 4732 li·

162 4787 225 4852 isti
251 4787 315 4850 viri
344 4808 403 4869 pro
431 4786 503 4869 lege
530 4807 602 4850 esee
630 4785 753 4850 volunt.
798 4781 925 4846 Vident
951 4782 1007 4864 qui
1036 4779 1146 4845 oculos
1199 4786 1267 4842 tem
1285 4801 1364 4845 esse.
1399 4780 1496 4846 Vixit
1513 4804 1592 4848 sane
1602 4782 1728 4848 Christi
1745 4783 1888 4861 ecclesia,
1907 4792 1940 4846 et
1957 4782 2046 4846 vivet
2062 4802 2177 4863 quam·

162 4897 305 4978 habent,
333 4919 399 4963 non
421 4919 527 4962 unum
547 4917 640 4961 mare
662 4896 824 4960 mulorum
845 4893 1038 4970 inundasse,
1060 4889 1146 4954 mul·-
1200 4888 1256 4954 diu
1287 4890 1443 4958 Christus
1476 4895 1627 4979 regnabit
1660 4895 1702 4959 ad
1734 4896 1902 4958 dexteram
1934 4893 2052 4975 patris3
2085 4893 2177 4958 cuius

192 5065 236 5072 ..-
241 5066 254 5071 -
258 5065 330 5071 ...-
347 5065 372 5070 ..-

238 5162 268 5229 1)
300 5163 415 5232 August.
448 5170 533 5215 contr.
563 5163 734 5215 Cresconium
764 5168 906 5231 grammat.
933 5159 980 5210 lib.
1003 5155 1028 5210 2.
1045 5144 1078 5209 ¹c.
1102 5154 1145 5209 21.
1269 5156 1299 5222 1)
1316 5156 1424 5210 Decret.
1443 5159 1506 5212 dist.
1526 5157 1551 5213 8.
1570 5176 1591 5212 c.
1610 5160 1654 5211 fid.
1672 5176 1713 5212 ex,
1739 5161 1772 5212 de
1790 5166 1908 5211 consuet.
1996 5158 2026 5227 2)
2045 5162 2131 5231 Epist.
2150 5158 2176 5213 3.

160 5253 196 5322 2)
212 5250 366 5319 transgredi
378 5267 431 5303 non
444 5250 598 5302 dubitemus
614 5246 682 5301 1543
691 5264 760 5319 seqq.
826 5245 857 5314 3)
870 5260 932 5298 mox
948 5245 1055 5297 obtinet
1069 5241 1145 5296 1559.
1200 5243 1247 5295 lib.
1266 5239 1291 5294 2.
1311 5252 1339 5295 et
1356 5244 1385 5297 iu
1403 5244 1481 5314 epist.
1507 5246 1541 5297 ad
1559 5246 1692 5298 lulianum
1710 5246 1744 5298 de
1761 5246 1863 5298 haeret.
1881 5247 2035 5316 baptizanti
2053 5248 2100 5315 (al.
2120 5245 2176 5315 73).
