4770 6030
209 1701 214 1713 ἱ
246 1697 688 1865 1111101111
724 1698 1560 1867 Ancarroaaransas
1597 1698 2003 1820 moronis
2040 1699 2095 1818 s.
2182 1747 2184 1752 ·

906 2116 907 2119 Ἴ
1093 2119 1094 2122 ¹
1118 2051 1221 2113 Hebae
1238 2048 1323 2129 ὑμῶν
1339 2056 1434 2115 ἐστίν·
1458 2050 1543 2130 ὑμεῖς
1565 2048 1596 2113 δὲ
1616 2052 1772 2136 Χριστοῦ·
1796 2050 1930 2134 Χριστὸς
1951 2049 1982 2114 δὲ
2008 2051 2099 2115 Θεοῦ.
2181 2136 2185 2145 Ι

181 2279 377 2434 Merito
402 2347 589 2431 fortasse
621 2356 720 2428 ante
740 2346 829 2429 ,hos
862 2346 1086 2458 sexaginta
1117 2374 1247 2429 annos
1286 2347 1485 2458 petulans
1517 2358 1688 2442 caterva
1719 2374 1867 2430 eorum
1898 2348 1973 2458 qui
2002 2351 2187 2459 pseudo-
2224 2421 2230 2436 .

181 2484 451 2596 philosophia
489 2484 672 2593 quadam
709 2483 844 2565 inflati
884 2514 1002 2566 sacra
1042 2494 1190 2576 nostra
1226 2462 1446 2594 antiquata
1491 2484 1707 2568 habebant
1743 2485 1977 2595 prophetae
2014 2467 2187 2578 oraculo

183 2623 363 2710 abutens
394 2650 494 2703 avos
524 2632 693 2704 nostros
723 2621 966 2709 incessisset
995 2621 1071 2703 his¹
1093 2621 1251 2703 verbis:
1282 2614 1439 2703 Patres
1468 2621 1600 2704 vestri
1630 2621 1705 2705 ubi
1736 2635 1836 2706 sunt
1866 2613 1911 2704 et
1935 2625 2040 2706 sacri
2066 2636 2186 2707 vates

180 2789 285 2847 num
312 2769 524 2876 perpetuo
553 2758 730 2840 vivunt?
790 2758 972 2844 Ineunte
1004 2759 1118 2843 enim
1152 2759 1233 2841 hoc
1273 2759 1450 2842 saeculo
1479 2759 1811 2842 instauraturum
1842 2759 2043 2843 ecclesiae
2074 2761 2186 2843 chri-

183 2897 345 2978 stianae
383 2896 437 2977 ad
474 2895 686 3005 evangelii
719 2895 949 2978 raritatem
983 2897 1296 3001 reformandae,
1338 2897 1373 2979 si
1409 2896 1548 2980 minus
1587 2896 1807 3003 memoria,
1848 2897 2005 3008 scripta
2042 2911 2186 2980 tamen

182 3035 439 3138 obscurata,
459 3032 676 3144 neglecta,
708 3033 890 3142 situque
910 3044 955 3115 et
991 3033 1199 3117 oblivione
1231 3034 1401 3143 sepulta
1431 3033 1642 3139 iacebant,
1678 3033 1780 3116 dum
1810 3046 2034 3146 poetarum
2063 3035 2186 3145 inge·

180 3172 301 3257 niosa
330 3172 502 3252 iuventa
531 3169 831 3281 praeclaraque
857 3171 1213 3286 philosophorum
1243 3171 1401 3282 placita
1431 3171 1552 3255 unice
1579 3171 1859 3281 plurimorum
1881 3172 2014 3257 oculis
2046 3172 2193 3268 obfuls

180 3310 376 3418 gebant,
402 3337 611 3418 suumque
649 3308 794 3391 lumen
824 3308 953 3418 longo
985 3309 1158 3418 lateque
1189 3309 1450 3418 spargebant
1479 3308 1523 3392 in
1554 3310 1720 3415 orbem,
1757 3309 1862 3392 adeo
1893 3321 1945 3391 ut
1975 3309 2018 3390 in
2049 3308 2185 3390 homi-

180 3476 284 3527 num
320 3445 470 3530 animis
514 3445 820 3556 propemodum
858 3445 1069 3556 evangelii
1107 3446 1248 3528 locum
1284 3446 1535 3529 obtinerent
1605 3444 1692 3529 Sed
1729 3445 1982 3528 Germaniae
2020 3444 2181 3554 populi,

179 3583 432 3695 praesertim
468 3583 499 3664 ii
535 3582 608 3692 qui
645 3583 975 3695 protestantium
1000 3583 1178 3666 nomine
1216 3583 1479 3693 gloriantur,
1519 3594 1782 3666 caeterorum
1813 3581 1941 3664 duces
1981 3592 2026 3661 ct
2063 3593 2183 3664 ante-

180 3720 369 3831 signani,
406 3732 474 3803 tot
512 3734 557 3802 et
592 3720 722 3802 tantis
753 3719 966 3802 bellorum
1002 3720 1328 3832 tempestatibus
1362 3720 1512 3830 jactati
1551 3732 1597 3802 et
1633 3731 1801 3801 tantum
1839 3749 1922 3802 non
1962 3719 2184 3825 submersi,

181 3858 456 3967 cladibusque
497 3869 542 3940 et
579 3858 780 3941 incendiis
818 3857 972 3940 misere
1012 3857 1172 3962 vexati,
1211 3858 1383 3939 tandem
1415 3867 1683 3965 agnoverunt
1720 3869 1765 3938 et
1794 3886 1841 3939 re
1880 3856 1973 3966 ipsa
2004 3855 2184 3939 feliciter

182 3996 348 4106 experti
380 4007 497 4078 sunt:
528 4025 612 4077 uno
644 3995 688 4076 in
719 3995 842 4105 signo
873 3995 1055 4104 positam
1087 4025 1179 4077 esse
1211 3994 1448 4099 victoriam,
1479 4023 1565 4077 una
1594 3994 1638 4077 in
1671 3995 1757 4076 fide
1788 3994 1971 4078 salutem
1978 4024 1989 4099 3
2023 3992 2184 4077 scilicet

182 4134 227 4213 in
259 4134 391 4216 crucis
424 4132 546 4243 signo
578 4146 623 4214 et
652 4132 735 4214 fide
767 4131 1024 4240 evangelica,
1054 4133 1231 4214 robusta
1259 4130 1336 4212 illa
1366 4141 1411 4213 et
1440 4160 1626 4223 nervosa¹
1644 4161 1729 4242 qua
1754 4161 1968 4214 sacrorum
1989 4142 2182 4212 nostrum

182 4282 490 4352 restauratores
529 4269 681 4352 eximie
711 4270 922 4380 pollentes
960 4273 1094 4352 fracto
1124 4298 1321 4352 romanae
1351 4267 1463 4377 legis
1493 4268 1597 4379 iugo
1634 4270 1876 4352 innumeras
1908 4267 2180 4351 conscientias

182 4408 227 4489 in
258 4406 418 4490 Christi
448 4407 690 4490 libertatem
720 4408 1012 4490 restituerunt.
1065 4405 1181 4512 Quid
1210 4406 1366 4489 mirum
1395 4405 1530 4516 igitur
1562 4407 1598 4486 si
1628 4406 1775 4517 populi
1807 4406 1888 4512 illi,
1915 4407 1950 4487 si
1981 4402 2181 4488 ecclesiae
2296 4471 2299 4477 .

182 4557 229 4626 et
259 4544 495 4628 academiae
527 4543 796 4654 evangelium
826 4545 1088 4654 profitentes,
1120 4544 1160 4626 si
1189 4543 1378 4626 omnium
1407 4543 1603 4627 ordinum
1632 4543 1744 4626 cives
1767 4543 2008 4653 nuperrime
2030 4541 2084 4621 ab
2109 4567 2181 4620 sev

182 4711 266 4791 que
298 4712 426 4766 exosa
457 4681 662 4764 servitute
700 4680 837 4764 multo
856 4658 1075 4792 sanguine
1105 4680 1334 4792 redempti,
1372 4681 1511 4765 tertia*
1530 4680 1839 4764 reformationis
1870 4678 1970 4760 olim
2002 4676 2182 4759 feliciter

179 4819 401 4902 inchoatae
433 4818 664 4901 saecularia
694 4818 885 4928 proxime
914 4818 1222 4924 illucescentia,
1253 4848 1337 4902 non
1369 4818 1509 4901 solum
1538 4818 1715 4929 optimis*
1740 4815 1953 4927 auspiciis,
1986 4815 2062 4896 sed
2091 4841 2181 4896 ma-

178 4957 339 5039 ioribus
377 4957 505 5039 etiam
536 4985 663 5064 quam
699 4983 888 5064 unquam
917 4967 1043 5039 antea
1080 4955 1277 5039 laudibus
1308 4954 1670 5064 sanctioribusque
1709 4954 1818 5038 votis
1850 4951 2180 5034 consalutarunt

335 5093 399 5175 Et
426 5094 542 5175 haud
571 5093 688 5174 fluxa
717 5092 812 5197 fuit,
842 5121 981 5202 neque
1012 5092 1188 5177 evanida
1217 5092 1501 5176 memorabilis
1532 5091 1608 5174 illa
1632 5090 1866 5172 animorum
1894 5087 2179 5177 inflammatio,

177 5231 294 5312 Nam
324 5231 474 5312 exinde
505 5231 618 5313 facta
648 5230 788 5321 estin
819 5231 970 5314 studiis
1001 5232 1177 5315 adrem
1207 5229 1496 5340 evangelicam
1527 5227 1828 5338 spectantibus
1860 5241 1905 5311 et
1928 5225 2180 5334 theologicis
