4770 6030
176 356 239 418 41⁷
948 347 1049 414 OAP.
1072 349 1136 418 ΠΙ,
1179 349 1245 414 Du
1266 349 1406 416 LEGE.
2121 360 2186 426 tle

176 466 377 535 senaar,
396 465 504 520 cer.⁴
2097 524 2099 531 Ι

177 549 211 607 et
230 543 422 624 praevertit,
446 452 500 623 qd
522 562 589 604 non
611 540 801 621 exsequitur
822 537 908 620 quod
930 559 972 602 ex
993 559 1071 602 suae
1093 559 1152 602 vo·
1205 539 1352 604 debeant
1397 538 1452 603 Ad
1473 539 1577 618 hunc,
1600 541 1748 623 inquam,
1771 543 1906 608 modum
1928 544 2065 628 quisquo
2086 568 2186 629 popu.

177 630 312 694 cationis
333 649 468 692 munere
488 627 560 690 aliis
581 625 685 690 debet
1205 633 1267 704 tet,
1290 624 1368 707 quid
1389 626 1425 689 in
1447 645 1506 690 suo
1527 626 1641 692 ordine
1663 649 1701 692 ac
1727 627 1798 694 loco
1819 630 1977 711 proximis
1998 630 2128 714 debeat,
2149 641 2185 699 et

261 719 310 778 75.
356 714 433 778 Rite
455 734 533 796 erge
560 712 606 777 sie
634 711 820 793 parebimus
841 707 1012 787 mandato,
1043 709 1072 774 si
1093 730 1151 773 no-
1204 711 1290 793 quod
1310 709 1406 776 debet
1427 712 1542 777 solvat.
1575 713 1630 777 Ad
1651 714 1733 779 haec
1751 714 1921 780 referenda
1943 737 2073 799 semper
2089 740 2186 786 mens

177 813 245 869 stra
268 809 354 866 sorte
382 800 525 865 contenti
551 797 680 861 nullum
701 797 765 861 nisi
795 796 968 860 honestum
990 802 1024 859 et
1044 795 1152 878 legiti-
1206 796 1248 861 ad
1268 797 1502 880 legislatorem
1526 805 1564 861 nt
1586 800 1713 879 animis,
1735 801 1872 882 perinde
1889 823 1927 867 ac
1946 803 2107 882 manibus,
2130 827 2184 869 re-

176 910 267 953 mum
294 887 423 952 lucrum
449 886 555 949 t'acere
577 882 780 959 studeamus;
813 882 840 945 si
868 902 933 944 non
960 888 1152 963 appetamus
1205 883 1317 965 gulam
1339 883 1426 948 hanc
1447 885 1634 949 noverimus
1657 887 1825 965 eonstitui3
1849 908 1913 970 quo
1935 888 2074 952 eliorum
2095 912 2184 955 com-

176 997 251 1041 eum
278 973 399 1037 iniuria
425 971 597 1048 ditescere,
630 990 691 1033 uec
722 968 862 1031 fortunis
884 965 1014 1030 diruere
1041 967 1151 1049 proxi·
1203 968 1309 1033 modis
1338 976 1435 1050 atque
1461 969 1655 1035 utilitatibus
1684 977 1717 1036 et
1740 972 1870 1038 tuendis
1893 980 1927 1037 et
1952 976 2185 1056 promovendis

176 1083 268 1125 mum
295 1059 482 1135 moliamur,
517 1077 580 1138 quo
613 1076 665 1119 res
692 1053 784 1117 nobis
817 1059 994 1130 acerescat;
1029 1053 1057 1116 si
1086 1072 1152 1115 nen
1204 1053 1365 1119 studeant.
1768 1054 1771 1060 ’

176 1145 324 1213 crudeles
346 1165 423 1226 opes
443 1150 479 1207 et
499 1164 542 1206 ex
564 1141 702 1205 aliorum
720 1139 879 1221 sanguine
901 1158 1072 1220 expressas
1095 1158 1152 1202 cu-

176 1233 302 1297 mulare
330 1228 564 1295 contendamus
571 1250 579 1305 ;
613 1227 641 1291 si
669 1247 736 1290 non
764 1225 1021 1305 intemperanter
1048 1222 1151 1288 unde-
1430 1243 1748 1311 PRAEOEPTUM
1770 1245 1947 1314 NONUM·

176 1338 304 1400 cunque
331 1337 390 1398 per
416 1316 466 1379 fas
495 1321 528 1378 et
552 1313 644 1377 nefas
674 1309 899 1388 corradamus,
933 1330 997 1391 quo
1020 1309 1071 1375 vel
1094 1330 1152 1373 ex·

176 1405 304 1488 plentur
334 1411 446 1467 nostra
478 1399 630 1475 avaritia,
664 1397 718 1461 vel
749 1395 974 1479 prodigentiae
1003 1396 1149 1460 satisfiat
1257 1386 1354 1468 N011
1386 1386 1468 1467 eris
1500 1387 1704 1469 adversus
1735 1389 1977 1498 pmxjmum
2008 1402 2133 1474 quum

176 1492 303 1554 Verum
324 1511 342 1552 e
369 1506 525 1585 converso
552 1485 595 1549 sit
621 1483 715 1582 nobis
740 1489 916 1564 perpetuus
943 1481 997 1546 hic
1024 1502 1150 1580 scopus,
1518 1508 1642 1589 testis
1673 1508 1855 1591 mendax

176 1597 302 1653 omnes,
330 1572 437 1657 quoad
463 1573 547 1648 hcet,
571 1568 704 1634 consilio
732 1576 830 1649 atque
851 1588 926 1649 ope,
954 1565 1094 1631 fidehter
1115 1589 1151 1630 m
1782 1628 1784 1632 ,
1858 1573 1866 1590 ·

176 1661 356 1727 retinendis
377 1660 443 1724 suis
465 1659 593 1734 iuvare;
621 1653 707 1736 quod
729 1655 756 1718 si
778 1675 854 1718 eum
875 1651 1008 1735 perfidis
1031 1674 1068 1717 ac
1089 1653 1150 1717 fal·
1288 1659 1339 1719 76.
1383 1656 1477 1720 Finis
1495 1658 1580 1721 eius:
1600 1659 1755 1740 quoniam
1771 1657 1981 1724 mendacium
1997 1661 2098 1740 Deus,
2122 1664 2179 1745 qui

176 1749 300 1813 lacibus
326 1745 494 1828 negotium
524 1741 635 1818 firorit,
669 1762 712 1804 ex
745 1746 855 1804 nostro
888 1739 996 1821 potius
1027 1738 1150 1821 aliquid
1201 1743 1323 1807 veritas
1345 1750 1403 1820 est,
1426 1752 1628 1820 exsecretur,
1650 1745 1824 1809 veritatem
1846 1745 1917 1809 sine
1937 1745 2011 1810 fuco
2033 1768 2104 1812 esse
2125 1749 2179 1811 in·

176 1834 291 1900 cedere
323 1831 429 1914 parati
463 1830 581 1906 simus,
614 1848 713 1908 quam
746 1833 784 1888 ut
809 1823 1043 1890 contendamus
1075 1846 1150 1889 cum
1201 1837 1252 1893 ter
1278 1849 1338 1892 nos
1365 1827 1543 1893 colendam.
1589 1827 1729 1893 Summa
1755 1831 1858 1913 igitur
1879 1831 1955 1908 erit,
1984 1854 2026 1895 ne
2047 1833 2102 1897 vel
2123 1855 2178 1899 ca-

175 1921 249 1985 illis.
294 1919 408 1999 Neque
429 1915 464 1979 id
488 1914 599 1978 modo:
629 1911 687 1977 sed
717 1933 797 1993 quos
825 1932 937 1974 rerum
959 1909 1150 1976 difficultate
1200 1914 1334 1979 lumniis
1360 1914 1515 1995 talsisque
1542 1916 1823 1981 criminationibus
1852 1916 2011 2005 violemus
2039 1918 2179 1986 aheuius

175 2006 354 2071 viderimus
375 2003 494 2084 premi,
523 2020 636 2064 eorum
663 1997 911 2062 necessitatibus
933 1997 1150 2062 eommunice-
1202 2021 1335 2077 nomen,
1369 1999 1422 2064 vel
1449 2000 1619 2066 mendacio
1651 2002 1686 2064 in
1718 2002 1786 2066 suis
1818 2002 1958 2067 fortunis
1985 2025 2161 2087 gravemus
2168 2028 2177 2086 ;

175 2114 265 2169 mite,
295 2112 332 2156 ac
360 2096 472 2153 nostra
499 2087 591 2168 eopia
625 2084 832 2148 sublevemus
859 2103 972 2146 eorum
997 2083 1149 2165 inopiam.
1202 2085 1341 2168 denique
1373 2106 1415 2148 ne
1455 2085 1701 2151 maledicentiae
1734 2093 1767 2150 et
1799 2089 2005 2169 procacitatis
2043 2089 2179 2156 libidine

174 2179 346 2244 Postremo
372 2174 525 2255 respiciat
546 2170 766 2251 unusquisque
794 2179 955 2250 quatenus
977 2190 1019 2233 ex
1045 2169 1150 2235 officio
1200 2172 1388 2253 quempiam
1415 2171 1592 2238 laedamus.
1643 2172 1707 2236 Oui
1734 2172 1907 2238 interdicto
1933 2175 2088 2239 cohaeret
2114 2178 2179 2241 im-

176 2264 249 2328 aliis
268 2264 311 2327 sit
333 2260 509 2343 obligatus,
539 2279 576 2322 ac
599 2253 685 2338 quod
707 2254 812 2331 debet,
834 2254 920 2318 bona
940 2253 1006 2319 fide
1026 2255 1150 2336 persol-
1201 2258 1329 2341 perium
1356 2263 1395 2321 ut
1420 2258 1595 2339 unicuique
1622 2257 1754 2322 fidelem
1781 2279 1928 2340 operam,
1958 2261 2064 2341 quoad
2092 2262 2178 2342 lieet,

175 2358 241 2415 vat,
284 2349 359 2412 Hac
381 2347 506 2410 ratione
532 2342 671 2425 populus
694 2361 807 2405 omnes
833 2340 895 2404 sibi
915 2340 1094 2422 praefectos
1115 2343 1151 2405 in
1202 2345 1237 2407 in
1259 2342 1436 2410 asserenda
1454 2345 1592 2408 veritate
1614 2343 1870 2421 commodemus,
1899 2343 2121 2412 adtuendam
2144 2360 2179 2413 et

176 2436 298 2500 honore
322 2432 457 2508 habeat,
492 2450 604 2494 eorum
632 2426 885 2491 dominationem
913 2448 1015 2509 aequo
1042 2428 1151 2492 animo
1203 2431 1344 2495 nominis
1371 2436 1404 2493 et
1435 2450 1547 2494 rerum
1579 2450 1713 2494 suarum
1750 2429 1982 2512 integritatem.
2034 2431 2181 2498 Sensum

175 2522 274 2595 ferat,
303 2518 429 2602 legibus
451 2524 485 2580 et
505 2516 602 2579 iussis
623 2521 751 2595 pareat,
781 2511 864 2575 nihil
887 2511 1045 2577 detrectet
1065 2511 1151 2595 quod
1203 2515 1351 2581 mandati
1388 2516 1439 2580 sui
1476 2515 1607 2580 videtur
1645 2535 1807 2596 exponere
1843 2514 1985 2580 voluisse
2016 2518 2182 2585 Dominus

175 2607 313 2690 propitio
333 2606 405 2669 Deo
431 2603 517 2667 ferre
547 2601 655 2682 possit.
701 2599 849 2663 Rtusum
877 2598 925 2661 illi
946 2598 1049 2680 plebis
1073 2619 1151 2663 suae
1204 2602 1324 2752 Sllxod.
1347 2606 1397 2680 23,
1421 2601 1453 2684 1)
1476 2601 1528 2666 his
1550 2601 1672 2666 verbis:
1695 2621 1762 2664 non
1783 2601 1938 2682 suscipies
1955 2622 2070 2666 vocem
2087 2626 2182 2669 men-

175 2714 288 2758 curam
306 2692 496 2765 sustineant,
520 2686 686 2769 publicam
705 2705 819 2766 paoem
836 2693 1039 2764 conservent,
1058 2685 1151 2750 bonis
1227 2689 1302 2767 acii,
1330 2710 1391 2754 neo
1418 2689 1535 2771 iunges
1560 2708 1697 2751 manum
1718 2693 1810 2750 tuam
1831 2692 1870 2749 ut
1889 2706 1949 2767 pro
1970 2688 2070 2769 impio
2092 2689 2183 2756 dieas

176 2781 243 2844 sint
264 2775 438 2859 praesidio,
468 2772 572 2837 malos
594 2779 780 2850 coerceant,
810 2770 857 2834 sic
880 2772 989 2834 omnia
1011 2770 1151 2835 admini-
1203 2774 1324 2838 falsum
1340 2775 1572 2840 testimonium.
1612 2773 1711 2838 Item:
1735 2770 1942 2836 mendacium
1959 2773 2073 2855 fugies.
2104 2776 2182 2841 Alio

175 2872 294 2940 strant,
328 2863 421 2944 quasi
453 2880 605 2940 supremo
637 2856 737 2921 iudici
763 2857 835 2920 Deo
865 2856 1041 2922 functionis
1073 2879 1151 2922 suae
1205 2861 1304 2925 etiam
1324 2861 1395 2926 loeo
1414 2860 1510 2944 (Lev.
1528 2864 1575 2936 19,
1592 2858 1647 2941 16)
1670 2879 1737 2921 non
1761 2878 1800 2921 ea
1821 2857 1917 2921 modo
1936 2867 2030 2940 parte
2051 2881 2182 2926 amen-

175 2951 336 3014 rationem
363 2945 529 3011 reddituri.
580 2943 804 3008 Ecclesiarmn
835 2943 980 3007 ministri
1012 2942 1152 3008 fideliter
1204 2945 1377 3012 daciones
1399 2952 1546 3022 revocat,
1573 2966 1615 3009 ne
1637 2944 1739 3008 simus
1760 2944 1986 3009 criminatores
2008 2966 2045 3011 ae
2068 2968 2181 3011 susur-

175 3037 268 3101 verbi
296 3033 475 3098 ministerio
504 3030 709 3107 incumbant,
738 3049 799 3093 nec
826 3029 940 3093 salutis
969 3027 1152 3095 doctrinam
1204 3053 1300 3098 renes
1321 3034 1356 3096 in
1377 3033 1504 3115 populo,
1528 3029 1646 3094 sedne
1667 3028 2051 3112 quisdeeipiatfratrem
2069 3054 2181 3113 suum3

61 3114 65 3119 ⁴
176 3121 375 3195 adulterent,
404 3116 461 3183 sed
482 3138 599 3199 puram
621 3122 655 3180 et
675 3117 837 3179 sinceram
857 3115 976 3196 populo
997 3115 1061 3180 Dei
1083 3125 1151 3180 tra-
1203 3126 1378 3200 utrumque
1400 3119 1489 3183 enim
1510 3116 1671 3181 caeneus
1688 3114 1854 3181 mandatis
1873 3123 1975 3181 cavet.
2011 3115 2102 3182 Sane
2120 3118 2182 3183 du-

176 3207 265 3271 dant.
311 3205 380 3269 Nee
402 3204 549 3268 doctrina
571 3202 691 3278 solum,
715 3199 773 3265 sed
794 3201 883 3265 vitae
905 3201 1054 3283 exemplo
1075 3223 1151 3266 enm
1203 3205 1294 3269 bium
1316 3226 1382 3269 non
1404 3211 1454 3269 est
1475 3202 1570 3286 quin,
1592 3209 1631 3266 ut
1651 3200 1919 3284 praecedentibus
1941 3203 2105 3269 mandatis
2127 3227 2182 3270 eo-

176 3294 363 3369 instituant;
396 3289 543 3371 praesint
570 3287 725 3370 denique,
759 3287 893 3350 utboni
914 3295 1060 3369 pastores
1082 3289 1151 3354 ovi-
1204 3290 1311 3355 hibuit
1340 3291 1525 3367 saevitiam,
1559 3287 1810 3370 impudicitiam,
1844 3289 2030 3367 avaritiam,
2058 3290 2105 3354 ita
2128 3291 2182 3356 hie

176 3380 245 3442 bus.
291 3375 436 3457 Populus
458 3375 602 3439 vicissim
630 3395 684 3437 eos
710 3394 769 3455 pro
798 3373 922 3437 nuntiis
943 3381 977 3437 et
998 3374 1151 3455 apostolis
1203 3377 1379 3441 falsitatem
1406 3380 1567 3453 coerceat;
1595 3375 1688 3439 errius
1715 3372 1780 3438 duo
1807 3383 1884 3438 sunt
1905 3375 2067 3453 membra,
2096 3396 2182 3457 quae

175 3465 239 3529 Dei
263 3463 429 3542 suscipiat;
458 3481 533 3524 eum
554 3461 594 3523 iis
618 3459 776 3523 honorem
797 3457 927 3537 reddat,
949 3481 1014 3541 quo
1035 3460 1151 3525 Domi·
1202 3463 1293 3545 prius
1318 3462 1512 3527 notavimus.
1558 3461 1629 3524 Aut
1655 3460 1743 3524 enim
1772 3459 1977 3542 malignitate
1999 3467 2032 3523 et
2054 3460 2181 3526 obtrec-

175 3573 239 3614 nus
263 3569 316 3613 eos
339 3548 492 3630 dignatus
514 3555 577 3623 est;
605 3566 686 3626 quae
714 3566 827 3608 eorum
854 3546 941 3610 vitae
967 3548 1151 3612 necessaria
1202 3547 1293 3612 tandi
1314 3548 1476 3630 pravitate
1497 3547 1717 3629 delinquimus
1739 3546 1775 3608 in
1795 3545 1918 3609 famam
1939 3547 2179 3627 proximorum

177 3643 267 3711 sunt,
303 3633 465 3716 praebeat.
514 3631 676 3695 Parentes
706 3630 839 3708 liberos,
872 3638 910 3694 ut
936 3632 998 3696 sibi
1030 3655 1051 3698 a
1077 3634 1150 3698 Deo
1203 3641 1260 3698 aut
1280 3633 1484 3711 mentiendo,
1512 3632 1679 3699 interdum
1701 3631 1801 3695 etiam
1822 3630 2039 3713 obloquendo,
2070 3631 2181 3697 detra-

165 3721 378 3793 ·commissos,
401 3716 548 3795 alendos,
571 3716 746 3799 regendos,
776 3716 936 3782 docendos
958 3720 1148 3802 suscipiant;
1203 3720 1312 3784 bimus
1334 3740 1447 3784 eorum
1469 3718 1654 3784 commodis.
1706 3715 1803 3780 Nihil·
1821 3725 1932 3780 autern
1953 3718 2103 3795 interest,
2127 3741 2180 3784 so-

176 3830 236 3872 nec
259 3807 396 3871 saevitia
418 3825 530 3882 eorum
552 3803 677 3866 animos
699 3810 895 3885 exasperent
915 3811 949 3868 et
966 3826 985 3868 a
1003 3826 1038 3869 se
1055 3803 1150 3871 ave'r-
1201 3805 1298 3870 lenna
1322 3813 1356 3870 et
1382 3800 1588 3870 iudiciariuni
1609 3803 1832 3867 testimonium
1854 3801 1908 3868 hic
1934 3805 2096 3868 nominari
2118 3826 2181 3887 pu·

175 3901 255 3970 tant,
280 3891 337 3956 sed
358 3890 492 3955 lenitate
516 3910 554 3953 ae
576 3886 794 3971 indulgentia,
822 3911 904 3970 quae
924 3912 1018 3955 suam
1039 3912 1150 3974 perse·
1203 3900 1268 3970 tes,
1291 3913 1335 3956 an
1357 3892 1494 3976 vulgare
1516 3889 1602 3974 quod
1623 3890 1659 3953 in
1680 3888 1818 3970 privatis
1840 3889 2044 3955 sermonibus
2065 3891 2179 3956 fertur.

176 4000 254 4043 nam
277 3977 398 4055 deceat,
422 3998 476 4040 eos
498 3976 631 4039 foveant
653 3983 686 4037 et
703 3975 948 4056 amplectantur.
980 3976 1150 4058 Quomodo
1204 3976 1342 4060 Semper
1369 3979 1458 4043 enim
1482 3998 1520 4041 eo
1541 3973 1777 4041 recurrendum
1799 3984 1864 4038 est:
1898 3996 1940 4038 ex
1968 3976 2107 4059 singulis
2128 3978 2180 4043 vi·

175 4073 209 4128 et
236 4085 331 4128 suam
358 4063 423 4126 illis
452 4061 712 4126 observationem
741 4061 893 4128 aliberis
920 4062 1043 4142 deberi,
1074 4071 1150 4128 ante
1203 4065 1324 4128 tiorum
1352 4064 1527 4148 generibus
1554 4062 1695 4144 speeiem
1716 4081 1818 4123 unam
1846 4059 2082 4145 paradigmatis
2111 4062 2183 4129 loco

175 4149 301 4216 dictum
323 4157 380 4213 est.
426 4148 575 4212 Iuniores
602 4145 738 4210 senilem
759 4156 900 4212 aetatem
924 4158 1150 4230 revereantur3
1203 4151 1354 4233 proponi,
1384 4150 1546 4232 adquam
1573 4156 1720 4214 caeterae
1748 4146 1946 4211 referantur:
1977 4168 2051 4212 eam
2072 4156 2183 4212 autem

177 4243 216 4299 ut
240 4257 313 4299 eam
341 4242 481 4298 aetatem
508 4222 732 4296 honorabilem
757 4254 827 4299 esse
849 4235 1011 4322 Dominus
1038 4237 1150 4302 voluit
1203 4237 1408 4319 potissimum
1435 4233 1549 4320 deligi,
1581 4235 1616 4298 in
1643 4254 1708 4316 qua
1733 4232 1806 4297 vitii
1838 4233 2005 4315 turpitudo
2034 4234 2178 4298 maxime

177 4320 282 4386 Senes
311 4341 437 4402 quoque
465 4318 645 4383 iuventutis
676 4318 948 4401 imbecillitatem,
982 4345 1042 4388 sua
1073 4344 1152 4404 pru·
1203 4322 1353 4386 emineat
1399 4320 1598 4410 Quanquam
1619 4317 1804 4404 generalius
1824 4318 1897 4384 ideo
1919 4320 2064 4402 accipere
2081 4318 2178 4398 malo,

175 4407 301 4482 dantia,
330 4414 364 4470 et
385 4427 447 4488 quo
476 4404 582 4487 magis
604 4425 703 4485 quam
728 4403 776 4467 illi
801 4407 926 4487 pellent
946 4430 1057 4473 rerum
1078 4431 1151 4489 usu,
1203 4407 1289 4490 quod
1316 4407 1454 4473 forensis
1480 4407 1658 4472 testimonii
1684 4406 1810 4472 falsitas
1838 4426 2008 4487 nunquam
2034 4404 2178 4486 periurio

176 4490 400 4571 moderantum
424 4513 490 4555 non
513 4491 636 4572 asperis
655 4489 868 4572 ohmosisque
885 4495 1151 4561 insectationibus
1203 4504 1300 4560 caret.
1350 4495 1510 4559 Periuriis
1532 4501 1643 4558 autem
1668 4495 1702 4559 in
1729 4492 1883 4580 mandato
1906 4491 2002 4555 tertio
2024 4490 2104 4553 satis
2127 4496 2179 4554 est

174 4600 231 4642 eos
253 4579 465 4655 incessentes,
494 4575 552 4641 sed
574 4582 793 4657 temperantes
815 4580 966 4644 comitate
989 4603 1026 4647 ac
1048 4581 1152 4647 facili·
1203 4582 1379 4646 obviatum.
1434 4579 1578 4644 Proinde
1599 4580 1756 4663 ‘legitima
1793 4577 1957 4660 praecepti
1995 4575 2180 4642 observatio

176 4671 244 4729 tate
267 4664 484 4729 severitatem.
525 4659 623 4726 Servi
643 4682 677 4725 se
699 4660 741 4725 ad
762 4661 951 4746 obsequium
968 4667 1097 4732 sedulos
1118 4673 1153 4732 et
1203 4677 1262 4746 est,
1282 4674 1319 4730 ut
1334 4666 1449 4750 lingua
1465 4667 1501 4730 in
1518 4664 1695 4730 asserenda
1711 4666 1849 4731 veritate
1865 4662 2089 4744 proximorum
2106 4671 2180 4725 tum

176 4751 389 4832 obsequentes
413 4748 552 4813 dominis
568 4754 750 4829 praestent;
771 4769 875 4831 neque
892 4750 926 4814 id
947 4752 989 4816 ad
1011 4754 1150 4834 oculmn,
1203 4756 1307 4819 bonae
1339 4753 1460 4830 famae,
1501 4760 1574 4816 tum
1606 4751 1800 4816 utilitatibus
1833 4748 1962 4812 serviat
2018 4747 2180 4828 Aequitas

176 4835 236 4900 sed
267 4857 310 4900 ex
342 4836 466 4912 animo,
500 4843 658 4915 tanquam
690 4833 833 4899 Domino
865 4836 929 4919 ipsi
962 4841 1150 4907 servientes.
1202 4840 1377 4922 plusquam
1411 4838 1584 4903 manifesta
1611 4845 1668 4903 est
1718 4836 1806 4900 Nam
1833 4834 1860 4898 si
1882 4831 2079 4914 quibuslibet
2105 4832 2180 4896 the-

177 4922 312 4986 Domini
333 4941 459 5003 queque
486 4941 553 4984 non
574 4939 718 4983 morosos
739 4941 774 4984 se
796 4928 830 4985 et
856 4923 1077 4991 intractabiles
1099 4947 1152 4991 er·
1203 4925 1309 4991 sanus
1334 4924 1508 5006 pretiosius
1536 4929 1586 4988 est
1611 4943 1731 4987 nomen
1758 4923 1892 4996 bonum,
1921 4917 2025 4982 nihilo
2052 4919 2180 4982 minore

177 5029 221 5091 ga
247 5028 358 5073 servos
393 5013 523 5090 gerant3
555 5026 620 5069 non
651 5005 826 5087 asperitate
852 5009 954 5074 nimia
980 5010 1150 5092 divexent3
1203 5031 1290 5077 noxa
1321 5010 1463 5074 nominis
1489 5010 1690 5092 integritate,
1723 5028 1822 5089 quam
1853 5005 1992 5069 fortunis
2020 5003 2182 5088 spoliatur

178 5114 244 5157 non
275 5093 505 5158 contumeliose
539 5091 713 5173 accipiant;
747 5091 805 5156 sed
836 5095 943 5177 potius
972 5106 1151 5180 agnoscant
1205 5097 1308 5162 homo.
1362 5095 1404 5160 In
1432 5094 1614 5177 diripienda
1641 5100 1750 5158 autem
1778 5093 1848 5156 eius
1881 5091 2079 5168 substantia,
2112 5109 2181 5156 non

175 5179 239 5243 sibi
260 5179 379 5243 fratres
400 5199 485 5257 esse,
514 5197 653 5261 suosque
675 5177 735 5242 sub
757 5180 887 5246 coelesti
908 5182 1050 5257 Domine
1072 5204 1149 5250 eon·
1202 5184 1311 5248 minus
1345 5180 1510 5246 interdum
1543 5180 1624 5246 falso
1652 5179 1851 5255 testimonio,
1891 5197 1996 5259 quam
2017 5197 2181 5242 manuum

175 5285 304 5341 servos,
337 5285 416 5346 quos
443 5270 566 5329 mutuo·
591 5283 702 5328 amare
730 5271 763 5331 et
794 5265 983 5336 humaniter
1009 5277 1150 5337 tracare
1201 5269 1380 5352 rapacitate
1400 5267 1577 5350 proficitur.

248 5365 462 5435 Calviaiopere.
501 5365 558 5421 Vol.
576 5363 602 5419 I.
1937 5363 1972 5418 27
