4770 6030
180 351 263 415 1033
699 355 702 362 ·
740 347 1127 432 caravanas.)
1171 322 1235 420 aa
1258 344 1415 413 00004
1435 344 1618 444 oomni.
1676 412 1682 418 ,
2103 352 2185 412 4004

176 460 542 532 caracteratis.

180 539 339 607 0004141010
371 502 478 601 10414110
510 447 679 619 0410004404
712 537 814 617 (Ρο01.
845 541 900 614 50,
926 536 991 621 23).
1049 534 1158 617 Quem
1209 536 1291 616 ipse,
1315 534 1464 615 plmihrrs
1492 534 1576 614 40040,
1589 536 1615 620 ¹)
1643 535 1726 600 nihil
1752 535 1844 600 044001
1870 556 1965 616 qnam
1994 538 2188 619 sacrificinm

179 624 345 708 apostolus
372 624 519 686 imitatus
552 623 675 688 hostias
704 622 810 687 laudis
838 622 938 686 etiam
966 624 1036 705 ipse
1064 628 1158 687 vocat
1210 621 1319 685 40444140
1340 640 1405 684 esse
1426 621 1657 702 interpretatur.
1702 620 1847 702 Denique
1861 622 1987 703 passim
2009 625 2096 705 0444441
2117 644 2189 688 cam

180 711 297 795 (Hebr.
328 713 375 786 13,
402 708 457 793 15)
491 716 524 772 et
557 710 791 790 interpretatur
823 708 965 773 14004040
997 708 1158 772 labiorum
1210 705 1394 789 4044044001)
1427 726 1489 771 nen
1516 704 1584 769 0440
1615 708 1737 772 ratione
1762 709 1869 772 000044
1902 728 2025 772 caenam
2054 709 2189 775 Domini

94 806 95 811 ’
179 796 404 864 confitentium
431 795 556 858 nomini
585 795 662 859 eius.
708 795 817 858 Huius
845 795 973 877 generis
1001 792 1159 858 sacrificio
1210 790 1412 871 sacrificinm,
1429 793 1494 856 nisi
1511 792 1594 872 qnod
1610 798 1656 857 est
1673 794 1832 871 4004444440,
1851 794 1962 876 imeae,
1980 795 2189 860 40044400ηὲ044

180 903 292 949 004040
314 902 379 945 000
406 887 513 963 potest
535 899 634 945 coena
656 881 805 944 Domini:
838 880 872 942 in
894 901 959 962 qua
989 878 1064 943 dum
1089 879 1158 942 eius
1211 877 1302 941 4444440
1323 877 1507 960 simularie,
1528 878 1595 941 0044
1615 883 1642 943 04
1659 880 1746 943 4444404
1764 878 1923 958 0440444044,
1945 900 2005 960 qno
2022 901 2080 945 nos
2099 880 2189 944 Chri·

179 976 318 1032 mortem
341 966 576 1031 annuntiamus
598 973 632 1030 et
660 967 840 1048 gratiarum
864 966 1022 1030 actionem
1046 964 1159 1028 referi-
1212 967 1279 1026 04440
1312 962 1458 1044 expiavit.
1509 962 1551 1026 In
1584 965 1713 1029 eandem
1744 985 1863 1046 quoqne
1894 985 2019 1029 sensnm
2051 966 2190 1047 loquitar

179 1076 269 1131 mus,
299 1052 381 1116 nihil
405 1050 493 1115 aliud
516 1072 612 1134 quam
636 1051 802 1115 offerimus
825 1051 1020 1115 sacrificium
1043 1049 1157 1115 laudis.
1214 1046 1476 1137 chrysostomus,
1509 1048 1666 1114 Honorem
1698 1071 1769 1115 0040
1797 1051 1962 1116 0000440444
1989 1051 2036 1115 ita
2064 1051 2189 1118 Christo

180 1139 235 1205 Ab
252 1139 314 1218 hoc
332 1137 536 1203 0004141οο0411
553 1158 689 1201 0400040
708 1135 817 1218 regale
834 1136 1049 1201 sacerdotium
1074 1157 1159 1199 nun·
1212 1133 1387 1211 4444140044,
1411 1139 1446 1197 04
1474 1134 1654 1200 antichristi
1674 1156 1774 1200 vocem
1798 1136 1867 1217 fore
1888 1142 2013 1201 40040404
2035 1138 2190 1220 Annecti-

183 1245 344 1308 cupamur
365 1244 477 1290 omnes
498 1222 678 1287 Christiani
701 1222 732 1305 (l
754 1223 843 1286 Petr.
865 1225 893 1298 2,
914 1220 963 1305 9),
992 1221 1078 1303 quod
1100 1243 1160 1304 per
1212 1217 1322 1303 nas,⁸)
1349 1219 1380 1282 04
1401 1221 1474 1299 qais
1495 1221 1670 1302 epimonem
1699 1222 1782 1286 inter
1803 1221 1908 1286 Deam
1933 1229 1961 1287 04
1982 1223 2121 1288 homines
2141 1225 2190 1288 in

183 1311 352 1377 Christum
380 1309 547 1373 offerimus
575 1307 682 1384 illam,
712 1307 752 1371 de
774 1329 838 1389 qua
865 1307 1009 1389 loquitur
1030 1314 1159 1391 aposto·
1212 1309 1406 1370 404000004044
1426 1305 1532 1385 faeiat.

181 1398 243 1475 100,
265 1396 406 1461 hostiam
429 1394 535 1458 laudis
556 1395 637 1470 Deo,
661 1394 803 1458 fructum
824 1393 984 1457 labiorum
1002 1394 1159 1458 confiteri·
1300 1395 1348 1453 ce.
1394 1390 1508 1473 Neque
1525 1413 1616 1461 tamen
1638 1391 1823 1472 diffitemur,
1843 1394 1922 1477 quin
1940 1395 1987 1458 ita
2003 1395 2097 1459 uobis
2115 1417 2189 1477 prc-

183 1484 266 1546 tium
299 1482 422 1544 nomini
456 1481 533 1544 eius.
584 1479 698 1560 Neque
726 1480 812 1542 enim
843 1500 902 1543 000
935 1500 1010 1543 cum
1039 1480 1159 1544 nostris
1212 1489 1354 1560 ponatur
1383 1475 1507 1542 Christi
1540 1477 1734 1557 immolatio,
1768 1486 1805 1544 ut
1831 1481 1936 1545 crucis
1968 1480 2189 1563 spectaculum

182 1567 386 1645 muneribus,
421 1566 491 1630 sine
513 1566 751 1664 intercessore,
789 1565 823 1627 in
855 1573 1063 1663 cqnspeotum
1093 1565 1160 1629 Dei
1212 1583 1315 1644 paene
1334 1561 1375 1626 ob
1397 1562 1507 1661 oeulos
1527 1571 1697 1663 statuatur.
1739 1562 1889 1664 Qualiter
1911 1567 2064 1665 10000110
2087 1567 2189 1631 Gala-

183 1650 687 1818 41101144104001
709 1649 990 1800 4114131111ἳί
1012 1658 1159 1818 {thil}
1212 1646 1537 1883 liiiaibiffffihln
1557 1650 2189 1820 stttsspttth‘tuttttttttltt

182 1833 301 1903 noster,
325 1824 379 1906 qui
401 1824 436 1886 in
454 1823 679 1889 sanctuarium
704 1822 784 1887 oceli
806 1822 972 1904 ingressus
994 1842 1159 1887 aceessum
1211 1819 1326 1883 fuerat.
1404 1818 1444 1882 ed
1476 1821 1553 1902 quia
1579 1830 1707 1886 veteres
1738 1843 1865 1905 quoque
1899 1823 1970 1887 111οο
2003 1824 2097 1888 video
2126 1825 2189 1889 alio

183 1911 275 1975 nobis
296 1910 408 1991 aperit.
453 1908 515 1973 Ille
537 1908 654 1985 altare,
683 1909 736 1972 001
765 1907 899 1973 donaria
922 1915 1034 1972 nostra
1055 1909 1159 1990 impo-
1212 1905 1298 1970 hanc
1329 1906 1519 1970 memoriam
1546 1905 1734 1984 detorsisse,
1768 1929 1866 1990 quam
1894 1909 2092 1975 institutioni
2119 1909 2188 1974 Do-

183 1997 301 2059 nimus.
342 1994 384 2058 In
406 1995 461 2057 1110
484 1994 651 2071 audemus,
675 1993 831 2076 quidquid
850 1993 1014 2058 audemus.
1031 1992 1055 2077 Ι)
1087 1993 1158 2073 1110,
1212 1991 1295 2053 mini
1322 1991 1535 2055 conveniebat
1562 1991 1661 2076 (quod
1685 1995 1791 2059 nescio
1813 2016 1911 2077 quam
1938 1996 2109 2077 repetitae,
2132 2002 2190 2059 ant

183 2083 334 2163 inquam,
368 2088 431 2157 est,
465 2081 520 2162 qui
550 2101 609 2143 nos
637 2080 723 2162 patri
751 2101 888 2163 regnum
911 2101 949 2144 ac
976 2077 1159 2144 sacerdotes
1212 2076 1328 2141 saltem
1349 2084 1525 2142 renovatae
1553 2079 1783 2144 immolationis
1810 2081 1926 2146 faciem
1954 2102 2065 2145 eorum
2088 2101 2190 2146 coena

183 2167 261 2232 fecit
282 2164 397 2248 (Apoe.
421 2164 510 2248 1,6).
1211 2183 1290 2243 prae
1312 2185 1346 2226 se
1373 2162 1512 2247 ferebat)
1539 2163 1623 2227 nihil
1653 2165 1755 2229 tutius
1781 2167 1844 2247 piis
1869 2168 2053 2249 pectoribus
2080 2167 2188 2246 100414,

271 2254 320 2314 65.
366 2251 404 2316 si
420 2252 493 2333 quis
511 2259 658 2315 vetorum
681 2251 854 2315 autoritate
872 2250 1047 2315 contendat
1065 2250 1160 2316 ahter
1213 2269 1309 2329 quam
1339 2249 1373 2312 10
1400 2269 1483 2330 pura
1509 2249 1712 2332 simplicique
1735 2250 1800 2314 Dei
1827 2252 2031 2317 ordinatione
2060 2254 2189 2335 acquie-

184 2337 431 2420 intclligcndum
464 2359 534 2402 esse
556 2336 642 2419 quod
670 2337 705 2399 in
733 2357 833 2400 coena
861 2337 1030 2419 peragitur
1059 2337 1159 2401 sacri·
1211 2355 1309 2411 scere,
1329 2352 1403 2403 cuius
1422 2352 1504 2404 otiam
1522 2352 1582 2404 ideo
1601 2359 1714 2405 vocatur
1732 2370 1827 2418 coena,
1847 2356 1974 2422 quoniam
1992 2357 2050 2407 sola
2068 2356 2111 2408 hic
2129 2357 2187 2408 eius

184 2424 294 2488 ficium
316 2445 414 2505 quam
435 2445 496 2487 nos
518 2443 739 2504 exponamus,
762 2422 839 2485 huie
859 2422 1003 2486 breviter
1024 2443 1158 2505 respon·
1212 2437 1343 2488 autoritas
1362 2437 1453 2506 erigere
1471 2438 1559 2490 debet.
1597 2422 1760 2504 Equidem
1782 2444 1883 2505 quum
1906 2425 1996 2504 pium
2015 2432 2111 2506 044400
2133 2446 2186 2488 04·

184 2532 257 2574 sum
296 2510 353 2573 sit:
398 2510 426 2572 01
465 2507 505 2572 410
538 2507 746 2591 approbando
784 2508 933 2573 sacrificii
965 2517 1157 2586 commento,
1211 2503 1391 2569 thodoxum
1418 2505 1457 2571 de
1484 2513 1552 2571 toto
1579 2506 1640 2572 hoc
1665 2509 1822 2591 mysterio
1851 2529 1984 2580 sensum
2013 2512 2187 2575 retinuisse

183 2595 277 2677 quale
304 2596 340 2657 in
368 2595 1158 2678 0410000001044040044404410400,0014000100-
1211 2613 1264 2655 eos
1286 2590 1424 2667 rideam,
1448 2613 1552 2674 neque
1575 2592 1815 2675 deprehendam
1839 2595 1978 2658 voluisse
2001 2597 2095 2660 unico
2117 2596 2186 2660 Do-

182 2680 270 2747 modi
287 2680 457 2763 sacrilegio
475 2687 601 2744 veteres
614 2701 819 2762 nequaquam
832 2680 1037 2761 patrocinari.
1065 2679 1160 2745 Utnn·
1210 2678 1292 2740 mini
1315 2678 1482 2743 sacrificio
1496 2678 1546 2742 vel
1568 2679 1743 2742 minimum
1761 2678 1926 2763 derogare,
1950 2679 2049 2744 ullius
2072 2682 2186 2763 impie-

183 2772 235 2830 404
255 2767 381 2847 qnidam
401 2765 451 2830 4414
472 2765 625 2846 sacrificii
646 2765 803 2842 00004040,
826 2785 933 2828 caeram
954 2766 1051 2830 044401
1072 2787 1159 2847 anpo-
1211 2764 1288 2827 tatis
1316 2763 1473 2828 damnare
1501 2785 1555 2829 eos
1583 2786 1650 2828 000
1682 2766 1834 2830 00041000.
1885 2766 2047 2830 1114000041
2074 2776 2186 2830 tamen

182 2857 260 2915 nant
288 2872 320 2916 00
341 2851 431 2916 044041
453 2851 535 2915 nihil
555 2851 737 2934 intellipere,
765 2871 861 2932 qaam
888 2853 1070 2916 nnmoriam
1091 2853 1159 2917 0044
1210 2871 1276 2912 000
1306 2870 1401 2931 posse
1434 2849 1588 2929 arbitror,
1618 2851 1697 2933 quin
1726 2851 1848 2935 aliquid
1876 2853 1911 2915 in
1933 2852 2068 2916 actionis
2090 2851 2187 2916 modo

182 2938 273 3002 441400
299 2942 327 3000 04
354 2938 442 3002 nnici
463 2937 628 3017 0004444041,
657 2938 739 3017 qnod
760 2938 796 2999 in
816 2958 905 3001 044400
925 2939 1045 3021 0040044
1068 2937 1159 3003 04444-
1210 2937 1424 3017 pecoaverint.
1475 2935 1600 3001 Imitati
1627 2944 1706 3002 sunt
1737 2938 1825 3003 enim
1855 2938 1988 3020 propius
2020 2936 2186 3002 iudaicam

182 3030 263 3102 0400,
286 3024 412 3100 aalma,
435 3027 470 3086 at
492 3024 555 3103 ipsi
572 3024 699 3104 passim
714 3023 911 3103 praalicant,
934 3029 1036 3088 4400404
1058 3044 1158 3088 00004-
1210 3021 1414 3087 sacrificandi
1435 3043 1569 3103 morem,
1592 3044 1691 3105 quam
1713 3031 1771 3088 aut
1792 3023 2000 3088 ordinaverat
2021 3023 2184 3102 Christus,

182 3109 283 3193 41001)
327 3108 478 3187 Hebraei,
500 3110 604 3190 inquit
625 3108 873 3193 40000140001)
896 3109 931 3172 444
952 3111 1088 3174 victimis
1104 3130 1159 3191 pe-
1210 3114 1267 3171 aut
1294 3107 1456 3190 evangelii
1485 3109 1568 3173 ratio
1595 3108 1728 3173 ferebat.
1779 3107 1858 3175 Sola
1884 3109 1986 3193 igitur
2013 3119 2064 3174 est
2090 3130 2186 3193 prae-

181 3196 309 3273 cedam,
342 3215 421 3275 qaas
449 3194 612 3274 offerebant
632 3194 716 3273 Deo,
744 3194 941 3275 prophetiam
969 3195 1158 3260 00404404004
1209 3199 1339 3276 postera
1360 3193 1418 3257 illa
1439 3215 1600 3278 anagoge,
1623 3195 1658 3259 in
1679 3217 1743 3277 qua
1764 3196 1881 3260 morito
1904 3217 1958 3259 eos
1980 3197 2052 3279 quis
2073 3196 2185 3261 redar-

181 3282 309 3363 fntnrae
326 3281 467 3345 040444400
484 3301 578 3361 qnam
592 3279 738 3345 Christus
755 3279 877 3358 obtulit·
897 3279 1074 3346 Christiani
1091 3282 1157 3345 iam
1209 3287 1297 3363 guat,
1321 3279 1406 3362 quod
1427 3300 1494 3343 non
1516 3281 1660 3345 contenti
1683 3281 1821 3363 simplici
1844 3302 1881 3346 ac
1904 3303 2062 3365 germana
2085 3280 2184 3346 Chri·

175 3368 298 3448 4040044
319 3366 470 3447 0004444044
491 3367 672 3431 memoriam
690 3366 840 3431 0040440444
860 3372 1057 3432 sacrosancta
1077 3368 1157 3431 01440-
1209 3366 1251 3429 041
1270 3365 1483 3444 institutione,
1507 3365 1549 3430 ad
1570 3366 1652 3450 legis
1676 3367 1807 3431 umbras
1828 3367 1926 3430 nimis
1948 3367 2159 3431 deflexerunt.

182 3455 264 3518 tione
285 3452 570 3533 etparticiputione
594 3454 732 3533 carparis
755 3450 882 3516 Christi.
927 3452 991 3518 Hic
1011 3458 1088 3518 00440
1101 3474 1157 3534 pc·
1295 3455 1345 3515 67.
1391 3448 1429 3516 Si
1452 3453 1524 3533 quis
1541 3450 1716 3538 diligenter
1733 3452 1906 3534 expendat,
1928 3453 1990 3517 hoo
2008 3452 2184 3518 discrimen

181 3541 268 3602 444400
288 3538 371 3604 441044
390 3538 482 3617 docet
503 3539 586 3619 qnod
601 3538 751 3619 plnmlras
771 3537 874 3602 cerhis
894 3539 929 3601 in
946 3536 1024 3602 141440
1041 3539 1079 3603 410
1093 3539 1157 3620 fide
1207 3537 1295 3601 inter
1331 3538 1474 3604 mosaica
1509 3539 1667 3604 sacrificia
1699 3545 1732 3602 et
1768 3538 1998 3603 eucharistiam
2037 3546 2184 3603 nostram

183 3625 225 3688 041
249 3624 376 3688 Petram
405 3625 569 3688 4140000044
596 3623 739 3702 4401404444,
766 3624 943 3706 quicunqne
969 3625 1091 3689 tandem
1115 3624 1157 3689 044
1207 3622 1306 3687 verbo
1326 3623 1461 3688 Domini
1483 3625 1582 3689 statui
1600 3624 1793 3702 observabit,
1811 3624 1896 3706 quod
1914 3646 2015 3707 quum
2032 3623 2089 3687 illa
2106 3645 2184 3688 ean·

181 3715 280 3774 4444404.
333 3709 432 3773 Verba
453 3715 543 3773 sant:
564 3710 746 3789 hrnrissime
766 3714 840 3787 tene,
863 3709 1082 3775 0400440400αο
1099 3712 1157 3774 4144-
1208 3707 1282 3772 dem
1304 3710 1419 3774 mortis
1437 3709 1562 3775 Christi
1580 3710 1756 3775 efficaciam
1773 3711 1892 3793 populo
1910 3709 2035 3774 iudaice
2053 3730 2184 3791 reprae-

181 3795 264 3874 44400,
286 3797 391 3876 ipsam
410 3797 618 3877 unigenitam,
641 3814 765 3858 carnem
780 3815 842 3877 pro
862 3796 950 3860 nohis
969 3796 1100 3877 40444444,
1123 3816 1156 3860 00
1207 3795 1369 3859 cantarint
1395 3817 1479 3877 quae
1502 3794 1594 3860 001410
1621 3797 1656 3859 10
1685 3817 1784 3860 coena
1806 3795 1902 3860 hodie
1924 3795 2110 3875 exhibetur,
2134 3794 2184 3860 di-

174 3901 236 3962 pro
258 3880 346 3946 4401440
367 3880 511 3945 0444414000
531 3880 723 3960 sacrificinm
744 3886 771 3943 04
792 3880 925 3945 4400440444
942 3881 1010 3945 Dec
1031 3883 1065 3945 in
1088 3882 1156 3946 0410-
1208 3902 1303 3945 versa
1325 3891 1436 3945 tamen
1461 3883 1562 3945 firerit
1583 3882 1890 3964 repraesentationis
1912 3881 2050 3963 species,
2082 3881 2183 3964 siqui·

180 3988 245 4031 rem
267 3968 450 4045 snara'tctis,¹
478 3967 529 4030 0444
550 3987 621 4032 cam
643 3971 785 4046 paheet
812 3968 929 4046 spirita
955 3973 1060 4033 sancta
1084 3973 1157 4032 4044-
1208 3967 1282 4031 dem
1313 3965 1381 4031 11110
1409 3966 1592 4032 sacerdotes
1619 3968 1757 4046 levitici,
1792 3966 1877 4050 quod
1898 3974 2090 4050 peracturus
2113 3974 2184 4032 erat

174 4074 253 4133 pore
274 4054 384 4117 0040440
406 4053 576 4117 4004040444
599 4052 754 4116 animatia
771 4052 1035 4132 sacmfimhantar,
1059 4059 1088 4119 04
1104 4055 1156 4118 cni
1196 4052 1362 4117 Christus
1384 4054 1589 4132 sacrificium,
1612 4052 1808 4118 iubebantur
1828 4054 1984 4137 figurare:
2008 4054 2184 4119 sistebatur

179 4159 262 4203 nnnc
283 4158 353 4202 cnm
368 4144 460 4218 patre
482 4144 509 4202 et
529 4139 647 4219 spirita
668 4143 781 4215 0044010,
803 4158 872 4200 cam
894 4138 1008 4218 quibas
1025 4161 1089 4203 ana
1111 4143 1157 4205 cst
1208 4138 1322 4216 hostia,
1341 4159 1424 4221 quae
1441 4140 1545 4204 vicem
1563 4139 1665 4221 ipsius
1683 4137 1808 4204 Christi
1826 4140 1963 4218 subiret;
1982 4150 2052 4203 erat
2070 4139 2182 4217 altare,

179 4224 229 4288 4444
252 4224 414 4302 4140404400,
437 4225 628 4304 sacrificinm
644 4225 744 4306 panis
765 4229 794 4287 et
814 4224 882 4286 vini
902 4230 1009 4288 sancta
1030 4226 1156 4290 00040040
1207 4226 1241 4288 10
1263 4245 1326 4308 quo
1347 4224 1585 4303 immolaretur3
1617 4225 1663 4290 010
1685 4224 1824 4308 denique
1846 4225 2042 4308 gerebantur
2063 4225 2181 4303 omnia,

173 4330 235 4391 per
256 4311 437 4374 nniversam
459 4310 560 4374 orbem
581 4311 690 4391 offerre
710 4330 772 4375 non
793 4314 898 4374 000004.
927 4308 970 4371 In
986 4310 1054 4375 44140
1071 4312 1156 4375 enim
1208 4319 1244 4375 ut
1264 4310 1304 4376 ob
1332 4310 1441 4411 apulos
1473 4317 1649 4393 poneretur
1669 4311 1820 4376 sacrificii
1841 4311 1980 4394 effigies,
2004 4309 2089 4392 quod
2111 4310 2183 4374 Deo

178 4394 359 4461 0044044400
380 4395 513 4460 sicimis
533 4397 683 4479 haeretic
702 4396 767 4477 fait
787 4396 894 4460 carnis
914 4393 1041 4473 Christi,
1059 4416 1155 4476 qnam
1207 4398 1241 4461 in
1279 4396 1498 4479 expiationem
1536 4396 1716 4461 offerretur.
1772 4398 1819 4459 At
1855 4408 1986 4479 peracto
2024 4396 2183 4460 sacrificio

173 4503 235 4564 pro
252 4482 389 4563 40000440
414 4483 531 4547 naama
552 4484 619 4563 ipse
640 4487 707 4546 erat
729 4482 905 4559 oblaturae,
928 4485 957 4544 et
976 4483 1153 4563 sanctinis,
1208 4483 1305 4547 aliam
1328 4482 1421 4548 nobis
1449 4483 1608 4547 rationem
1629 4482 1791 4547 Dominus
1820 4483 1975 4546 instituit:
2006 4503 2123 4564 nempe
2145 4489 2183 4546 04

178 4589 269 4648 quem
295 4573 363 4632 erat
389 4570 546 4650 effnscrns
575 4570 608 4632 in
629 4569 843 4633 remissionem
862 4571 1066 4648 pacatorum
1112 4566 1155 4630 In
1206 4569 1349 4634 fructum
1370 4568 1470 4632 oblati
1491 4566 1553 4633 sibi
1574 4589 1594 4632 a
1615 4568 1682 4632 filio
1700 4567 1848 4634 sacrificii
1870 4567 1912 4632 ad
1929 4567 2083 4650 populum
2101 4567 2182 4632 fide-

178 4655 238 4719 4040
259 4659 364 4717 natem
385 4655 541 4734 000444040
566 4657 745 4737 gratiarnm
767 4653 958 4733 actionique
979 4672 1155 4716 0044440440
1205 4653 1270 4717 lem
1292 4655 1504 4738 transmittat
1549 4654 1701 4719 Mensam
1724 4675 1801 4738 ergo
1830 4654 1921 4719 001410
1944 4652 2033 4717 dedit
2059 4654 2183 4735 inqua

176 4741 261 4805 ratic
292 4743 337 4802 est
369 4742 475 4804 0044440
506 4737 627 4804 Christi
653 4761 748 4820 qnam
771 4759 832 4822 pro
858 4737 947 4803 nohis
973 4738 1092 4814 0440444,
1126 4743 1155 4801 04
1207 4740 1390 4822 epulemur;
1412 4761 1479 4805 non
1501 4739 1613 4818 altare,
1636 4761 1735 4823 super
1755 4739 1840 4823 quod
1861 4733 2021 4817 offeratur
2038 4739 2181 4807 victima.

176 4825 345 4910 0044401040
366 4844 456 4906 qaem
478 4845 541 4906 pro
567 4825 656 4889 nohis
677 4827 793 4906 effudit.
844 4823 932 4890 Unde
953 4824 1155 4907 Aapnstinas
1207 4824 1282 4887 Non
1305 4825 1490 4892 sacerdotes
1513 4827 1730 4904 consecravit,
1753 4828 1809 4909 qui
1831 4825 2012 4903 immolent;
2040 4823 2182 4888 0041041-

1206 4909 1335 4987 0104400,
1358 4911 1413 4992 qui
1434 4933 1564 4977 sacrum
1585 4913 1719 4994 epulum
1741 4912 1945 4978 distribuant
1985 4909 2059 4992 Quo
2081 4908 2182 4975 subli-

1206 4995 1291 5058 mius
1319 5005 1369 5059 est
1390 5017 1428 5062 aa
1455 4999 1598 5064 sanctius
1622 5000 1832 5084 mysterium,
1866 5019 1903 5062 eo
1930 4997 2113 5081 religiosius
2143 5015 2182 5062 ac

175 4982 314 4990 ——.
327 4984 341 4988 .-
356 4984 380 4988 ..-

247 5062 276 5130 1)
295 5072 325 5115 ut
342 5065 370 5117 in
388 5065 435 5116 illo
454 5063 599 5115 audeamus
618 5068 668 5115 etc.
687 5059 757 5114 1545
774 5077 845 5131 seqq.
893 5061 923 5129 2)
942 5061 1058 5117 14404144.
1073 5064 1154 5129 prin·

177 5129 323 5198 04001539
346 5134 472 5201 4090444444
494 5147 550 5184 non
573 5132 631 5183 44404
647 5131 725 5185 hacc:
749 5132 795 5198 qui
814 5146 907 5183 omnes
926 5147 978 5183 uno
997 5148 1044 5184 ore
1062 5132 1154 5183 elaris-

177 5201 245 5251 sime
264 5199 361 5252 docent
384 5200 428 5252 hic
451 5199 609 5252 memoriam
627 5200 697 5251 unici
722 5199 844 5250 sacrificii
864 5197 996 5250 duntaxat
1013 5200 1153 5252 celebrari.
1277 5196 1305 5264 1)
1324 5199 1409 5266 Epist.
1429 5198 1480 5251 120
1497 5199 1575 5269 (140)
1592 5202 1626 5254 ad
1645 5204 1823 5258 Honoratum.
1916 5202 1946 5270 2)
1967 5201 2068 5256 Contra
2085 5201 2181 5254 adver·

175 5265 207 5334 3)
226 5268 301 5321 Lihr.
319 5266 360 5320 20.
379 5275 475 5320 contra
491 5269 621 5319 Faustum
639 5284 661 5320 c.
680 5264 721 5319 18.
1206 5267 1307 5322 sarium
1324 5268 1400 5335 legis,
1419 5269 1533 5336 saepius.
1608 5269 1640 5338 3)
1658 5272 1733 5327 Libr.
1751 5271 1776 5326 2.
1795 5280 1890 5327 conus
1905 5272 2027 5325 Par-men.
2045 5288 2067 5325 e.
2085 5269 2110 5325 8.
