4770 6030
189 346 251 407 579
460 332 463 336 ’
757 333 1022 402 ΙΝΞΤΙΤΠΤΙΟ
1047 335 1151 399 REL.
1175 331 1355 399 OHRIST.
1381 338 1613 398 1539-1554.
2123 337 2186 399 550

1951 447 2187 518 mmmm

187 549 263 593 narn
284 527 386 591 idonei
408 545 443 589 ae
463 526 552 608 diqni
572 525 686 606 foram
707 524 772 589 nisi
792 525 870 606 forte
890 544 985 605 quum
1000 522 1163 604 parochiis
1222 521 1336 587 Verum
1362 521 1434 587 buia
1456 522 1595 603 periculo
1620 522 1791 587 adhibitum
1821 528 1886 586 erat
1916 436 2066 604 obtimum
2092 544 2187 587 reme·

188 615 260 679 noni
275 611 448 694 presbyteri
471 611 722 674 destinabantur:
747 616 819 674 tune
840 611 921 674 enirn
948 609 1005 674 loei
1026 608 1174 671 multitu‘
1213 609 1310 672 diam.
1345 607 1491 672 Primum
1511 609 1592 682 enirn
1613 609 1672 673 soli
1692 609 1794 672 elerici
1815 608 1969 690 diqebant.
2015 609 2111 689 Quem
2131 610 2187 674 ele

189 701 292 765 dinem
314 714 470 766 nominatim
480 712 502 779 ι)
524 698 690 761 eonsuttire
710 697 850 776 rqiortud.
896 694 961 760 Nee
981 695 1098 758 mirum
1119 699 1164 758 est
1212 699 1322 777 perard
1352 694 1513 776 offerebant
1534 695 1734 776 maqistratni
1754 693 1800 757 uel
1819 697 1955 772 senatui,
1985 716 2022 758 aa
2037 697 2188 776 primori-

189 784 325 867 quadiu
351 781 507 847 retinendo
534 803 590 846 suo
618 784 688 846 iure
708 782 846 863 popidus
867 782 924 845 liae
946 785 1037 862 parte
1057 781 1163 844 minus
1215 780 1280 843 bns.
1326 776 1398 860 Illi,
1431 780 1537 844 trabita
1563 780 1788 858 deliberatione,
1822 780 2005 858 electionem,
2043 783 2073 845 si
2102 782 2188 845 insta

188 869 338 936 sollicitus
361 868 473 948 suerit:
501 876 587 932 neom
619 869 701 932 enim
728 867 955 950 hypodiaconus
977 865 1080 946 debat,
1108 866 1163 945 qui
1214 865 1388 944 ridebatur,
1418 865 1651 949 eminqnabant;
1684 866 1737 929 sin
1763 867 1869 930 minus
1900 866 2047 948 eliqebant
2078 866 2188 946 alium,

66 1005 69 1009 .
187 975 249 1019 non
275 954 400 1037 tanqum
432 955 485 1018 sui
511 955 751 1035 experimentum
782 954 817 1017 in
843 953 999 1030 clamatu,
1037 951 1095 1016 snb
1126 971 1163 1015 ea
1215 973 1303 1032 quem
1321 953 1423 1034 maqis
1433 951 1609 1033 probarent.
1644 952 1725 1015 Tum
1741 952 1783 1015 ad
1798 952 2027 1018 multitruiinem
2042 973 2093 1016 res
2110 953 2191 1034 dete

189 1062 268 1122 qnae
294 1045 365 1103 tune
394 1045 460 1103 orat
488 1040 671 1120 disciplinae
691 1041 862 1117 seueritate,
890 1040 1030 1103 dedisset.
1076 1036 1164 1101 Post
1214 1038 1354 1116 rebatur;
1375 1058 1454 1119 quae
1474 1039 1595 1102 mntetsi
1607 1038 1817 1118 praeiudiciis
1838 1038 1905 1101 illis
1916 1059 1977 1103 non
1998 1038 2189 1121 alliqaretur,

189 1147 284 1208 qnam
303 1126 337 1188 in
358 1147 390 1189 eo
408 1126 511 1206 moda
525 1126 676 1205 probatus
695 1128 812 1206 fumat,
835 1125 984 1189 diaeonus
1006 1124 1163 1187 coristitue-
1215 1125 1321 1188 minus
1347 1129 1449 1187 tamen
1477 1123 1662 1187 tumultuari
1683 1128 1812 1204 poterat.
1861 1124 1929 1186 Ant
1954 1126 1984 1187 si
2006 1146 2027 1189 a
2053 1125 2190 1190 multitu-

190 1212 296 1290 batur,
317 1211 389 1275 inde
409 1212 452 1274 ad
466 1211 651 1292 prestanti
666 1211 808 1276 lterrorem
821 1210 1023 1293 perveniebat,
1041 1210 1071 1273 si
1090 1209 1164 1290 fide
1216 1210 1287 1274 dine
1308 1209 1526 1291 ineipiebatur,
1555 1215 1675 1273 tantum
1703 1210 1739 1272 id
1758 1208 1862 1290 fiebat,
1890 1215 1925 1272 at
1948 1211 2080 1274 sciretur
2100 1231 2190 1290 quem

190 1298 260 1362 liter
286 1317 318 1360 se
342 1297 494 1379 pessisset.
544 1296 597 1360 Ita
624 1297 731 1360 rudius
757 1296 1007 1378 proumuebatur,
1041 1295 1078 1359 de
1105 1313 1164 1375 qua
1211 1296 1411 1378 potissimum
1432 1300 1585 1376 enpeteret.
1614 1295 1747 1359 Auditis
1757 1295 1962 1375 popularium
1979 1298 2066 1374 uotis,
2089 1297 2190 1360 cleriei

190 1404 251 1447 non
274 1403 309 1446 re
335 1404 406 1446 uera
433 1382 539 1445 niultis
571 1384 664 1447 annis
692 1381 832 1446 habitum
863 1388 938 1446 esset
970 1381 1026 1445 sub
1054 1379 1165 1462 populi
1217 1382 1339 1447 denium
1366 1381 1520 1464 eliqebant.
1566 1381 1619 1444 Ita
1644 1401 1698 1445 nee
1724 1380 1843 1444 clericis
1866 1381 1987 1459 licebat,
2016 1403 2106 1462 quern
2132 1383 2191 1447 oel-

191 1469 288 1534 oenlis
316 1489 451 1533 mannii.
500 1467 545 1531 Et
571 1474 659 1532 nant
685 1468 776 1532 multi
796 1487 924 1532 tamnes
944 1468 987 1531 ad
1002 1466 1165 1548 piinmnda
1217 1468 1276 1530 lent
1291 1467 1472 1548 praeficere,
1500 1486 1552 1530 nee
1572 1472 1676 1531 tamen
1697 1466 1800 1529 stultis
1820 1467 1933 1547 populi
1960 1468 2124 1535 desideriis
2144 1467 2192 1533 ob

191 1575 296 1619 eornm
317 1554 411 1631 ritia,·
432 1558 466 1615 ut
488 1554 611 1619 eulesio
632 1554 726 1617 malis
741 1554 931 1635 presbyteris
952 1557 1007 1616 aid
1026 1552 1165 1616 diaconis
1216 1555 1303 1634 sequi
1332 1572 1450 1616 neeesse
1488 1552 1642 1617 habebant.
1697 1552 1791 1615 Hune
1827 1553 1965 1616 ordinem
1992 1555 2083 1634 ponit
2115 1553 2191 1618 alibi

190 1661 250 1705 non
274 1644 473 1722 oneraretur,
505 1641 570 1703 nisi
594 1640 729 1704 renudia
755 1639 924 1722 neqliqeret.
980 1640 1166 1720 Quariquam
1219 1639 1288 1716 Leo,
1303 1639 1329 1723 ¹)
1348 1659 1444 1719 quum
1465 1639 1555 1703 died:
1576 1637 1778 1719 euspeotanda
1799 1643 1872 1701 sunt
1893 1644 1962 1702 uota
1983 1640 2112 1718 eiviurn,
2135 1644 2191 1704 tes-

191 1727 226 1789 in
245 1725 434 1807 presbiteris
456 1757 564 1809 quoque
588 1743 727 1811 semper2)
755 1725 931 1809 eoiqebotur
959 1726 1073 1788 ciuium
1099 1743 1166 1786 eon·
1216 1725 1346 1788 timonio
1379 1724 1580 1805 populorum,
1620 1724 1836 1789 bonoratorum
1873 1723 2051 1803 arbitrium,
2090 1726 2191 1790 electio

190 1831 308 1876 sensus.
356 1810 443 1891 Qttod
469 1812 562 1874 etiam
597 1816 725 1876 testatur
751 1832 847 1875 eonon
880 1812 1008 1892 primns
1033 1811 1165 1874 distind.
1220 1810 1405 1875 elememum.
1449 1808 1545 1874 Item:
1572 1815 1709 1873 miremur
1734 1809 1949 1883 imporatorum
1976 1812 2189 1889 testimoninm,

194 1902 246 1961 67.
268 1898 324 1978 qui
345 1896 492 1960 Anaeleto
514 1896 670 1961 tribuitur.
715 1897 857 1976 Denique
876 1917 980 1961 amires
1001 1895 1167 1959 ordinatio
1218 1896 1400 1977 subscriptio
1430 1896 1621 1973 elericorum,
1659 1896 1781 1959 ordinis
1812 1914 1975 1959 eormensus
2007 1916 2043 1960 ae
2071 1897 2191 1977 plebis,

191 2003 244 2047 nes
266 1983 333 2046 ideo
360 1983 451 2045 stalis
477 1983 553 2045 anni
573 1983 758 2063 tennioribus
777 1983 902 2064 fiebant,
934 1982 1063 2063 nequis
1084 1982 1166 2046 dan·
1219 1983 1322 2060 editor,
1344 1983 1458 2062 inquit,
1486 1982 1570 2062 pieri,
1591 1981 1683 2045 'nuda
1704 1981 1785 2044 ratio
1805 1981 1888 2045 sinit.
1934 1981 2000 2046 Nee
2020 1980 2109 2046 aliud
2130 1982 2193 2046 sibi

192 2069 303 2146 adrem,
326 2069 394 2131 sine
412 2066 552 2147 fidelium
574 2088 720 2132 consensu
737 2069 894 2150 obreperet,
922 2074 978 2132 aut
998 2068 1098 2131 nimia
1118 2066 1167 2147 fa
1218 2068 1283 2132 milt
1309 2068 1389 2131 illud
1416 2068 1567 2131 deeretum
1592 2068 1702 2149 synodi
1729 2066 1926 2144 laodicensis,
1958 2088 2053 2147 qnam
2082 2088 2120 2132 ne
2153 2068 2192 2131 ab

191 2153 304 2218 oilitate
325 2152 439 2233 absque
460 2153 584 2217 testibm
599 2159 836 2235 manaveretur.
1083 2191 1094 2204 -
1219 2155 1447 2218 inconsiderata
1467 2153 1662 2217 mullitudine
1677 2153 1843 2234 patiantur
1863 2172 1895 2216 se
1916 2152 2022 2235 abripi
2043 2154 2145 2219 elerici
2166 2158 2194 2218 et

280 2242 330 2301 62.
375 2238 417 2301 In
436 2239 584 2321 eliqendis
608 2241 757 2322 episeopis
778 2240 835 2303 diu
856 2261 916 2303 sna
937 2239 1054 2321 populo
1080 2237 1168 2301 liber-
1218 2240 1385 2321 primores,
1413 2239 1467 2303 sed
1489 2240 1596 2319 potins
1623 2259 1683 2302 suo
1707 2238 1878 2319 madenia
1899 2243 1926 2301 et
1944 2241 2098 2322 pronitate
2118 2240 2194 2304 stul·

192 2329 242 2388 tas
257 2324 320 2404 t'nit
341 2329 530 2399 eursu-eata,
553 2346 591 2390 ne
612 2327 683 2405 quis
704 2326 928 2403 obtruderetur,
950 2326 1005 2405 qui
1026 2345 1087 2387 uon
1107 2344 1168 2386 om·
1219 2331 1268 2390 tas
1286 2327 1354 2390 eins
1375 2325 1566 2406 eupiditates,
1596 2326 1626 2388 si
1647 2325 1768 2406 quando
1790 2344 1867 2404 opus
1885 2323 1991 2404 fuerr't,
2013 2327 2193 2406 reprimant.

192 2410 285 2474 nibus
305 2415 443 2489 acceptus
464 2415 547 2474 esset.
592 2411 660 2475 Hae
676 2412 774 2494 iqitur
794 2412 830 2474 in
851 2411 976 2475 aeumlao
993 2409 1168 2474 antioebeno
1307 2415 1356 2474 64.
1402 2411 1489 2474 Haeo
1521 2411 1651 2493 dipendi
1678 2410 1758 2474 ratio
1790 2409 1891 2473 adine
1921 2415 2018 2475 aetate
2048 2411 2194 2494 Greparii

192 2496 316 2559 uetitum
344 2499 402 2558 est:
429 2516 467 2558 ne
495 2497 567 2575 quis
592 2498 701 2560 inritis
727 2499 896 2579 imperatur.
943 2497 1030 2576 Quod
1056 2501 1084 2559 et
1105 2495 1168 2559 Leo
1220 2497 1352 2561 ualebat:
1374 2501 1402 2561 et
1421 2497 1590 2560 uerisimile
1610 2501 1654 2561 ast
1674 2496 1730 2559 din
1744 2499 1854 2576 postea
1875 2491 2013 2561 durasse.
2057 2497 2193 2562 Eustarrt

152 2610 159 2618 ·
186 2578 349 2664 primusss)
371 2581 532 2662 diliqenter
547 2584 713 2663 eaifirniat.
737 2583 821 2645 Hine
838 2583 916 2646 istae
937 2583 1117 2647 sententiae:
1138 2582 1168 2644 is
1220 2584 1307 2665 apud
1328 2603 1398 2646 eum
1420 2581 1580 2663 plurimae
1601 2581 1757 2665 epistolae,
1784 2600 1863 2662 qnae
1891 2581 2076 2647 tumimidum
2095 2578 2192 2646 buius
2237 2659 2241 2666 Ι

192 2666 331 2749 diqatur,
349 2686 437 2746 quem
453 2668 552 2730 clerus
573 2673 600 2730 et
612 2668 708 2748 plebs,
720 2674 776 2739 aut
791 2669 893 2732 maior
910 2687 1058 2731 rennuens
1062 2670 1168 2749 postu
1219 2670 1265 2733 rei
1293 2669 1499 2733 testiinoniinn
1525 2668 1609 2731 dont.
1661 2667 1784 2749 Quoties
1810 2668 1891 2730 enim
1917 2669 1955 2732 de
1979 2669 2107 2732 creanda
2133 2668 2192 2732 ali·

191 2752 295 2816 tarint.
324 2751 421 2825 Item:
442 2754 497 2833 qui
509 2754 716 2834 praefuturus
730 2759 775 2818 est
795 2752 944 2832 omnbus,
968 2753 1006 2817 ab
1027 2751 1168 2817 ominbus
1220 2754 1288 2818 enbi
1308 2775 1384 2819 navo
1405 2755 1544 2836 episeopo
1565 2754 1678 2837 aqitrr,
1700 2753 1830 2817 seribere
1850 2753 1923 2818 solet
1939 2754 1982 2818 ad
2000 2753 2121 2831 elerum,
2144 2773 2192 2817 or·

191 2837 339 2920 diqatrr;
361 2838 416 2916 qni
437 2839 762 2920 enimiqnotusetnon
778 2839 1167 2920 examinatusquaefieitnr,
1219 2841 1323 2904 dinem
1344 2839 1519 2921 etpldem,
1540 2840 1695 2904 interdum
1716 2839 1809 2903 etiam
1829 2839 1871 2902 ad
1892 2839 2013 2919 ducem,
2033 2846 2127 2922 prout
2148 2844 2193 2904 est

191 2943 309 2987 maesse
329 2928 373 2986 est
393 2928 428 2985 ut
441 2941 444 2944 ⁴
449 2944 510 3003 per
530 2925 594 2987 nim
619 2927 807 2991 intrudatur.
852 2923 947 2989 Item:
975 2925 1166 3007 isdiqatur,
1218 2927 1351 3008 reqimen
1378 2926 1513 2991 medatis
1539 2926 1739 2989 aonstitnturn.
1786 2925 1874 3006 Quod
1900 2927 1931 2989 si
1951 2925 1987 2990 ab
2013 2926 2193 3008 incomposi-

191 3009 247 3088 qui
274 3008 436 3071 aderitis
463 3008 583 3088 electus,
617 3033 638 3074 a
663 3012 749 3093 plebe
776 3012 925 3092 erpetitus
951 3011 1062 3092 inerim
1093 3015 1121 3072 et
1147 3032 1168 3073 a
1219 3017 1285 3075 tum
1310 3012 1463 3076 eeclesiae>
1478 3017 1592 3075 statum
1619 3012 1719 3075 oieino
1745 3010 1841 3075 alieni
1868 3012 2006 3093 episeopo
2034 3013 2193 3093 inspmio-

186 3093 448 3175 prooineialibus,
481 3114 551 3157 eum
577 3097 803 3177 metropolitani
829 3097 946 3160 inditio
974 3099 1167 3160 constaretur.
1219 3118 1288 3162 nem
1320 3099 1354 3161 in
1386 3097 1523 3162 deatum
1548 3097 1690 3174 medat,
1723 3116 1842 3178 semper
1868 3101 1968 3160 tamen
1995 3100 2126 3178 requirit
2146 3117 2193 3162 so·

192 3179 281 3243 Adeo
301 3184 404 3243 autem
424 3186 568 3244 euveum
589 3184 686 3245 sandi
709 3188 830 3264 patres,
859 3180 981 3246 neuile
997 3187 1089 3264 paeto
1110 3183 1168 3245 im·
1220 3184 1306 3248 tenne
1331 3184 1498 3261 demotum,
1537 3184 1675 3247 omnium
1705 3181 1981 3262 subsoriptionibus
2008 3183 2192 3248 robaratum.

164 3307 166 3312 ν
192 3265 383 3329 minueretur
403 3265 476 3329 liaeo
490 3267 605 3348 papuli
621 3268 754 3345 libertas,
774 3274 816 3346 ut,
834 3289 930 3349 quum
947 3269 1082 3350 synodus
1097 3269 1169 3331 uni
1223 3270 1305 3352 Quin
1331 3271 1424 3333 etiam
1451 3290 1547 3350 quum
1573 3273 1692 3333 meatus
1721 3268 1895 3332 Mediolani
1926 3270 2086 3350 episeopus
2117 3273 2193 3333 esset

192 3351 326 3415 insulis
350 3347 609 3434 Constantinopoli
637 3359 817 3437 aorrpreqata
841 3355 1022 3418 Nectarium
1043 3354 1168 3418 ordina
1222 3353 1418 3420 Cantantins
1451 3355 1593 3436 qnidam,
1631 3357 1659 3417 et
1691 3354 1725 3418 ob
1754 3353 1953 3418 'inonrsiones
1988 3354 2192 3420 barbarorum

192 3440 251 3515 ret,
280 3436 316 3500 id
341 3436 443 3517 facere
468 3437 601 3502 nolrmrit
626 3440 693 3503 sim
718 3441 811 3504 totius
837 3440 911 3504 deri
932 3445 969 3522 et,
982 3439 1092 3522 pepuli
1113 3461 1168 3520 op
1219 3441 1309 3505 mrdti
1324 3440 1605 3505 Muliolanensium
1625 3439 1767 3504 Genuam
1787 3440 1999 3522 eonsuqissent,
2021 3461 2081 3504 rien
2103 3440 2193 3505 older

188 3521 383 3604 probatione,
420 3527 456 3586 ut
495 3545 556 3588 sna
588 3526 630 3590 ad
663 3527 814 3607 synnodum
844 3536 1008 3590 romanam
1040 3525 1168 3606 epistola
1219 3527 1386 3610 lepitimam
1410 3527 1477 3607 fore
1500 3526 1669 3591 dictionem
1690 3529 1797 3607 putat,
1824 3546 1920 3606 quam
1940 3528 1970 3590 si
1990 3528 2055 3608 ipsi
2075 3547 2194 3608 qnoque

153 3686 156 3701 Ι
194 3629 297 3677 testata
305 3624 330 3690 ⁴)
348 3612 399 3672 est.
451 3607 588 3674 Proirule
614 3633 710 3691 quum
736 3612 895 3692 episeopus
921 3612 1080 3692 quispiam
1101 3631 1169 3675 suo
1220 3615 1255 3677 in
1275 3633 1432 3677 eoinmnne
1452 3613 1604 3676 conuocati
1626 3614 1747 3677 assensi
1765 3612 1891 3694 tuerint.
1900 3609 1929 3696 ²)
1965 3611 2035 3675 Ima
2055 3613 2192 3676 nondum

194 3712 339 3757 cessorem
361 3694 422 3758 sibi
443 3695 628 3778 deniqueret,
652 3718 711 3762 non
733 3697 824 3762 aliter
843 3703 948 3762 ratum
968 3703 1050 3775 erat,
1073 3717 1168 3778 quam
1220 3699 1295 3763 anni
1316 3699 1473 3781 quinqenti
1491 3699 1688 3780 adnuerunt,
1715 3719 1753 3762 ee
1773 3717 1832 3778 quo
1855 3697 2006 3762 Nicotaus
2021 3718 2125 3779 papa,
2154 3699 2193 3762 de

90 3859 94 3867 Ι
193 3778 222 3841 si
243 3783 323 3842 totns
338 3779 476 3861 populus
496 3783 641 3848 scisceret.
688 3783 787 3847 Cuius
807 3784 854 3846 rei
881 3804 940 3847 non
962 3784 1049 3847 nudo
1071 3804 1169 3848 erem-
1218 3785 1340 3848 romani
1361 3785 1519 3865 pordifieis
1544 3783 1681 3849 dedione
1707 3785 1741 3846 in
1768 3784 1848 3848 bunc
1873 3783 1997 3847 modurn
2024 3784 2147 3846 statuit:
2161 3783 2190 3866 5)

192 3862 288 3943 Pium,
310 3866 363 3928 sed
382 3865 550 3945 fumidam
570 3889 686 3950 qnoque
706 3869 799 3933 itales
822 3904 838 3937 a
858 3887 893 3937 ud
917 3884 1167 3955 Augustinumm)
1219 3875 1254 3934 ut
1274 3870 1435 3952 praeirurt
1461 3870 1635 3941 cardinales
1662 3870 1809 3951 episcopi,
1832 3869 1940 3934 duride
1961 3868 2114 3950 reliquum
2134 3869 2192 3933 'ele

192 3949 227 4012 in
246 3950 453 4014 nominatione
464 3951 646 4038 hradist)
674 3954 719 4020 Et
741 3955 771 4019 T
839 3956 986 4040 oritus,³)
1006 3976 1102 4035 quum
1121 3976 1169 4020 re·
1218 3977 1291 4019 rum
1315 3955 1377 4020 sibi
1398 3956 1611 4039 adiunqerent,
1635 3961 1787 4036 postrenw
1801 3954 1903 4035 plebis
1924 3973 2070 4019 consensu
2090 3953 2192 4019 eleot'ur

189 4034 259 4116 tert,
295 4033 423 4098 Petrum
454 4037 492 4100 ab
521 4038 697 4105 Attianasio
729 4061 931 4105 srnoessorem
965 4041 1166 4121 ruminabam,
1216 4043 1311 4123 druia
1330 4046 1414 4106 esu.
1458 4040 1503 4105 m
1522 4041 1557 4104 in
1576 4042 1638 4122 tine
1658 4042 1765 4105 recitat
1784 4041 1864 4105 illud
1884 4041 1964 4121 qaod
1982 4061 2082 4123 nuper
2098 4041 2193 4105 eitaoi

191 4120 333 4185 continuo
354 4121 512 4205 adiungit,
541 4127 756 4191 sacerdotalem
776 4127 913 4191 ordinem
934 4132 1038 4191 ratum
1058 4129 1092 4192 id
1113 4127 1168 4191 ba
1220 4128 1333 4192 Lemnis
1349 4127 1508 4205 decretum,
1527 4148 1563 4191 ae
1580 4128 1615 4190 in
1626 4132 1786 4208 posterum
1802 4125 1902 4191 nolae
1912 4127 2078 4208 praecipit.
2095 4125 2192 4208 'Quod

192 4205 310 4285 buisse;
337 4207 553 4288 mapistratum
576 4216 605 4274 et
619 4212 790 4292 prirnores,
813 4212 1024 4293 populumque
1044 4214 1168 4277 uniuer-
1217 4214 1249 4277 si
1269 4214 1315 4276 ita
1336 4212 1503 4278 invaluerit
1523 4212 1731 4295 improborum
1747 4212 1877 4290 malitia,
1900 4217 1936 4275 ut
1952 4212 2054 4278 elerici
2071 4213 2114 4277 ad
2128 4233 2191 4293 pu·

192 4312 263 4357 sum
284 4312 345 4356 mia
367 4292 582 4359 acclamatione
602 4297 797 4376 approbasse.
1217 4320 1288 4363 ram
1309 4299 1476 4364 electionem
1491 4299 1668 4380 {amendam
1684 4298 1758 4363 urbe
1774 4298 1876 4382 eqredi
1892 4304 2045 4381 mqardur,
2068 4299 2191 4377 aliam

279 4382 329 4444 63.
375 4377 435 4442 Est
461 4380 584 4460 quidem
606 4386 633 4444 et
655 4382 749 4458 illud,
771 4385 885 4464 fateor,
913 4384 1028 4465 aptium
1048 4384 1167 4448 ratione
1218 4391 1319 4450 tamen
1333 4402 1356 4448 'e
1376 4385 1493 4467 popula
1513 4384 1609 4448 simul
1636 4386 1743 4450 adesse
1763 4384 1852 4449 iubet.
1897 4384 2099 4466 tarpeaim
2120 4403 2191 4448 vero

191 4465 345 4529 senodum
364 4464 398 4528 in
424 4464 590 4529 laodicensi
611 4467 753 4530 eariailio:
789 4490 826 4532 ne
855 4468 955 4532 turbis
976 4469 1078 4532 electio
1093 4489 1166 4550 per-
1217 4473 1417 4554 suffraqium,
1447 4475 1597 4551 quantum
1622 4470 1789 4555 intelliqere
1813 4471 1894 4550 lieet,
1926 4472 1960 4534 in
1981 4469 2103 4534 duabus
2123 4475 2191 4534 tan

191 4551 339 4614 midabar.
391 4549 453 4614 Vin
473 4551 555 4614 enim
576 4572 714 4632 unquam
735 4553 839 4633 eueni,
864 4559 896 4617 ut
919 4558 961 4618 tat
981 4555 1084 4635 ‘capita
1104 4576 1165 4620 nno
1216 4562 1283 4621 tum
1295 4557 1436 4622 eulesiis
1462 4556 1689 4637 requirebatur,
1717 4577 1847 4620 romana
1874 4562 1901 4620 et
1927 4555 2190 4638 condaminopali·

191 4656 283 4700 suisa
301 4657 366 4700 rem
387 4624 528 4718 aliquam
548 4636 620 4701 baie
640 4645 826 4718 componant.
870 4639 914 4702 Et
933 4639 997 4720 fere
1018 4640 1098 4705 illud
1118 4663 1166 4706 ve·
1216 4647 1306 4707 tana:
1328 4643 1408 4724 qnod
1427 4641 1494 4706 illie
1514 4643 1595 4707 duae
1614 4643 1742 4724 imperii
1761 4643 1848 4708 sedes
1868 4648 1971 4707 essent.
1990 4640 1991 4644 ’
2007 4641 2093 4706 Nam
2109 4639 2190 4722 qnod

191 4741 263 4784 rum
280 4729 338 4786 est:
363 4723 512 4786 ineertum
539 4723 640 4787 seiruli
667 4723 774 4788 studia
800 4726 835 4787 in
861 4727 1018 4790 amaror—ia
1045 4728 1163 4811 vulqus.
1217 4728 1434 4793 Mediolanum
1455 4729 1498 4793 ad
1577 4728 1748 4793 emiandam
1775 4729 1846 4793 noui
1865 4728 2000 4810 episcopi
2020 4727 2189 4792 eledmnern

615 4817 620 4827 ‘
1216 4817 1332 4880 missus
1356 4815 1419 4896 fuit
1447 4814 1479 4878 A
1547 4816 1635 4879 onus
1659 4833 1730 4878 eum
1750 4817 1892 4897 potestate
1913 4835 1935 4878 a
1965 4813 2188 4891 Valentiniano,

1215 4902 1258 4980 id,
1274 4905 1403 4982 propter
1416 4920 1528 4982 praees
1537 4900 1691 4982 factiones
1706 4900 1817 4981 quibus
1834 4902 1914 4964 inter
1930 4920 1963 4963 se
1980 4899 2061 4964 does
2073 4899 2189 4982 (lamo
2313 4965 2319 4969 .

191 4974 289 5094 021)
307 4975 370 5096 “ffi-
390 4976 457 5031 1545
476 4994 544 5048 aeqq.
605 4980 905 5066 2)n0mi13atim1543.
966 4982 996 5050 3)
1014 4985 1100 5053 Epist.
1119 4985 1160 5039 90.
1215 4986 1295 5065 bant,
1318 4986 1601 5050 entraordinarium
1621 4984 1691 5065 furt.
1724 4985 1842 5051 Romae
1860 4990 1961 5050 autern
1980 4989 2099 5049 tantum
2116 4984 2190 5048 alim

207 5082 256 5094 ..
345 5046 438 5110 >aee
459 5046 527 5099 1545
546 5065 573 5102 se
591 5067 614 5117 q,
672 5047 702 5109 5)
720 5050 805 5117 epm.
826 5050 876 5102 110
894 5050 978 5118 (213).
1048 5054 1077 5121 o)
1096 5055 1160 5108 aaa

192 5109 260 5162 1553
278 5128 328 5180 seq.
376 5113 404 5180 7)
424 5114 469 5167 Sic
487 5118 541 5178 (rel
588 5117 674 5185 radii)
689 5112 759 5172 'tren'
775 5122 865 5172 nostri
880 5137 977 5173 ornnes.
1011 5123 1083 5175 Edd.
1103 5127 1160 5176 Au·

189 5183 293 5246 pristini
309 5183 420 5234 babent.-
442 5185 549 5236 Eraclii.
622 5186 652 5253 8)
671 5188 795 5239 [labetur
812 5189 883 5248 arud
902 5189 1095 5244 'theodoritum
1114 5193 1160 5246 lib.
1284 5191 1312 5259 1)
1330 5192 1416 5260 Epist.
1435 5189 1476 5242 87.
1546 5188 1577 5256 2)
1594 5191 1653 5244 Lib.
1673 5188 1698 5242 2.
1717 5191 1804 5259 Epist.
1822 5189 1864 5243 69.
1951 5189 1981 5256 3)
1999 5189 2125 5242 Distinet.
2145 5185 2187 5241 28.

85 5307 89 5322 Ι
189 5245 214 5299 4.
233 5263 255 5299 o.
273 5246 314 5301 20.
332 5252 379 5316 (al.
399 5250 452 5318 17).
808 5296 811 5307 .
1214 5279 1236 5316 a.
1254 5262 1283 5315 in
1300 5261 1416 5314 nomine.
