4770 6030
88 400 91 405 ,
194 335 256 394 sa
715 310 818 394 αΑΡξ
836 328 935 393 xm.
981 328 1043 390 ne
1067 324 1432 390 rnsnlrsosnses
1452 278 1675 390 neeesse.
1806 416 1809 421 ι
2133 332 2194 393 seo

194 429 492 599 Ξτιῗῗίθέτιὲεῗῑῗὲιοη
513 520 557 578 est
580 518 722 598 iprcotum.
767 515 831 580 Hic
857 517 933 579 dum
954 515 1168 592 reclamamus,
1223 519 1357 578 seomum
1384 514 1598 593 permittitur,
1627 514 1823 578 interdicitur
1855 535 1943 579 naor.
1988 515 2056 580 Hoc
2082 518 2197 582 scilicet

194 624 324 669 eorcsam
349 603 495 665 babemus
528 621 598 664 curn
628 601 732 665 Paulo
760 622 960 678 concmmeem,
994 602 1050 682 qui
1082 600 1170 665 nullo
1216 601 1481 683 praevaricatrice
1503 599 1563 663 illa
1583 597 1752 664 metientia
1768 600 1948 681 proficitur,
1975 622 2055 681 quae
2076 608 2197 666 tantam

242 691 281 753 elo
304 691 430 769 patitur
454 687 562 767 fideles
591 689 792 751 conscientias
825 689 861 751 in
887 687 1047 751 leontinum
1076 687 1170 750 serbi
1222 709 1243 750 a
1264 685 1333 750 Deo
1354 685 1506 749 auertitur
1526 690 1678 765 quaedum
1700 687 1742 750 ad
1761 687 1900 751 bomincs
1921 687 2058 752 inclinat.

238 797 285 839 ern
305 775 414 856 redipi.
1311 775 1358 834 11.
1406 769 1487 833 Sunt
1509 770 1577 834 alia
1597 791 1714 851 quoque
1734 773 1796 835 duo
1817 793 1879 836 non
1901 773 1982 837 lenia
2002 775 2094 851 vitia,
2118 796 2197 854 puae

227 888 231 905 ·
283 865 329 923 10.
382 861 404 939 ¹)
415 858 514 922 Porro
543 859 628 922 istud
650 859 824 939 pessimum
852 859 978 937 accedit,
1007 857 1089 937 quood
1114 857 1170 920 ubi
1222 858 1257 921 in
1278 857 1390 921 iisdem
1412 856 1677 920 immitet—ionibus
1698 858 1918 939 improbamus.
1947 855 2095 922 Primum
2115 862 2197 939 quod

208 947 309 1013 ‚clibrcs
336 945 429 1009 caecis
453 945 608 1027 fiprreerctis
641 944 768 1023 definiri
802 945 912 1026 relipio
946 944 1039 1008 semel
1065 948 1170 1023 coepta
1221 964 1337 1025 mapna
1362 963 1401 1005 en
1418 947 1511 1023 parte
1539 943 1681 1020 inutiles,
1708 944 1862 1007 interdum
1889 945 1985 1008 ctiam
2005 946 2128 1026 ineptas
2149 946 2197 1010 ob

192 1040 245 1111 est,
264 1033 496 1113 perversitatem
517 1032 608 1093 illam
624 1036 771 1110 perpetuo
793 1032 931 1109 seqnitur
952 1036 979 1093 et
1001 1030 1102 1093 altera
1118 1048 1169 1092 ea-
1220 1030 1409 1093 seroationes
1425 1027 1661 1108 praescribunt·
1682 1029 1792 1093 duride
1812 1031 1893 1110 quod
1914 1032 2066 1094 immersio
2088 1052 2197 1095 earnm

192 1119 354 1182 secrabr'lis
369 1115 552 1199 prauitas2)
576 1136 671 1194 quam
696 1114 883 1179 Pbarisacis
907 1114 1054 1179 Christus
1062 1114 1090 1196 3)
1118 1134 1169 1177 ea·
1220 1115 1420 1178 multitudiue
1431 1115 1650 1194 opprimuntur
1662 1116 1739 1196 piac
1755 1117 1964 1194 concientiae,
1982 1121 2009 1180 et
2025 1117 2061 1180 in
2076 1117 2197 1182 iudeis

187 1204 359 1287 probrabat
382 1202 515 1286 (slanh.
540 1200 657 1284 15,3);
684 1207 718 1264 ut
744 1203 872 1264 irritum
889 1200 948 1280 fot
969 1205 1169 1281 paeceptum
1220 1221 1306 1264 mum
1327 1201 1479 1281 quendam
1499 1200 1652 1264 revolutae
1677 1201 1798 1265 unbris
1825 1202 1871 1265 sic
1897 1202 2134 1279 adhaerescunt,
2163 1202 2197 1266 ut

193 1289 266 1368 Dei,
283 1294 413 1369 popter
434 1288 594 1350 bocninum
615 1288 804 1350 traditiones.
851 1286 932 1349 Nolo
954 1291 1059 1350 eontra
1074 1305 1169 1367 prae·
1220 1286 1264 1351 ad
1287 1284 1446 1351 Obristum
1471 1291 1621 1366 nequeant
1640 1288 1812 1367 peruenire.
1862 1285 1991 1368 Ineptas
2019 1289 2100 1367 quod
2128 1289 2196 1352 dico

192 1382 291 1440 serdes
312 1380 432 1437 nostros
452 1372 638 1437 erornotbetas
654 1373 841 1435 cerbismcis
857 1393 1018 1454 pupnare:
1039 1373 1168 1435 vicerint
1220 1376 1247 1436 et
1268 1373 1408 1450 inutiles,
1436 1373 1499 1435 scio
1525 1373 1633 1436 carnis
1648 1373 1836 1452 prudentiae
1863 1373 2006 1438 cralibile
2030 1394 2092 1436 non
2111 1374 2196 1454 futen

193 1481 276 1539 sane,
299 1462 329 1523 si
350 1480 409 1539 quo
431 1458 519 1521 modo
541 1458 579 1521 ab
601 1459 659 1522 leae
677 1457 796 1521 Obristi
817 1459 1011 1521 accusatione
1027 1476 1168 1538 purpure
1219 1479 1307 1522 rum:
1335 1459 1386 1522 eui
1408 1462 1564 1538 tantopere
1585 1457 1739 1536 arrident,
1761 1463 1796 1521 ut
1816 1459 1975 1522 eeclesiam
1991 1480 2127 1540 prorsus
2146 1460 2195 1524 de

192 1566 225 1611 se
241 1551 392 1628 poterunt
439 1544 501 1608 Sed
522 1544 669 1622 ouorriodo
690 1549 880 1621 exarserent,
903 1563 1000 1623 quum
1020 1544 1168 1607 immenso
1218 1545 1354 1626 formari
1369 1548 1459 1624 putet
1478 1543 1533 1606 ubi
1553 1544 1749 1625 auferuntur.
1788 1542 1849 1608 Sed
1870 1544 1924 1608 boc
1941 1546 2086 1624 estquod
2109 1543 2196 1609 Pan-

192 1633 280 1714 apud
301 1653 350 1696 eos
370 1631 550 1693 sceleratius
567 1631 616 1707 sit,
640 1630 853 1693 auricularem
870 1629 1087 1710 confessionem
1103 1648 1168 1691 oer-
1220 1630 1272 1695 lus
1298 1630 1405 1694 scribit
1422 1626 1506 1713 (Οοί,
1526 1632 1554 1705 2,
1575 1629 1646 1713 23),
1678 1628 1788 1694 babere
1808 1631 1940 1711 speciem
1956 1633 2136 1711 sapientiae,
2160 1633 2196 1694 in

191 1722 268 1782 terite
294 1737 377 1781 aureo
399 1717 663 1796 praetermisisse,
693 1736 787 1795 quam
817 1717 1041 1795 nequissimam
1071 1715 1168 1778 udam
1220 1716 1422 1781 commentitio
1454 1715 1553 1791 cuba,
1587 1717 1622 1778 ia
1648 1715 1838 1792 leumilitate,
1871 1722 1899 1780 et
1925 1736 1958 1780 eo
1986 1717 2068 1796 quod
2095 1721 2196 1780 auste-
2269 1774 2272 1778 Δ

192 1805 228 1868 in
255 1803 391 1866 solidum
419 1821 539 1863 arricum
560 1801 773 1881 produceisse?
800 1802 943 1884 linquam
970 1801 1020 1864 die
1048 1801 1169 1863 oeruris
1219 1803 1311 1866 ritate
1348 1821 1410 1864 sua
1447 1801 1548 1865 calere
1581 1800 1624 1864 ael
1660 1801 1849 1865 danandam
1885 1821 2009 1866 carnem
2041 1801 2193 1866 videmur.

192 1889 335 1970 infecisse
355 1888 471 1950 sindico
492 1888 600 1950 carn-is
619 1893 721 1969 pastu,
745 1907 841 1966 auam
862 1891 957 1950 lotum
977 1905 1089 1967 corpis
1106 1885 1168 1950 die-
1223 1888 1440 1956 Salaberrima
1461 1890 1537 1949 certe
1552 1887 1731 1964 admonitio,
1752 1907 1832 1967 quae
1849 1888 1988 1952 occidue
2008 1887 2095 1951 nobis
2116 1909 2194 1951 nun

192 1975 249 2038 bus
271 1974 412 2037 meremus
433 1974 594 2036 scortando
614 1972 778 2053 foedasse?
798 1993 928 2036 manum
945 1972 995 2036 die
1016 1971 1169 2036 sanctatis
1221 1993 1315 2054 paam
1337 1971 1427 2037 debet.
1461 1970 1602 2049 Fallunt,
1625 1973 1736 2052 iniquit,
1759 1973 1915 2038 bumauae
1935 1973 2118 2037 traditiorus
2138 1975 2195 2038 srob

193 2061 292 2124 neseio
314 2060 426 2139 quibus
441 2064 611 2122 cmcseerato
628 2059 801 2122 admouisse
818 2058 1050 2139 lurnestooperi,
1073 2078 1168 2139 quam
1220 2061 1319 2140 specie
1343 2059 1524 2140 sapientiae.
1564 2057 1651 2123 Urede
1667 2059 1748 2122 burn
1764 2060 1893 2123 colorem
1908 2057 2041 2125 babent?
2068 2058 2193 2140 Nempe,

187 2146 337 2228 pessimis
351 2144 546 2224 facinoribus
558 2144 685 2207 assidue
700 2144 837 2208 membra
853 2145 958 2207 ornnia
974 2143 1169 2208 exercuisse?
1220 2147 1297 2227 quia
1313 2142 1456 2223 confictae
1477 2147 1549 2206 sunt
1567 2143 1606 2207 ab
1622 2142 1815 2207 inminibus:
1837 2145 2009 2208 bammum
2024 2146 2194 2225 limonium,

192 2229 371 2310 sacrificum
393 2231 526 2312 lepitimo
548 2251 610 2293 uno
632 2230 780 2293 caenubio
802 2230 958 2310 copulari,
987 2230 1088 2310 quam
1103 2229 1169 2295 illi·
1220 2231 1300 2312 quod
1321 2249 1415 2294 suum
1435 2233 1488 2306 est,
1510 2229 1577 2293 illic
1593 2230 1784 2311 recopnoscit,
1802 2235 1830 2294 et
1848 2231 2034 2313 reeopnitum
2051 2230 2196 2294 libentius

190 2319 265 2401 pari
297 2317 384 2380 mille
418 2316 607 2381 adulteriis?
637 2317 772 2379 ootioam
797 2316 1080 2397 pereprinotionem
1107 2335 1168 2378 non
1220 2316 1424 2398 amplectitur,
1442 2334 1539 2395 quam
1560 2315 1709 2395 optimum
1730 2315 1867 2395 aliquid,
1895 2317 1976 2396 quod
2003 2336 2080 2381 suae
2106 2318 2195 2381 rani
2295 2381 2297 2387 Α
2363 2315 2366 2321 ’

188 2403 498 2485 pernicissimam
519 2403 554 2464 in
569 2402 740 2482 promissis
760 2401 902 2464 omnine
920 2399 1014 2479 fidem
1033 2399 1169 2482 fallere?
1219 2404 1278 2466 tati
1298 2403 1406 2465 minus
1421 2402 1598 2465 conueniret.
1632 2398 1755 2464 Deinde
1776 2403 1854 2481 quia
1874 2402 2016 2466 uidentm
2033 2407 2109 2482 apta
2130 2421 2195 2467 esse

193 2491 230 2553 in
244 2489 449 2570 poclipiosos,
472 2509 525 2550 nee
546 2489 653 2550 ruinas
673 2507 881 2569 superuacues
902 2507 938 2548 ae
954 2488 1083 2551 inutiles
1097 2492 1169 2550 tem
1218 2488 1396 2552 ncdinmnta
1417 2487 1460 2550 ad
1480 2486 1694 2562 bumilitatem,
1716 2486 1798 2565 quod
1818 2487 1977 2550 bominum
1989 2493 2102 2552 mentes
2122 2489 2195 2570 iupo

187 2575 316 2656 plorum
344 2576 441 2638 lunas
468 2594 528 2637 noa
551 2573 675 2652 aliquid
690 2573 888 2655 profudisse,
916 2593 1012 2653 quarn
1032 2572 1169 2653 defuisse
1219 2594 1276 2637 sno
1298 2562 1460 2653 depressas
1478 2571 1567 2635 lcumi
1587 2571 1729 2649 ddinent,
1751 2570 1823 2636 binc
1843 2573 1976 2637 abnam
1993 2572 2102 2636 babent
2118 2592 2194 2636 cono·
2258 2569 2271 2583 ‘

192 2661 314 2726 ultimis
335 2680 517 2740 pauperum
544 2658 802 2723 necessitatibus?
827 2658 946 2722 iddum
967 2659 1035 2722 sine
1056 2657 1168 2721 bonore
1218 2659 1450 2723 mandationem.
1497 2656 1654 2721 Postremo
1675 2658 1752 2738 quia
1773 2657 1917 2722 radatur
1936 2677 1969 2721 eo
1990 2663 2137 2738 spatare,
2160 2663 2195 2721 ut

107 2801 111 2808 .
186 2747 403 2828 praeteriisse,
434 2765 529 2824 quam
548 2744 709 2808 leonianum
730 2765 817 2808 marce
836 2763 936 2826 penus
957 2744 1168 2808 eordrcrneliose
1219 2745 1326 2808 carnis
1346 2743 1477 2808 delmias
1497 2743 1665 2820 cobibeant,
1691 2747 1719 2808 d
1745 2743 1948 2809 abstinentiae
1973 2745 2076 2825 ripere
2102 2744 2195 2808 illam

192 2832 363 2896 tractasse?
384 2852 445 2894 uon
467 2831 718 2894 demurmurasse
744 2831 834 2894 certis
862 2829 948 2893 boris
975 2830 1067 2911 lorcpa
1100 2830 1168 2892 sine
1219 2830 1380 2913 subipanb
1409 2829 1478 2893 ideo
1506 2829 1650 2892 videntur
1668 2829 1838 2909 prudenter
1866 2830 2058 2911 compactae.
2111 2829 2194 2909 Quid

192 2938 285 2980 sensu
307 2917 413 2994 cerba,
441 2937 536 2996 quam
563 2917 732 2997 lepitimam
760 2917 929 2979 orationem
958 2917 1063 2979 animo
1089 2934 1169 2978 nun
1220 2920 1322 2981 autern
1343 2915 1386 2979 ad
1406 2915 1480 2978 lcaec
1505 2914 1652 2980 Paulas?
1693 2913 1781 2978 Num
1795 2914 1819 3000 ¹)
1839 2916 1947 2980 laruas
1973 2915 2050 2979 illas
2071 2915 2193 2993 montib,

192 3023 288 3082 quam
304 3003 496 3082 comepnsse?
521 3002 603 3082 Quid
620 3007 664 3065 est
680 3003 807 3064 irritum
827 3003 930 3082 faeere
946 3005 1074 3083 propter
1091 3020 1169 3069 snas
1219 3023 1257 3066 ne
1283 3002 1367 3081 falso
1387 3005 1552 3083 praetentu
1584 3001 1741 3081 simplices
1775 3001 1988 3072 deludantur?
2040 3001 2195 3081 Quoniam

191 3089 374 3151 traditiones
395 3087 459 3151 Dei
476 3093 682 3169 paeceptum,
706 3088 771 3150 uisi
792 3086 846 3150 boc
866 3088 934 3150 est?
953 3107 1050 3168 qrcum
1071 3088 1168 3151 obser-
1219 3087 1274 3152 boc
1295 3087 1376 3151 satis
1397 3086 1440 3150 ad
1456 3086 1658 3166 refellendum
1685 3106 1748 3150 esse
1770 3092 1943 3164 mmumat,
1965 3086 2047 3167 quod
2069 3087 2193 3152 dixerat

192 3174 344 3236 cetimum
365 3175 584 3238 rocandatoumn
605 3172 669 3238 Dei
689 3173 805 3254 fripiele
826 3178 946 3236 tartecm
967 3179 995 3236 et
1015 3173 1168 3254 defuneto
1220 3194 1285 3238 esse
1311 3172 1472 3236 bominum
1499 3176 1680 3248 commenta,
1707 3172 1782 3237 baec
1809 3173 1929 3250 ornnia,
1961 3177 2112 3253 tanquam
2131 3192 2193 3253 pro

192 3260 240 3323 rie
264 3259 512 3335 commendantes,
535 3280 663 3324 snorum
684 3264 824 3322 eaodem
845 3258 1047 3322 obedientiam
1067 3257 1167 3322 nibilo
1221 3259 1320 3323 nibrlo
1339 3257 1455 3334 babeat,
1478 3259 1546 3322 sine
1561 3258 1745 3338 refutatione
1759 3258 1919 3339 praeterit
1939 3256 2023 3320 'Imo
2044 3260 2121 3338 quia
2142 3278 2194 3321 uo-

191 3346 299 3409 minus
319 3344 454 3407 studiose
477 3350 504 3408 et
530 3347 625 3410 arceio
648 3349 772 3426 eoeperit,
798 3365 893 3423 quam
915 3346 945 3408 si
962 3349 1056 3408 totam
1068 3344 1168 3424 pieta·
1219 3349 1305 3409 cerat
1326 3343 1508 3413 incoelesia
1529 3363 1634 3408 omnus
1654 3345 1873 3408 commuttios
1893 3344 1995 3408 cultus
2021 3365 2087 3407 csse
2107 3343 2194 3407 dam

191 3432 234 3494 tis
260 3431 324 3494 aim
347 3431 381 3492 in
408 3449 442 3491 se
463 3433 663 3508 continerem,-
691 3451 787 3510 quum
814 3431 942 3493 diuinae
968 3431 1045 3512 lepis
1065 3435 1167 3494 trans-
1218 3435 1316 3507 reatos,
1339 3433 1418 3492 eteo
1439 3430 1542 3512 napis
1561 3434 1716 3511 suspectos
1736 3449 1801 3494 esse
1820 3429 1981 3510 fidelibus,
2004 3449 2064 3509 quo
2084 3428 2194 3492 buma-

189 3518 378 3599 pressionem
407 3514 523 3578 leuibns
549 3517 799 3596 satisfactionum
825 3517 950 3579 rmelctis
979 3511 1165 3592 liubana,
1218 3537 1294 3580 num
1319 3515 1478 3598 inperium
1504 3516 1608 3598 mapis
1633 3515 1795 3593 oblectant,
1822 3516 1899 3596 quia
1926 3520 2050 3580 moeret
2074 3514 2194 3595 falsam

190 3603 289 3666 unius
314 3601 367 3665 sui
395 3601 505 3664 decreti
533 3602 579 3664 ael
604 3603 769 3665 rninimam
797 3602 992 3682 offere-iorem
1013 3602 1105 3666 nulla
1126 3602 1165 3666 te
1218 3603 1309 3668 idam
1331 3605 1474 3665 artemas
1492 3600 1681 3666 humilitatis
1702 3601 1871 3683 inopinem
1892 3622 1913 3665 a
1930 3620 2004 3665 oera
2018 3599 2194 3664 bumilitate

191 3689 275 3752 uiore
295 3708 398 3767 poena
420 3687 572 3766 plectunt,
601 3707 696 3766 quam
717 3707 850 3764 carcere,
879 3688 1006 3765 casilia,
1024 3687 1165 3752 ineeredio
1217 3692 1340 3753 tantum
1360 3686 1493 3765 distare,
1521 3692 1556 3750 ut
1580 3687 1675 3768 facile
1696 3688 1937 3764 discerneretur;
1964 3687 2042 3766 quia
2063 3685 2194 3766 denique

191 3778 247 3838 aut
272 3773 387 3855 plodio.
432 3771 476 3835 Iu
501 3771 565 3836 Dei
593 3777 808 3853 cmitemmores
840 3794 902 3838 non
936 3774 983 3836 ita
1000 3774 1113 3853 ‘asperi
1139 3777 1167 3836 et
1217 3778 1343 3839 nouerat
1360 3772 1452 3836 illam
1468 3772 1769 3855 paodapopiamnon
1784 3772 1893 3853 pluris
1904 3771 2077 3847 aestmmri,
2099 3790 2194 3851 marn

191 3859 412 3937 inexorabiles,
446 3879 520 3922 suos
552 3863 766 3948 contauptores
799 3857 995 3940 inplacabili
1027 3859 1097 3923 odio
1124 3858 1167 3923 ad
1217 3859 1356 3942 corpores
1376 3859 1635 3935 caercimtionem,
1664 3879 1701 3937 ea
1728 3858 1800 3938 ipsa
1815 3879 1877 3939 pro
1898 3857 2111 3922 bumanorum
2131 3861 2195 3920 tra·

190 3950 360 4009 eutremum
377 3949 624 4026 persequuntur,
653 3964 690 4006 ac
718 3965 767 4008 eos
794 3965 898 4009 ornnes
924 3946 969 4009 sie
989 3945 1165 4020 intduunt,
1217 3945 1372 4009 ditionum
1393 3943 1578 4025 refutatione
1595 3943 1693 4008 coluit
1713 3965 1780 4008 esse
1799 3943 1951 4024 fidelibus,
1973 3962 2105 4022 auorum
2122 3963 2195 4026 pra·

190 4050 322 4110 quorum
353 4031 583 4112 simplicitatem
618 4031 775 4111 captiuam
812 4036 923 4108 tenent,
959 4035 993 4093 ut
1024 4031 1167 4110 aequiore
1217 4031 1265 4109 tia
1286 4030 1362 4094 illae
1385 4030 1473 4112 apud
1493 4031 1653 4111 imperitos
1673 4029 1973 4114 cormnendabantur.

190 4116 296 4180 oniaco
322 4118 501 4180 icnioersam
528 4116 591 4179 Dei
624 4117 717 4197 lepem
750 4117 928 4180 subversam
959 4116 1062 4179 iisuri
1093 4117 1165 4193 sint
1308 4119 1355 4179 12.
1413 4114 1467 4179 Sic
1505 4116 1594 4180 bodie
1631 4117 1896 4180 cammnoniarum
1926 4116 2096 4196 medaculo
2132 4135 2193 4178 non

189 4220 286 4281 quam
307 4202 468 4281 apiculum
485 4203 521 4265 iu
536 4202 713 4282 praeceptis
734 4201 783 4285 (ut
799 4201 920 4284 cocant)
941 4202 1083 4266 ecclesiae
1104 4203 1166 4266 uio-
1217 4203 1306 4266 modo
1326 4202 1439 4284 culpem
1461 4201 1630 4279 indoctum,
1657 4200 1712 4265 sed
1732 4203 1917 4282 utquisque
1937 4203 2099 4266 mnrcdana
2114 4219 2193 4280 pru·

96 4282 99 4291 ’
191 4287 298 4351 utone
347 4286 493 4350 Primum
512 4288 650 4368 probiter
679 4288 715 4349 iu
740 4310 773 4351 eo
791 4288 996 4368 delinquitur,
1027 4288 1109 4367 quod
1130 4286 1165 4351 ob
1217 4289 1323 4352 denaia
1349 4286 1488 4351 manne
1512 4287 1641 4366 inflatus
1669 4291 1726 4364 est,
1754 4286 1886 4366 mirifice
1912 4289 2043 4369 eapitur.
2088 4284 2193 4365 Hypo

189 4393 240 4436 res
262 4373 425 4450 leoicmas,
454 4377 481 4436 et
503 4374 533 4436 si
554 4372 619 4436 Dei
639 4373 756 4437 iudicio
776 4378 911 4437 staretur
933 4373 1063 4450 liberas,
1087 4373 1166 4437 aee
1217 4375 1313 4438 critm
1333 4393 1404 4437 aero
1425 4378 1453 4437 et
1471 4373 1581 4454 fatuae
1601 4372 1804 4436 mulierculae
1830 4372 1914 4437 nibil
1941 4392 1994 4437 nec
2015 4371 2191 4451 ‹pmmsim

190 4459 322 4522 alterum
345 4459 518 4535 contunuit,
546 4459 678 4535 iudicat,
709 4458 823 4522 abir‘cit.
871 4459 1167 4539 menomenae·
1216 4480 1270 4524 nec
1288 4459 1401 4523 rubim
1422 4460 1552 4542 copitari
1569 4478 1661 4540 posse
1679 4459 1870 4523 existimant.
1904 4457 1958 4535 At,
1980 4458 2036 4538 qui
2052 4456 2194 4537 penitius

191 4543 225 4608 id
239 4564 361 4624 parum
380 4543 461 4606 mali
480 4549 570 4621 esset,
589 4545 698 4625 pluris
726 4546 946 4625 appenduntur
964 4544 1082 4625 friuola
1104 4544 1164 4608 illa
1216 4547 1390 4609 discutiunt
1416 4550 1444 4609 et
1469 4545 1574 4608 ouius
1601 4544 1775 4625 eaperednnt
1801 4546 1967 4609 secundnm
1988 4542 2119 4622 pietatis
2147 4561 2192 4604 re·

189 4629 286 4692 buius
317 4629 441 4694 mundi·
461 4630 607 4694 elementa
636 4630 684 4711 (ut
713 4630 839 4694 Paulus
869 4631 999 4694 Galat-is
1029 4631 1165 4694 scriberes
1214 4632 1337 4715 putam
1365 4631 1442 4711 quid
1468 4635 1569 4696 totae
1595 4631 1673 4694 tales
1694 4631 1903 4695 caeremoniae
1923 4628 2055 4704 rabant
2078 4627 2192 4691 intelli-

189 4721 356 4797 unncupat,
379 4719 417 4793 tf
431 4719 466 4798 9)
486 4736 582 4796 quam
608 4716 748 4780 coelestia
769 4715 834 4780 Dei
861 4716 998 4780 oracula
1042 4716 1089 4779 Et
1109 4717 1165 4795 qni
1213 4722 1291 4800 punt
1305 4718 1449 4797 primurn
1470 4736 1572 4800 nupas
1592 4736 1665 4794 esse,
1686 4716 1767 4797 quod
1784 4715 1867 4779 nibil
1880 4713 2029 4779 utilitatis
2046 4711 2192 4790 babeant,-

183 4823 281 4883 prope
303 4803 338 4864 iu
360 4801 514 4865 adultaio
537 4801 720 4885 absoluitur,
744 4802 902 4868 iudicatur
930 4803 966 4865 in
986 4802 1057 4866 cibo.
1104 4801 1165 4866 (lui
1216 4803 1326 4868 deinde
1357 4803 1565 4886 praestipias,
1605 4803 1687 4882 quod
1726 4802 1929 4881 spectantium
1950 4797 2068 4862 -oculos
2099 4799 2192 4862 inani

588 4884 593 4893 ’
1210 4908 1329 4971 pompa
1352 4888 1509 4953 deludunt.
1553 4885 1604 4951 De
1632 4889 1676 4950 iis
1701 4886 1904 4951 caeremoniis
1931 4885 2051 4963 loqrcor,
2079 4883 2192 4964 qubus

1217 4972 1339 5039 subesse
1367 4994 1484 5057 mapna
1504 4973 1652 5055 mysterio
1684 4971 1789 5037 volunt
1816 4990 2010 5035 ronranenses
2037 4971 2189 5052 mapistri,
2313 4982 2320 4989 ’

258 5109 286 5168 1)
308 5108 415 5163 Eadem
432 5110 544 5163 dedant
561 5110 644 5164 editio
662 5127 688 5163 a.
706 5109 774 5163 1539
791 5111 847 5164 alio
862 5111 918 5164 loco
937 5110 992 5163 eal.
1006 5108 1071 5176 Cap.
1080 5107 1163 5162 XIV.
1218 5148 1419 5156 -----

186 5192 215 5242 p.
232 5175 292 5228 375.
396 5176 426 5244 2)
444 5179 598 5232 maledictio
617 5176 691 5232 1643.
711 5176 786 5232 aab.
891 5177 921 5246 3)
940 5177 1064 5231 Christus
1082 5179 1164 5232 omitt.

108 5255 116 5269 ⁶
190 5243 257 5296 1550
274 5260 343 5315 seqq.
1063 5282 1069 5292 ·
1189 5256 1192 5283 ¹
1288 5244 1676 5311 1)N0u1543.1545.155b
