4770 6030
176 453 215 515 re
863 403 867 411 ¹
963 390 1061 517 dir.
1084 452 1129 517 11.
1174 452 1238 518 ou
1261 453 1383 518 smu.
2138 463 2179 522 74

173 660 239 703 una
260 639 334 717 fide,
357 659 423 721 spe,
446 641 590 719 caritate,
618 640 732 705 eodem
748 641 813 705 Dei
837 641 962 722 spiritu,
985 640 1082 705 simul
1104 641 1153 704 vi-
1205 641 1312 706 buerit
1330 642 1492 706 Dominus
1513 641 1682 707 ecclesiam
1704 663 1797 707 susm
1824 652 2079 726 superterram,
2108 647 2183 711 nnl-

172 732 265 800 1111,
289 726 324 789 in
346 725 484 791 eandem
510 728 598 791 vitae
618 734 770 791 astemoe
791 725 1027 791 haereditatem
1047 727 1154 792 vocati
1205 727 1274 791 lum
1295 728 1395 791 etiam
1421 728 1504 806 fore,
1526 749 1629 810 usque
1651 727 1693 792 ad
1714 731 2024 795 consummationem
2052 733 2181 812 soeculi,

172 808 282 895 (Rom.
306 815 353 874 12.
387 812 495 876 lCor.
519 817 557 875 10
575 821 609 876 61
628 816 675 876 12.
704 812 790 894 Eph.
809 811 854 896 1).
905 810 1029 877 Sancta
1054 814 1154 876 etiem
1204 834 1267 895 quo
1294 814 1425 879 nonsit
1452 813 1652 892 habiturus:
1667 814 1939 897 quemadmodum
1959 818 2029 899 ipse
2050 819 2183 901 pollice-

172 906 235 973 est,
270 899 347 978 quie
378 906 534 980 quotquot
566 906 700 963 aeterna
730 899 795 962 Dei
825 897 1029 980 pmvidentis
1059 898 1153 964 electi
1205 905 1260 962 tur
1288 898 1380 983 (Ioel.
1402 903 1430 963 3.
1459 899 1770 984 Ρ111.8911132).
1821 900 1908 965 Nam
1935 904 1996 966 etsi
2022 905 2133 968 statim
2162 927 2183 970 a

172 990 262 1060 sunt,
292 992 330 1046 ut
356 984 392 1046 in
418 984 571 1048 ecclesiae
597 984 745 1048 membre
771 982 1014 1065 cooptarentur,
1043 984 1152 1048 oDo-
1204 985 1363 1066 principio
1384 985 1554 1049 hominum
1576 1007 1692 1069 genus,
1716 985 1809 1051 Adae
1830 996 1970 1068 peccato,
1993 998 2182 1071 corruptum

171 1069 260 1132 mino
282 1090 395 1133 omnes
417 1071 663 1136 sanctificantur
685 1068 789 1154 (loon.
812 1074 859 1133 17.
889 1069 975 1151 Eph.
997 1069 1041 1154 5).
1204 1091 1242 1135 ac
1262 1071 1415 1135 vitiatum
1437 1079 1500 1148 est,
1530 1093 1570 1134 ex
1594 1071 1656 1136 hoc
1677 1078 1802 1148 tamen,
1832 1094 1891 1137 ceu
1919 1073 2042 1155 polluta
2063 1096 2181 1155 mussa,

259 1155 367 1236 Atque
389 1155 442 1220 hic
464 1155 595 1237 quidem
617 1155 695 1220 ordo
717 1154 956 1220 misericordiae
973 1156 1038 1220 Dei
1059 1155 1152 1220 nobis
1203 1177 1332 1238 semper
1353 1156 1461 1238 aliqua
1482 1178 1562 1221 vase
1583 1158 1765 1223 sanctificat
1785 1159 1819 1222 in
1840 1159 2010 1237 honorem,
2033 1161 2183 1226 utnulla

171 1260 192 1303 a
211 1240 317 1305 Pano
338 1239 448 1325 (Rom.
471 1240 506 1324 8)
529 1241 723 1307 describitur
744 1248 781 1305 ut
800 1262 881 1324 quos
903 1262 944 1305 cx
967 1240 1153 1306 hominibus
1204 1243 1247 1305 sit
1268 1248 1358 1306 aetas
1380 1263 1463 1325 quoe
1491 1263 1557 1306 non
1586 1264 1679 1308 suam
1703 1244 1958 1309 misericordiam
1985 1247 2180 1327 experiatur,

172 1324 284 1409 elegit,
308 1347 362 1390 eos
384 1335 492 1404 vocet,
516 1348 596 1410 quos
617 1329 747 1393 vocavit
768 1328 934 1405 iustificet,
957 1349 1038 1409 quos
1059 1329 1151 1392 iusti·
1202 1328 1383 1406 Postremo,
1406 1328 1452 1392 sic
1474 1327 1636 1393 credenda
1652 1328 1745 1393 nobis
1763 1336 1813 1392 est
1829 1329 1972 1408 ecclesia,
1996 1340 2033 1394 ut
2052 1331 2181 1397 divinae

170 1409 282 1476 ficavit
304 1413 469 1496 glorificet.
514 1413 628 1491 Vocat,
653 1413 731 1478 dum
752 1413 794 1477 sd
815 1435 886 1478 sese
908 1413 1045 1477 attrahit
1066 1436 1150 1492 suos,
1202 1414 1357 1478 bonitatis
1378 1413 1498 1478 fiducia
1518 1415 1602 1493 freti,
1624 1435 1684 1496 pro
1705 1423 1793 1479 certo
1812 1414 1999 1493 habeamus,
2021 1438 2081 1482 nos
2102 1440 2181 1501 quo-

170 1496 236 1561 illis
262 1519 297 1561 se
324 1519 383 1579 pro
410 1498 490 1562 Deo
509 1506 552 1563 et·
569 1507 662 1581 patre
694 1499 954 1582 cognoscendum
982 1499 1148 1564 exhibens.
1202 1519 1265 1580 que
1292 1520 1334 1562 ex
1355 1520 1394 1563 ea
1415 1520 1500 1577 esse,
1529 1520 1567 1565 ae
1594 1521 1670 1565 oum
1697 1501 1833 1566 caeteris
1859 1501 1924 1566 Dei
1951 1502 2077 1580 electis,
2106 1525 2182 1569 oum

169 1581 340 1659 Iustificat,
364 1583 443 1648 dum
464 1606 519 1649 eos
537 1584 663 1650 Christi
682 1586 806 1650 iustitis
826 1585 933 1662 vestit,
957 1605 1022 1665 qua
1043 1592 1076 1649 et
1091 1607 1151 1667 pro
1202 1585 1318 1666 quihus
1336 1586 1451 1664 vocati,
1474 1592 1508 1648 et
1527 1586 1594 1650 iam
1612 1607 1655 1650 ex
1672 1602 1765 1668 porte
1782 1587 1946 1652 iustificati
1964 1610 2085 1664 sumus,
2106 1611 2181 1671 per-

171 1690 231 1734 sua
262 1669 459 1750 perfectione
491 1678 649 1735 ornentur
680 1679 715 1735 et
747 1692 841 1735 suam
874 1670 1150 1752 imperfectionem
1201 1671 1284 1735 fecte
1323 1671 1534 1736 iustificatum
1571 1693 1609 1737 sc
1647 1670 1864 1755 glorificatum
1896 1674 1937 1736 iri
1970 1674 2180 1740 confidamus.

170 1755 339 1838 obtegunt,
372 1776 410 1820 ac
437 1757 542 1822 sancti
568 1757 619 1821 sui
641 1757 773 1840 spiritus
794 1756 1069 1821 benedictionibus
1096 1778 1151 1822 eos
1202 1755 1488 1838 Comprehendere
1509 1757 1640 1840 quidem
1661 1778 1727 1822 non
1743 1779 1915 1840 possumus
1932 1760 2180 1842 incomprehen-

169 1840 300 1924 irrigst,
331 1842 447 1923 quibus
476 1842 516 1906 de
543 1843 657 1907 disin
688 1843 774 1907 diem
803 1864 824 1907 a
851 1844 958 1906 carnis
980 1863 1058 1907 suae
1080 1863 1150 1907 cor·
1202 1841 1329 1906 sibilem
1348 1843 1414 1906 Dei
1441 1843 1647 1926 sapientiem,
1677 1865 1736 1908 neo
1758 1865 1831 1908 eom
1852 1852 2005 1910 excutere
2031 1853 2180 1911 nostrum

170 1927 320 2008 ruptione
342 1936 566 2011 expurgentur
587 1936 621 1993 et
647 1929 682 1993 in
702 1929 789 1995 vitoe
815 1929 994 1992 novitatem
1015 1949 1150 2011 regens·
1202 1935 1264 1992 est:
1288 1936 1326 1991 ut
1346 1928 1440 1992 nobis
1457 1936 1598 2006 constet,
1612 1931 1668 2011 qui
1685 1937 1817 1994 aeterno
1839 1931 1908 1994 eius
1925 1931 2057 1996 consilio
2074 1931 2177 2010 electi,

171 2020 300 2090 rentur,
335 2012 437 2077 donec
463 2013 561 2095 plane
589 2016 693 2079 sancti
726 2023 760 2078 et
785 2014 986 2079 immaculati
1012 2016 1047 2078 in
1073 2035 1150 2079 con·
1201 2014 1256 2095 qui
1274 2014 1437 2097 reprobati
1454 2016 1521 2079 sint
1541 2015 1651 2100 (Rom.
1673 2014 1737 2099 11).
1775 2015 1901 2079 Verum
1921 2038 2027 2099 neque
2048 2016 2083 2081 id
2101 2017 2179 2082 fidei

171 2105 285 2197 spectu
311 2099 381 2198 eius
407 2107 594 2198 appareant.
645 2100 863 2200 Glorificabit,
896 2121 972 2200 cum
997 2101 1151 2164 maiestas
1200 2107 1331 2199 nostrae
1352 2121 1433 2182 opus
1455 2108 1522 2200 est,
1548 2121 1631 2183 quae
1653 2100 1781 2166 abunde
1805 2099 1845 2188 [p.
1861 2099 1935 2187 141]
1955 2101 2018 2168 hac
2040 2105 2178 2201 promis·

171 2186 1151 2352 111111111111111111111111
1201 2185 2180 2358 1111111111111111111111111

173 2355 346 2439 glorificat,
374 2356 457 2421 nihil
484 2357 572 2421 aliud
599 2378 697 2440 quam
718 2366 886 2422 aeternam
907 2379 1001 2422 suam
1021 2358 1150 2423 electio-
1201 2364 1270 2421 tam
1290 2357 1439 2439 improbe
1461 2357 1636 2439 cupiditate
1656 2358 1762 2436 fuerit,
1787 2359 1842 2441 qui
1863 2379 1929 2423 non
1952 2367 2122 2426 contentus
2143 2382 2180 2426 se

172 2462 249 2505 nem
271 2441 429 2521 declarat,
458 2464 523 2525 qua
548 2443 613 2508 huc
635 2465 689 2508 eos
715 2442 949 2523 destinaverat,
976 2450 1150 2526 antequam
1200 2443 1265 2507 Dei
1286 2442 1392 2507 filium
1410 2464 1490 2522 esse,
1514 2442 1636 2525 aliquid
1658 2443 1745 2507 ultre
1766 2443 1917 2526 appetat?

171 2536 391 2593 nascerentur.
426 2526 537 2610 Quare
554 2530 664 2594 nullus
685 2530 720 2593 in
738 2529 875 2614 gloriam
897 2526 937 2614 [p.
953 2527 1028 2614 139]
1047 2530 1151 2594 cocle-
1287 2527 1428 2609 Quando
1448 2529 1557 2610 itaque
1573 2530 1610 2592 in
1626 2550 1692 2593 uno
1710 2528 1842 2593 Christo
1858 2530 1978 2594 bonam
1995 2531 2059 2595 Dei
2075 2533 2179 2614 petris

171 2614 231 2679 stis
248 2615 341 2696 regni
359 2636 504 2697 unquam
525 2615 732 2699 ingressurus
753 2623 818 2694 est,
839 2616 895 2697 qui
916 2637 982 2679 non
999 2616 1098 2680 fuerit
1115 2616 1150 2679 in
1201 2635 1281 2697 erga
1300 2636 1360 2679 nos
1381 2614 1597 2692 voluntatem,
1620 2616 1736 2692 vitam,
1760 2613 1912 2692 salutem,
1935 2624 1969 2680 et
1994 2618 2101 2698 ipsum
2121 2617 2178 2682 de-

171 2699 260 2765 hunc
277 2699 409 2764 modum
427 2707 561 2765 vocatus
579 2707 613 2765 et
627 2703 829 2779 iustificatos,
850 2701 980 2783 quando
997 2702 1067 2765 sine
1081 2701 1151 2766 ullu
1201 2701 1298 2782 nique
1320 2721 1460 2783 regnum
1486 2700 1649 2766 coelorum
1669 2701 1870 2778 invenimus,
1899 2701 1985 2766 solus
2007 2703 2076 2784 ipso
2097 2704 2178 2768 satis

171 2787 360 2866 exceptione
386 2787 422 2850 in
450 2787 575 2852 cunctis
603 2786 788 2853 hominibus
813 2808 893 2869 quos
913 2786 1027 2870 elegit,
1056 2808 1150 2851 suom
1201 2806 1361 2868 superque
1387 2786 1480 2850 nobis
1507 2807 1577 2851 esso
1603 2785 1707 2850 debet.
1751 2786 1824 2849 Hoc
1851 2787 1939 2850 enim
1968 2789 2177 2870 cogitandum

170 2870 361 2936 electionem
381 2872 544 2936 Dominus
566 2871 608 2936 ad
628 2895 704 2937 eum
730 2873 864 2937 modum
882 2873 1006 2955 profert
1026 2880 1060 2936 et
1079 2894 1149 2938 me·
1200 2880 1259 2949 est,
1282 2871 1365 2935 nihil
1385 2872 1515 2954 penitus
1536 2872 1629 2936 nobis
1651 2871 1852 2949 defuturum,
1875 2872 1960 2954 quod
1981 2874 2016 2936 in
2039 2874 2177 2939 salutem

169 2957 311 3021 nifestat.
340 2956 512 3039 Scriptura
532 2980 637 3040 saepe,
659 2958 738 3024 dum
755 2981 791 3024 se
800 2957 1021 3024 accommodat
1039 2960 1150 3023 sensui
1201 2978 1239 3022 ac
1260 2957 1382 3022 bonum
1409 2963 1558 3022 nostrum
1584 2956 1763 3023 conducere
1789 2959 1905 3038 possit,
1934 2959 1962 3024 si
1989 2958 2045 3022 ille
2066 2966 2177 3024 noster

170 3053 291 3121 nostro,
313 3043 503 3108 electionem
521 3045 585 3108 Dei
607 3066 673 3108 non
694 3052 797 3122 vocat,
818 3046 883 3110 nisi
904 3066 986 3127 quse
1007 3045 1070 3109 hac
1091 3066 1149 3109 vo-
1200 3050 1263 3121 est;
1291 3043 1383 3106 illum
1405 3065 1483 3108 vero
1510 3051 1658 3108 nostrrun
1683 3044 1756 3107 fieri
1783 3050 1816 3106 et
1845 3045 1955 3108 omnia
1981 3065 2063 3127 quac
2089 3044 2176 3110 illius

170 3130 298 3194 catione
319 3136 353 3193 et
373 3130 599 3195 iustificatione
619 3132 686 3194 ism
706 3126 914 3195 manifestata
935 3131 1040 3195 fuerit.
1086 3133 1148 3194 At-
1201 3137 1286 3206 sunt,
1310 3130 1338 3193 si
1357 3136 1446 3194 certa
1465 3129 1530 3193 fide
1556 3131 1590 3193 in
1612 3130 1720 3211 ipsum
1741 3130 1972 3208 recumbimus,
2001 3131 2028 3195 si
2049 3131 2176 3212 inipso

168 3235 234 3296 que
255 3214 336 3280 haec
357 3236 456 3279 causa
477 3223 535 3294 est}
558 3225 595 3279 ut
616 3237 711 3298 saepe
733 3217 767 3280 in
783 3217 902 3299 populo
919 3217 983 3280 Dei
998 3225 1150 3280 numeret
1200 3208 1447 3296 adquiescimus,
1469 3216 1553 3278 siin
1575 3215 1645 3297 ipso
1667 3214 1820 3293 salutem,
1848 3217 1967 3293 vitam,
1989 3216 2099 3281 omnia
2120 3216 2176 3281 de-
2220 3226 2224 3237 '

168 3321 235 3378 eos,
256 3301 291 3363 in
308 3301 527 3381 quibusDeus
543 3303 681 3366 virtutes
701 3324 777 3367 suas
794 3310 945 3384 operatus
957 3310 1022 3381 est,
1034 3323 1148 3384 quam·
1200 3301 1297 3382 nique
1317 3309 1429 3364 nostra
1456 3301 1656 3382 reponimus,
1686 3301 1715 3365 si
1736 3309 1824 3366 certo
1845 3307 2068 3383 expectemus,
2090 3325 2176 3367 nun-

168 3387 222 3450 vis
242 3386 336 3451 electi
358 3396 424 3450 non
446 3395 569 3465 essent;
598 3409 742 3464 rursum,
771 3390 826 3470 qui
846 3410 924 3453 vere
945 3389 1038 3453 electi
1061 3395 1146 3464 sunt,
1199 3406 1298 3467 quam
1322 3387 1484 3464 futurum,
1519 3393 1557 3451 ut
1582 3408 1642 3451 nos
1669 3385 1805 3452 deseret.
1856 3388 1932 3468 Ipse
1957 3389 2045 3451 enim
2072 3389 2175 3452 obviis

168 3492 225 3536 eos
247 3473 282 3535 in
304 3473 423 3554 populo
435 3473 500 3537 Dei
523 3495 589 3537 non
610 3482 786 3551 recenseat,
809 3475 886 3556 quia
902 3474 1048 3539 nondum
1065 3474 1148 3539 tales
1199 3472 1349 3536 menibus
1376 3494 1447 3536 sese
1474 3472 1567 3537 nobis
1587 3472 1705 3551 defert,
1734 3480 1863 3536 tentum
1884 3472 1948 3537 fide
1970 3473 2173 3554 accipiamus.

168 3556 326 3623 declarati
343 3568 421 3622 sunt
442 3558 537 3643 (Hos,
558 3563 586 3622 2.
614 3560 757 3623 Rome.
780 3559 942 3643 106111).
977 3560 1042 3625 Hic
1059 3560 1147 3624 enim
1199 3556 1265 3638 Qui
1288 3578 1365 3622 vero
1387 3557 1519 3624 Christo
1544 3580 1611 3624 non
1633 3560 1789 3635 contenti,
1818 3559 1968 3622 nituntur
1994 3557 2091 3621 altius
2118 3579 2174 3639 pe-

166 3664 235 3708 non
263 3665 364 3708 unam
390 3644 480 3708 illam
497 3651 541 3709 -et
566 3645 861 3710 incommutabilem
883 3646 946 3709 Dei
973 3645 1147 3727 providen-
1199 3651 1345 3723 uehere,
1372 3645 1456 3708 iram
1476 3645 1542 3709 Dei
1568 3644 1742 3709 adversum
1769 3665 1804 3708 se
1825 3650 2014 3724 provocant,
2045 3644 2175 3724 etquis

167 3730 250 3794 tiem
281 3730 426 3813 respicit,
460 3730 518 3795 sed
549 3731 632 3795 tales
661 3732 754 3797 nobis
780 3731 845 3795 Dei
874 3731 958 3795 filios
985 3731 1146 3810 describit,
1198 3730 1234 3793 in
1256 3729 1411 3814 abyssum
1431 3731 1611 3795 maiestatis
1632 3731 1702 3795 eius
1722 3730 1918 3809 irrumpunt,
1940 3728 2022 3791 nihil
2040 3737 2178 3810 possunt

168 3815 320 3897 qualesa
345 3816 439 3881 nobis
460 3818 610 3899 cognosci
631 3823 781 3899 possunt,
803 3818 864 3899 qui
885 3816 1008 3882 scilicet
1031 3819 1147 3899 spiritu
1197 3836 1297 3898 quam
1318 3815 1494 3897 opprimis
1515 3815 1618 3899 glorie
1635 3814 1747 3899 (Pror.
1767 3813 1833 3896 25).
1867 3812 1953 3879 Cum
1973 3815 2061 3878 enim
2078 3813 2177 3880 Chri·

167 3901 233 3965 Dei
255 3909 399 3985 aguntur
420 3901 529 3987 (Rom.
550 3901 595 3987 8).
632 3903 718 3968 Cum
739 3912 848 3967 autem
869 3903 1005 3967 ecclesia
1026 3904 1069 3967 sit
1089 3924 1146 3985 po-
1198 3908 1268 3965 stus
1287 3901 1449 3966 Dominus
1471 3908 1581 3966 noster
1601 3903 1630 3966 is
1647 3901 1702 3977 sit,
1726 3901 1761 3963 in
1782 3920 1845 3982 quo
1866 3907 1960 3981 pater
1981 3901 2022 3965 ab
2045 3906 2177 3966 aeterno

166 3986 266 4069 pulus
293 3988 469 4052 electorum
492 3989 572 4068 Dei,
600 3989 672 4053 ficri
699 4010 765 4054 non
793 3996 899 4071 potest
925 3990 1044 4071 utqui
1068 4010 1147 4053 vere
1198 3987 1297 4070 elegit
1327 4008 1407 4069 quos
1439 3986 1543 4052 voluit
1573 4007 1644 4051 csse
1671 4006 1760 4064 suos,
1790 4006 1828 4050 ac
1855 3986 1890 4049 in
1917 3987 2071 4052 ecclesiae
2098 4008 2177 4052 suae

167 4073 239 4138 cius
260 4084 337 4138 sunt
362 4075 510 4138 membra
531 4074 665 4139 tandem
685 4082 834 4157 pereant,
863 4082 920 4139 aut
939 4074 1026 4139 malo
1048 4075 1147 4138 exitio
1199 4093 1333 4156 gregem
1354 4072 1483 4151 referri,
1512 4073 1592 4137 sotis
1613 4072 1738 4137 clnrum
1764 4071 1986 4137 testimonium
2007 4072 2174 4150 hebemus,

166 4159 355 4241 perdantur.
391 4158 516 4223 Nititur
536 4162 624 4224 enim
646 4182 758 4225 eorum
779 4161 867 4225 salus
888 4167 958 4224 tam
978 4162 1075 4226 certis
1095 4181 1147 4225 so·
1199 4178 1258 4223 nos
1278 4165 1312 4222 ct
1328 4159 1414 4222 inter
1430 4158 1495 4222 Dei
1512 4158 1644 4235 electos,
1667 4164 1762 4221 etex
1779 4157 1915 4223 ecclesis
1932 4180 2012 4235 esse,
2031 4159 2058 4222 si
2077 4157 2175 4223 Chri-

166 4243 306 4328 lidisque
327 4245 439 4310 hileris
460 4252 512 4325 ut,
538 4247 666 4312 etiamsi
687 4254 756 4311 tota
777 4246 864 4311 orbis
884 4247 1038 4311 machina
1057 4246 1147 4311 lobe-
1199 4251 1248 4308 sto
1280 4245 1565 4310 communicamus.
1615 4243 1758 4323 Deinde,
1798 4266 1874 4310 cum
1913 4245 1955 4309 sit
1987 4245 2056 4327 ipse
2087 4243 2176 4306 idem

167 4331 316 4408 fectemr,
339 4331 508 4396 concidere
527 4333 598 4414 ipsa
620 4341 653 4397 et
673 4353 823 4397 corruere
840 4353 907 4396 non
927 4333 1038 4414 possit.
1199 4329 1360 4408 Christis,
1384 4327 1425 4415 [p.
1441 4327 1515 4417 142]
1539 4336 1691 4396 constans
1712 4336 1747 4394 et
1765 4330 1977 4395 immutabilis
1998 4329 2100 4412 patris
2117 4349 2174 4393 ve-

253 4417 418 4495 Primum,
446 4424 512 4482 stat
533 4440 608 4483 oum
628 4418 693 4482 Dei
713 4417 882 4496 electione,
904 4439 965 4482 nec
986 4419 1051 4482 nisi
1071 4439 1147 4484 cum
1198 4417 1288 4496 ritas,
1310 4417 1444 4480 minime
1461 4415 1692 4482 haesitandum
1709 4423 1767 4495 est,
1786 4417 1866 4498 quin
1884 4416 1953 4481 eius
1971 4435 2078 4481 sermo
2095 4434 2173 4478 vere

167 4514 301 4567 aeterne
327 4503 385 4567 illa
417 4505 590 4585 sapientie,
619 4505 748 4569 variare
775 4510 833 4568 out
863 4504 1000 4568 deficere
1030 4511 1145 4586 potest
1197 4503 1291 4568 nobis
1312 4509 1443 4566 enarret
1463 4504 1566 4584 patris
1585 4502 1797 4581 voluntatem,
1839 4501 1924 4566 uelis
1941 4503 1981 4566 eb
1999 4500 2090 4564 initio
2111 4500 2175 4563 fuit

167 4588 412 4672 Titubareergo
434 4597 468 4653 et
488 4591 648 4667 fluctuari,
671 4588 787 4654 cadere
804 4591 902 4654 etiam
921 4596 1066 4672 possunt,
1089 4589 1147 4654 sed
1198 4594 1233 4653 ct
1252 4609 1381 4671 semper
1401 4589 1514 4653 future
1539 4594 1590 4653 est
1617 4523 1857 4674 (11111111).
1903 4585 2042 4666 Quando
2064 4586 2173 4667 itaque

166 4695 233 4738 non
244 4675 449 4753 colliduntur,
461 4676 705 4756 quioDominus
716 4676 867 4757 supponit
880 4672 1148 4761 [p.140]monum
1199 4672 1370 4739 Christum
1391 4680 1424 4738 et
1441 4673 1598 4757 quidquid
1614 4675 1684 4739 eius
1704 4681 1762 4752 est,
1783 4672 1849 4737 fido
1868 4670 2078 4752 possidemus,
2102 4691 2174 4736 cer·

166 4782 275 4839 suam;
304 4761 338 4824 id
359 4760 515 4843 estquod
537 4762 583 4826 ait
603 4761 728 4826 Paulus
749 4760 859 4846 (Rom.
881 4759 950 4910 HE:
979 4761 1050 4825 sine
1070 4782 1146 4843 poe-
1199 4767 1233 4824 to
1254 4758 1477 4840 statuendum,
1506 4758 1593 4843 quod
1614 4767 1652 4823 ut
1678 4760 1747 4841 ipse
1769 4757 1905 4822 dilectus
1934 4765 1983 4820 ost
2009 4757 2112 4837 patris
2133 4758 2172 4820 fi-

166 4847 306 4911 nitentie
328 4868 399 4911 esse
420 4845 506 4910 done
527 4854 561 4910 et
581 4847 784 4912 vocationem
800 4846 873 4910 Dei.
952 4846 1047 4911 einde
1067 4868 1147 4929 quos
1197 4845 1262 4910 lius
1285 4846 1463 4928 haeresque
1484 4845 1579 4931 regni
1600 4844 1771 4921 coelorum,
1792 4844 1839 4906 ita
1860 4849 1893 4905 et
1913 4861 1973 4905 nos
1989 4861 2049 4922 per
2064 4836 2174 4923 ipsun'r

166 4932 330 4997 Dominus
358 4934 471 5017 elegit,
500 4953 554 4997 eos
582 4932 714 4997 Christo
742 4932 809 4997 filio
835 4952 894 4996 suo
921 4933 957 4996 in
982 4933 1081 4997 fidem
1110 4954 1147 4997 ac
1198 4932 1234 4994 in
1255 4932 1320 4996 Dei
1346 4931 1430 4996 filios
1451 4953 1563 4997 sumus
1589 4931 1749 5012 adoptati,
1776 4935 1810 4992 et
1835 4927 1973 5024 siccius
1993 4928 2112 4991 fratres
2135 4949 2173 4992 ao

167 5018 348 5083 custodiam
381 5012 529 5096 tradidit,
564 5027 601 5082 ut
628 5020 793 5083 neminem
821 5039 863 5082 ex
892 5017 958 5082 illis
985 5017 1145 5100 perderet,
1200 5024 1380 5096 consoms,
1406 5023 1444 5080 ut
1465 5018 1610 5082 eiusdem
1630 5017 1733 5081 simus
1754 5012 1964 5078 haereditatis
1983 5013 2171 5094 participem

167 5103 225 5169 sed
254 5105 463 5169 resuscitaret
488 5125 600 5168 omnes
632 5105 667 5169 in
694 5104 870 5170 novissimo
897 5102 949 5167 die
976 5101 1145 5189 (Iconii).
1199 5103 1241 5167 ob
1262 5102 1296 5166 id
1316 5102 1396 5167 certi
1417 5123 1543 5184 quoque
1570 5104 1687 5179 simus,
1715 5121 1775 5165 nos
1796 5100 1882 5163 iuter
1904 5119 1959 5162 eos
1981 5118 2065 5175 esse,
2093 5119 2172 5180 quos

167 5187 240 5255 Sub
255 5200 342 5254 tem
368 5190 453 5255 bono
479 5189 611 5255 custode
638 5198 671 5255 et
702 5212 814 5256 errore
839 5197 873 5254 et
903 5187 970 5254 lubi
1001 5197 1147 5272 possunt,
1198 5188 1361 5253 Dominus
1388 5189 1430 5253 sb
1463 5197 1594 5253 aeterno
1621 5187 1737 5270 elegit,
1765 5205 1845 5268 quos
1871 5205 2000 5266 semper
2025 5189 2075 5248 est
2098 5204 2173 5266 pro-

164 5274 262 5360 psrdi
281 5284 369 5342 certe
390 5295 464 5340 non·
478 5284 623 5359 possunt
655 5276 834 5341 Praetores
853 5275 901 5341 111
921 5274 1145 5340 sumendum:
1198 5280 1353 5353 tecturus,
1374 5294 1456 5357 quos
1476 5293 1644 5356 nunquam
1665 5271 1773 5354 perire
1793 5271 1879 5336 sinet
1900 5269 2010 5353 (Rom
2029 5268 2074 5355 8).
2163 5336 2166 5342 ,

163 5361 297 5428 nullum
317 5362 417 5427 luisse
439 5362 480 5426 ab
502 5361 580 5428 orbe
601 5360 730 5427 condito
749 5369 894 5445 tempus,
915 5382 979 5444 quo
999 5381 1066 5425 non
1087 5359 1147 5426 ha·
1284 5358 1417 5442 Alioqui
1437 5359 1561 5424 frustra
1579 5355 1733 5441 nulloque
1752 5355 1878 5435 fructu,
1906 5355 2041 5421 snobis
2061 5354 2174 5420 crede-
