4732 6030
210 368 275 431 oss
502 334 504 338 ⁴
788 358 1641 428 fflSfflUuIOREL.OHRIST.1sss-1sss.
1829 369 1832 377 ¹
2149 365 2211 424 ooo

1981 474 2093 543 32293
2109 473 2212 528 ceso.

215 555 283 632 teri,
306 571 436 635 quorum
452 555 562 633 partes
582 556 667 628 sunt,
690 570 753 615 non
774 550 862 614 modo
883 548 1056 613 concionari
1077 549 1120 613 ud
1134 570 1191 630 po-
1236 551 1421 632 praedones,
1450 550 1623 628 seditiosos,
1646 551 1808 632 periuros,
1835 549 1933 630 faisos
1960 461 2060 628 hstes,
2089 555 2117 613 et
2144 551 2211 613 eius

210 639 339 722 pubem,
366 638 420 702 sed
441 657 503 719 per
528 637 671 720 sinentes
698 636 802 700 domos
828 655 949 700 moriere
970 640 998 698 et
1025 633 1189 714 cabutam,
1238 637 1360 718 ameris
1391 635 1538 717 reliquos,
1572 636 1643 699 item
1664 641 1866 712 mmnmaces,
1897 636 1953 716 qni
1977 636 2016 699 de
2047 635 2212 699 lenioribus

214 723 315 790 umbi
335 722 507 786 uniuersali
523 724 665 787 doctrina
684 722 840 786 nonsatis
852 720 1045 802 profecerint.
1083 720 1191 801 Quem-
1238 721 1334 786 etiam
1354 721 1441 784 vitiis
1461 719 1693 797 ritebdmoniti
1714 719 1819 785 Deum
1847 725 1874 784 et
1895 721 1964 784 eius
1992 721 2144 786 iudicium
2165 721 2211 784 bu-

214 809 381 876 admodum
395 806 612 872 dooetPautus
629 806 716 892 (Act.
736 810 786 884 20,
800 810 840 869 20
859 812 892 870 oi
903 805 969 889 26),
987 824 1082 886 qurum
1099 806 1190 887 refert
1241 806 1341 871 dibuio
1367 805 1489 886 habent,
1522 828 1539 871 e
1571 807 1719 877 consortio
1738 827 1795 871 suo
1822 807 2017 885 eeterminat,
2050 805 2130 870 nihii
2150 806 2211 869 sibi

212 913 247 960 se
273 893 412 958 demisse
437 894 591 975 priuatim
617 898 724 974 etper
743 893 865 969 donros,
893 895 973 955 ctse
997 891 1148 955 mundum
1169 913 1190 956 α
1235 896 1362 974 praeter
1391 893 1541 957 ratumm
1572 897 1722 973 usurpot;
1760 893 1814 956 sed
1853 892 2065 957 iurisdictione
2097 891 2158 956 sibi
2189 914 2210 955 α

212 980 366 1063 caupieine
392 980 530 1044 munium
556 983 730 1057 attestatur,
759 979 836 1059 quio
856 996 917 1040 non
938 976 1100 1041 cessaverit
1120 997 1189 1041 cum
1240 976 1376 1041 Domino
1397 977 1499 1042 ddata
1519 978 1669 1060 funpitur.
1715 976 1815 1042 Porro
1833 998 1871 1041 ne
1892 978 1964 1058 puis
1984 978 2044 1042 tate
2070 978 2210 1043 eodesioe

213 1064 375 1146 meumes,
401 1069 484 1129 noote
510 1067 539 1127 et
564 1065 627 1143 die,
655 1085 776 1128 monere
803 1082 1056 1143 unumquemque.
1102 1063 1190 1127 Tunc
1240 1063 1392 1128 iudicium
1413 1068 1554 1145 spernat,
1583 1068 1638 1127 aui
1661 1064 1758 1145 paror·
1779 1063 1915 1128 aestimet
1935 1084 1968 1128 se
1985 1063 2124 1144 fidelium
2145 1065 2211 1144 suf-

213 1151 296 1216 euim
318 1151 381 1213 eim
402 1170 439 1213 ac
461 1151 655 1213 autmitotem
676 1148 784 1213 obtinet
804 1149 952 1226 doetrim,
973 1147 1027 1211 ubi
1048 1148 1190 1213 minister
1237 1147 1354 1231 fropiis
1374 1150 1569 1229 damnatmn,
1590 1153 1716 1213 testeum
1737 1153 1782 1212 est
1802 1148 1973 1227 Dominus,
2000 1150 2086 1214 istud
2105 1151 2210 1229 ipsruu

212 1255 275 1301 non
300 1239 421 1300 tanturn
448 1234 588 1298 munibus
612 1235 706 1299 simui
734 1235 857 1316 exponit
886 1233 963 1314 ento
992 1232 1112 1298 Christo
1139 1235 1189 1299 de·
1239 1234 1320 1298 nihil
1340 1235 1430 1300 abiud
1450 1255 1515 1298 esse
1535 1255 1630 1315 quam
1650 1235 1812 1298 sercterrtiae
1832 1255 1908 1299 suae
1924 1234 2209 1318 promuipationem,

213 1321 310 1400 beant,
332 1321 387 1385 sed
407 1322 459 1384 ius
481 1325 508 1383 et
528 1321 677 1385 rotimum
697 1319 785 1384 habet
806 1320 841 1384 id
861 1320 967 1400 ipsum
988 1320 1128 1402 mipendi
1150 1319 1188 1383 ab
1239 1325 1402 1399 ratumque
1427 1319 1534 1384 haberi
1561 1320 1595 1383 iu
1617 1320 1720 1398 coetis,
1748 1321 1829 1400 quod
1855 1320 1904 1384 itti
1930 1321 1974 1383 in
1991 1326 2075 1386 terra
2096 1320 2211 1402 operiret

213 1407 266 1485 iis,
288 1426 363 1487 quos
384 1405 430 1470 od
445 1426 564 1488 parum
584 1407 739 1470 doctrinae
759 1405 948 1486 obsequentes
968 1404 1015 1468 oet
1035 1406 1189 1488 sequiores
1239 1405 1373 1554 ffanh.
1396 1408 1444 1483 16,
1467 1410 1514 1468 19.
1537 1405 1628 1469 Ioun.
1649 1408 1699 1483 20,
1719 1405 1784 1489 23).
1833 1406 1955 1470 Habent
1982 1407 2064 1469 euim
2088 1405 2211 1470 rabum

214 1492 474 1558 animaduerterit.
519 1490 564 1575 Si
579 1493 650 1571 puis
678 1490 829 1556 eiusmodi
854 1490 1033 1555 monitiones
1054 1490 1100 1554 eet
1115 1511 1188 1572 per-
1275 1492 1371 1555 omini
1395 1511 1457 1638 gno
1478 1510 1641 1571 peruersos
1672 1491 1832 1571 damneut;
1861 1491 1970 1556 liabent
2000 1490 2125 1555 uerbum
2152 1511 2211 1571 quo

213 1578 358 1643 manue
383 1581 523 1659 respuat,
551 1577 598 1641 oei
619 1577 773 1659 perpendo
799 1577 834 1639 in
861 1577 930 1639 suis
951 1576 1036 1654 uitiis
1062 1581 1188 1641 contem·
1239 1577 1396 1656 resipisoer
1417 1596 1449 1640 es
1469 1578 1504 1639 in
1522 1577 1660 1659 qratiam
1683 1577 1842 1660 recipiant.
1887 1577 1962 1642 Sine
1982 1576 2049 1655 hoc,
2072 1577 2209 1658 inquam,
2330 1639 2332 1645 .

212 1683 285 1728 nere
306 1682 338 1726 se
358 1663 507 1738 ostmdat,
535 1661 588 1724 ubi
610 1663 738 1727 seeundo
760 1661 885 1726 testibus
908 1660 1069 1740 adhibitis,
1091 1663 1188 1727 moui
1239 1661 1423 1743 disciptinae
1448 1662 1568 1726 oiuudo
1593 1663 1650 1743 qui
1675 1662 1733 1726 diu
1761 1667 1844 1727 stare
1863 1683 1957 1743 posse
1982 1662 2123 1727 ecclesias
2143 1683 2210 1726 con-

212 1753 264 1814 tus
282 1747 387 1830 fuerit,
410 1748 453 1811 ad
474 1747 615 1812 ecciesiae
631 1748 793 1825 iudicium,
816 1749 871 1829 qui
889 1751 931 1810 est
948 1748 1104 1812 seniorum
1121 1767 1188 1811 con-
1237 1747 1350 1829 fidunt,
1383 1747 1525 1828 opinione
1549 1747 1717 1830 fathurrtur,·
1749 1749 1813 1813 nisi
1838 1749 1915 1829 forte
1945 1766 2048 1812 carere
2084 1749 2210 1829 impune

213 1853 334 1912 sessus,
362 1833 466 1897 vocari
489 1830 632 1897 Christus
647 1834 822 1915 praecepit:
849 1832 914 1896 idio
933 1833 1064 1915 prorius
1084 1834 1188 1897 admo-
1232 1833 1395 1914 possimus
1416 1852 1448 1896 eo
1467 1833 1664 1912 adminiculo,
1687 1835 1768 1913 quod
1788 1832 1947 1897 Dominus
1967 1834 2033 1915 fore
2052 1833 2139 1898 uobis
2159 1854 2209 1896 ne-

211 1939 296 2070 bb
318 1918 564 2069 bbtbsbbt
586 1919 773 2069 Ἥρα
791 1923 829 2068 t.
849 1919 1187 2085 bu'hbfflih
1238 1917 1758 2084 &bituiti-ihm&
1765 1970 1772 1997 ’
1794 1920 1974 2069 ruem
1994 1920 2063 1983 “⁶¹⁴⁸
2082 1921 2210 1984 ''W‘'

211 2094 273 2169 tur,
291 2089 396 2154 sedin
416 2109 477 2153 sira
492 2026 632 2170 necandih
652 2095 832 2171 perseveret,
850 2024 1023 2168 reiquae,
1040 2027 1188 2171 tanquhm
1288 2053 1295 2081 ⁵
1328 2092 1396 2153 188.
1443 2088 1525 2153 Sunt
1545 2094 1647 2153 autem
1672 2095 1734 2154 tres
1758 2025 1933 2170 dupedssmquos
1953 2094 2066 2172 spectat
2086 2089 2210 2154 molesia

212 2175 355 2242 ecclesiae
381 2180 623 2255 mntemptorem,
656 2197 677 2239 α
708 2177 846 2239 societate
877 2175 1017 2256 fidetium
1048 2175 1188 2241 abdicari
1238 2175 1274 2237 in
1296 2175 1447 2238 eiusmodi
1473 2174 1707 2239 correctionibus
1728 2179 1756 2239 et
1779 2176 2093 2240 excommunicatione.
2139 2175 2210 2239 Pri-

212 2260 348 2347 (Mosth.
370 2263 418 2338 18,
440 2264 477 2322 15
497 2268 529 2324 et
549 2259 612 2343 17).
1239 2279 1310 2324 mus
1331 2265 1383 2338 est,
1405 2280 1443 2324 ne
1464 2279 1533 2323 oum
1554 2258 1618 2324 Dei
1640 2262 1821 2325 contumelio
1841 2263 1921 2326 inter
1944 2259 2139 2326 Oirristianos
2159 2283 2210 2325 no-

303 2350 372 2409 186.
430 2344 545 2413 nemu
571 2347 648 2427 auia
675 2347 712 2411 de
744 2346 869 2411 occudtis
895 2346 983 2410 modo
1009 2347 1096 2410 vitiis
1123 2347 1188 2410 iilic
1239 2346 1406 2424 minentur,
1434 2346 1488 2426 qui
1509 2350 1631 2427 turpem
1653 2366 1689 2410 ae
1707 2347 1897 2430 fiapitiosam
1918 2348 2015 2411 uitam
2037 2352 2147 2430 ayunt,
2174 2368 2210 2411 ac

213 2430 364 2513 loquum,
390 2432 535 2513 pmenda
568 2436 612 2495 est
637 2432 700 2495 ista
727 2433 856 2496 divisio:
879 2435 1005 2513 peccata
1031 2451 1096 2496 esse
1122 2432 1188 2496 abia
1239 2432 1270 2495 si
1295 2435 1402 2496 saneta
1429 2432 1496 2495 eius
1524 2431 1649 2496 ecclesia
1676 2432 1753 2522 foret
1774 2432 1982 2514 improborum
2002 2438 2031 2498 et
2056 2433 2211 2496 scelerae

207 2518 352 2600 privata,
381 2517 448 2580 alia
468 2517 664 2597 publicaret
684 2517 796 2598 potam
816 2517 991 2599 manifesta.
1035 2516 1086 2581 De
1100 2519 1188 2600 prio-
1238 2537 1311 2580 rum
1335 2516 1493 2581 hom-inum
1518 2518 1696 2582 coniuratio.
1747 2517 1833 2581 Nam
1863 2539 1959 2599 quum
1990 2519 2062 2599 ipsa
2092 2516 2210 2581 Christi

212 2602 301 2667 ribus
322 2603 398 2667 dicit
421 2601 564 2668 Christus
588 2603 756 2683 unicuique
771 2604 915 2684 privato:
944 2623 1040 2685 arque
1061 2604 1188 2668 interte
1239 2603 1281 2667 sit
1307 2622 1418 2683 corpus
1443 2601 1526 2686 (001.
1549 2607 1574 2681 1,
1594 2603 1665 2686 24),
1694 2603 1845 2668 eiusmodi
1870 2604 1994 2686 foetidis
2019 2603 2209 2700 etputridis

103 2747 105 2753 ,
212 2693 241 2754 et
268 2690 373 2770 ipsum
399 2687 507 2751 solum.
557 2686 608 2752 De
634 2689 809 2770 manifestis
835 2689 910 2752 dicit
939 2686 1062 2754 Paulus
1085 2690 1187 2753 Timo-
1239 2687 1384 2752 membris
1404 2688 1566 2769 inquinari
1587 2708 1648 2751 nou
1669 2693 1784 2771 potest,
1811 2690 1887 2770 quin
1907 2685 2016 2769 abiona
2035 2688 2207 2770 opnominia

210 2772 276 2840 theo
298 2773 331 2858 (l
353 2773 436 2837 Tim.
457 2778 486 2851 5,
505 2772 580 2856 20).·
607 2794 709 2838 coram
730 2772 871 2838 omnibns
892 2788 996 2856 arpue,
1018 2780 1053 2838 ut
1073 2775 1187 2857 ediqui
1238 2774 1273 2837 iu
1295 2779 1387 2856 caput
1407 2774 1530 2838 recidat.
1576 2772 1627 2838 Ne
1647 2775 1724 2856 quid
1744 2795 1814 2858 erpo
1830 2775 1890 2840 tate
1911 2778 2003 2840 ecstet
2023 2774 2057 2838 iu
2073 2773 2206 2851 ecclesio,

210 2859 351 2924 timorem
372 2858 508 2922 babeant.
544 2859 631 2923 Nam
647 2860 851 2942 praedixerat
869 2857 1021 2938 Christus,
1043 2861 1187 2941 sifrater
1238 2861 1319 2924 unde
1335 2859 1485 2942 probrum
1512 2865 1706 2924 sacrosancto
1728 2861 1796 2925 eius
1816 2861 1934 2926 nomini
1955 2861 2115 2936 inuratur,
2143 2857 2207 2922 obi-

211 2950 285 3010 buus
312 2946 347 3008 in
371 2949 399 3008 te
422 2945 600 3025 peccauerit.
655 2945 755 3026 Qunam
770 2945 964 3026 partientem
990 2945 1081 3010 obiter
1106 2945 1187 3030 (uisi
1236 2945 1328 3029 pardi
1348 2950 1422 3008 sunt
1442 2966 1479 3009 eu
1500 2946 1568 3010 eius
1587 2939 1726 3026 fomitio,'
1745 2966 1876 3027 quorum
1897 2967 1935 3011 eu
1954 2945 2145 3027 turpitudine
2166 2944 2207 3008 ad

210 3031 412 3097 contentiosus
438 3049 503 3094 esse
530 3029 621 3114 veiis)
649 3032 784 3113 accipere
805 3051 865 3096 nou
886 3036 997 3111 potes,
1015 3052 1109 3111 quam
1129 3031 1186 3096 sub
1237 3030 1442 3095 christianum
1478 3051 1586 3095 nomen
1617 3030 1752 3112 infamia
1779 3032 1972 3097 redundaret.
2026 3030 2129 3113 Atque
2158 3029 2209 3094 hic

211 3119 268 3180 tua
287 3116 488 3179 conscientia:
513 3115 560 3179 ita
586 3121 620 3178 ut
639 3137 701 3180 uon
721 3117 785 3181 sint
801 3117 911 3199 plures
931 3117 1052 3181 oorrscii.
1099 3117 1186 3198 Quod
1237 3136 1354 3198 quoque
1386 3115 1524 3180 habenda
1550 3120 1596 3180 est
1616 3136 1723 3181 werrae
1752 3118 1923 3183 dominicae
1948 3119 2046 3196 ratio,
2075 3138 2113 3180 ne
2135 3136 2208 3197 pro-

211 3205 315 3266 autem
337 3200 492 3266 Timotheo
514 3202 670 3282 praecipit
696 3203 851 3284 apostotus
872 3203 911 3267 de
937 3203 1104 3285 arpuendis
1124 3224 1186 3283 pa
1237 3203 1357 3266 miscuo
1383 3200 1563 3266 cohibitione
1586 3202 1780 3284 profanetur.
1831 3203 2036 3268 Verissimum
2054 3207 2098 3266 est
2118 3203 2207 3280 enim,

211 3286 276 3352 lam
297 3287 341 3350 iis
361 3286 416 3367 qui
430 3285 544 3368 potam
558 3290 694 3368 peccant,
716 3289 782 3368 ipse
804 3289 839 3352 in
857 3286 950 3352 Petro
967 3294 1114 3369 sequutus
1133 3293 1185 3353 est.
1237 3308 1315 3367 eum,
1336 3289 1387 3351 cui
1408 3288 1571 3351 commissa
1591 3291 1636 3352 ost
1655 3288 1858 3368 dispensatio,
1880 3290 1911 3352 si
1930 3289 2030 3354 serens
2049 3308 2087 3352 ac
2108 3287 2208 3352 eoum

73 3388 82 3402 ⁸
211 3371 299 3438 Nam
320 3392 417 3452 quum
437 3371 489 3436 iiie
511 3372 554 3436 ad
573 3372 734 3454 pubiicum
755 3393 853 3454 usque
878 3374 1093 3455 offerrdiouhum
1114 3394 1185 3456 pee-
1236 3373 1400 3456 iudipuum
1422 3373 1713 3470 admiseritfqnem
1737 3374 1880 3455 reprebiere
1898 3375 1970 3438 iure
1984 3377 2120 3455 poterat,
2136 3394 2208 3454 per·

209 3463 300 3537 daret,
322 3478 383 3522 non
401 3459 521 3524 monuit
541 3476 688 3537 seusam,
710 3460 764 3523 sed
784 3460 819 3522 iu
840 3465 1028 3541 conspectum
1045 3460 1185 3524 eeclesiae
1236 3459 1309 3523 inde
1327 3479 1415 3522 reum
1439 3478 1504 3522 esse
1530 3458 1701 3541 sacmiepii,
1724 3479 1761 3523 ac
1781 3461 1812 3523 si
1840 3479 1950 3541 corpus
1971 3459 2103 3524 Domini
2124 3460 2208 3523 cani-

204 3543 517 3626 monuerimus,
540 3544 602 3627 14).
636 3543 712 3607 Erit
731 3545 828 3626 ipitur
847 3544 921 3608 haec
942 3545 1079 3628 bepitima
1095 3566 1185 3628 apen-
1235 3544 1292 3607 bus
1307 3545 1511 3625 prostitueret.
1557 3543 1758 3624 Qmuubrem
1781 3543 2047 3627 Oicrysostomus1)
2072 3545 2209 3627 probiter

121 3647 124 3650 ’
210 3631 246 3694 di
266 3631 377 3707 serice,
404 3631 435 3693 si
456 3632 491 3693 in
510 3631 633 3694 oecuttis
658 3630 848 3712 corriperubis
870 3631 1113 3714 promediamur
1139 3652 1184 3696 se·
1234 3629 1390 3693 invehitur
1409 3631 1443 3694 in
1464 3630 1640 3708 sacerdotes,
1663 3632 1719 3710 aui
1738 3631 1816 3695 dum
1834 3651 2017 3713 mapnomm
2036 3631 2206 3711 potentiarrr

209 3714 345 3779 cumdum
371 3714 442 3778 illos
464 3716 584 3797 aradus
605 3737 626 3779 α
650 3715 771 3780 Christo
793 3716 928 3797 positos:
955 3717 989 3779 iu
1010 3717 1185 3798 manifestis
1233 3716 1404 3797 formidant
1423 3716 1573 3779 nuninem
1595 3716 1710 3780 audent
1732 3736 1843 3781 arcere.
1889 3715 2037 3798 Sanpnis,
2057 3715 2206 3796 inquito

209 3799 315 3864 surm
329 3800 533 3881 procedamus
555 3801 597 3865 ad
617 3801 768 3865 solearum
794 3800 935 3866 ecciesiae
958 3803 1182 3883 cureptionem,
1234 3800 1378 3864 manibus
1403 3801 1514 3865 uestris
1539 3802 1729 3881 requietum
1762 3803 1792 3866 si
1824 3801 1975 3865 bominem
2001 3801 2127 3880 timetis,
2152 3801 2205 3865 iiie

209 3885 364 3967 siquidem
383 3886 597 3966 offendiculum
617 3887 659 3950 sit
672 3887 841 3968 publicum.
1234 3907 1288 3951 oos
1309 3886 1456 3951 deridebit
1462 3910 1472 3964 ;
1489 3886 1541 3949 sin
1558 3884 1670 3965 Deum,
1693 3889 1781 3952 eritis
1799 3885 1975 3951 bominibus
1991 3906 2108 3967 meoque
2123 3887 2206 3969 ipsis

238 4014 242 4023 .
299 3974 368 4034 187.
415 3969 465 4034 Sit
480 3971 578 4036 altera
594 3992 711 4053 amque
727 3973 897 4037 distinctio:
914 3992 952 4036 eu
963 3974 1099 4054 peccatis
1116 3972 1182 4038 aiio
1234 3971 1435 4041 omerabibes:
1456 3992 1517 4036 uon
1536 3972 1638 4053 fasces
1653 3972 1842 4052 horreamus,
1859 3992 1920 4035 non
1932 3993 2122 4054 purpuram,
2142 3993 2203 4035 nm
2318 4043 2319 4048 .
2363 4056 2364 4068 ἵ

208 4075 274 4122 csse
294 4056 404 4120 dedicta
425 4056 492 4133 abia
512 4057 624 4121 scebera
641 4058 688 4122 oei
705 4058 836 4142 fhapitia.
881 4057 946 4122 His
958 4059 1183 4140 posterioribus
1233 4057 1419 4137 diademata,
1441 4059 1542 4121 macor
1562 4057 1612 4121 hic
1632 4062 1677 4123 est
1697 4059 1783 4124 nobis
1797 4062 1950 4153 potestas,-
1970 4078 2022 4141 epo
2043 4063 2118 4123 certe
2139 4077 2203 4122 cor·

208 4142 398 4226 corripendis
428 4163 489 4206 non
517 4148 639 4207 tontum
664 4143 838 4208 adhibenda
863 4149 908 4208 est
940 4145 1106 4210 admonitio
1136 4145 1183 4208 od
1227 4164 1294 4224 pus
1319 4163 1420 4207 meum
1445 4144 1553 4224 potius
1584 4145 1709 4209 hadom
1732 4146 1767 4209 in
1793 4149 1932 4223 merten,
1958 4164 1995 4208 aa
2020 4145 2202 4226 sanquinem

208 4227 392 4311 obiurpatio,
422 4229 476 4293 sud
497 4230 634 4292 severius
655 4231 832 4309 remedium,
855 4230 1112 4311 quemadmodum
1132 4231 1182 4295 de-
1232 4249 1334 4294 meum
1354 4229 1448 4309 fundi
1463 4229 1588 4309 patiar,
1611 4250 1705 4311 quam
1718 4230 1901 4313 pollutionis
1921 4231 2014 4294 istius
2033 4229 2110 4311 ham
2124 4249 2202 4310 par-

208 4319 358 4379 monstrat
390 4311 512 4378 Pontus
540 4313 571 4399 (1
594 4313 667 4379 Gor.
689 4320 716 4394 5,
735 4316 787 4400 4),
819 4317 874 4396 qui
908 4314 1103 4381 Corinthium
1134 4316 1182 4379 in·
1232 4315 1334 4398 ticeps.
1378 4313 1523 4397 Euporne
1542 4316 1792 4381 sacratissimum
1812 4315 1866 4380 hoc
1885 4315 2066 4398 mysterium
2083 4314 2201 4396 officia-

209 4405 322 4465 aestum
343 4419 404 4464 non
424 4400 511 4464 modo
527 4400 627 4464 uerbis
644 4403 783 4485 castipat,
805 4402 860 4466 sed
876 4401 1182 4465 excommunicatione
1232 4406 1284 4464 tur
1307 4400 1493 4484 ipnomiuia,
1518 4400 1554 4463 in
1581 4421 1613 4464 eo
1640 4401 1846 4484 dispensando
1867 4420 2049 4484 mapuopere
2074 4399 2204 4464 delectus

201 4487 305 4568 punit,
327 4484 533 4585 simulatque
553 4487 592 4551 de
616 4487 724 4553 sceiere
742 4487 845 4568 factus
866 4491 911 4550 est
931 4487 1047 4584 certior.
1087 4485 1181 4582 Nunc
1231 4487 1403 4584 requiritur
1409 4509 1419 4564 ;
1444 4486 1498 4566 qui
1519 4489 1620 4550 tamen
1642 4486 1748 4552 haberi
1767 4487 1884 4568 nequit,
1904 4487 1969 4584 nisi
1985 4505 2047 4567 per
2063 4485 2204 4550 ecdesiae

206 4569 1180 4738 sursumsunt
1231 4573 1516 4736 umbus
1532 4571 1725 4739 tub
1828 4571 2204 4752 munchen.

137 4753 142 4781 ¹
206 4743 438 4822 animaduertit,
467 4745 617 4825 optimrun
648 4745 690 4806 sit
722 4742 923 4806 etsanitatis
950 4741 1125 4806 subsidium
1151 4748 1179 4808 et
1230 4764 1309 4826 quae
1329 4748 1436 4808 nostra
1462 4747 1506 4807 est
1532 4743 1576 4807 ad
1595 4743 1783 4808 uniondum
1801 4743 2001 4826 prodivitas,
2026 4741 2107 4806 nihii
2125 4742 2203 4823 foce»

201 4828 439 4910 fundamentum
466 4829 586 4894 ordinis
618 4833 647 4892 ot
675 4826 833 4892 binarium
858 4827 998 4891 unitatis.
1047 4827 1133 4912 Erpa
1151 4829 1177 4915 ¹)
1229 4829 1293 4893 iius
1313 4834 1370 4907 est,
1398 4849 1493 4910 quam
1513 4833 1548 4891 ut
1575 4828 1672 4893 maiis
1697 4828 1845 4911 ecernpiis
1866 4850 1887 4893 a
1906 4834 1984 4893 recto
2009 4828 2089 4892 citae
2108 4846 2202 4890 mersu
2261 4861 2265 4873 ·

204 4914 284 4980 dum
308 4914 433 4979 ecclesia
457 4915 638 4996 omnifestos
663 4913 830 4992 adulteros,
858 4917 1052 4993 scortatores,
1079 4915 1176 4996 fures,
1228 4912 1428 4980 abducamur.
1473 4913 1567 4978 Hunc
1587 4934 1683 4978 usum
1709 4915 1825 4979 notavit
1845 4915 2012 4996 apostolus,
2039 4933 2135 4994 auum
2154 4913 2203 4976 in·
2265 4926 2275 4942 ·

202 5053 399 5064 -Μ
1228 5005 1342 5067 cestmn
1359 5021 1380 5064 a
1397 5001 1546 5065 consortio
1563 5019 1620 5065 suo
1639 5000 1811 5066 amandare
1823 4998 1991 5066 Corinthiis
2002 4999 2203 5082 praeciperet.

274 5136 303 5202 1)
323 5134 672 5205 Sequmrturhicnounulia
684 5138 720 5203 (ξ.
735 5135 872 5189 187-192
880 5137 1076 5207 passr'm)quae
1088 5139 1122 5193 ab
1135 5139 1174 5192 ed.
1228 5178 1267 5183 .-
1308 5177 1385 5183 ---

204 5221 230 5258 a.
250 5203 318 5258 1539
336 5221 389 5258 uon
427 5206 489 5258 lan-e
506 5206 597 5258 atiena
619 5205 748 5259 suntsed
765 5205 820 5258 aiio
838 5206 895 5260 loco
912 5212 1034 5268 eustant3
1052 5207 1114 5261 uide
1130 5222 1174 5260 ue·

101 5348 110 5361 .
200 5288 257 5342 pra
270 5280 334 5343 post
352 5274 375 5340 ὅ.
445 5275 527 5327 huius
543 5275 648 5342 capitis.
869 5312 877 5322 .
1295 5272 1324 5341 1)
1343 5274 1447 5352 Hamil..
1461 5273 1488 5325 in
1505 5271 1602 5326 Matrh.
1620 5271 1645 5326 3.
