4770 6030
206 330 268 393 287
782 317 1048 386 msmrumo
1071 319 1176 384 ΗΕΒ.
1199 319 1380 387 OHRIST.
1407 325 1639 385 1539-1554.
2080 368 2091 375 -
2150 322 2214 386 288

1358 432 1370 451 ⁸
1981 432 2049 487 lv·
2067 433 2135 488 Bs-
2154 433 2214 488 06.

205 521 331 581 menta:
360 511 426 578 nori
454 513 511 577 illa
537 511 634 575 modo
656 500 884 589 reconditiora,
914 511 1031 604 quibus
1050 509 1183 591 propius
1237 511 1407 588 eveniunt,
1441 506 1545 574 nihilo
1577 509 1764 575 obscuriora
1797 530 1831 574 se
1859 421 2029 591 proferimt
2043 474 2214 574 'virtdtum

204 599 416 668 observandis
444 597 633 681 astrologia,
657 595 833 675 medicina,
862 602 896 660 et
917 603 987 661 tota
1007 595 1184 679 physiono·
1237 597 1307 661 eius
1334 603 1537 679 argumenta.
1588 594 1677 659 Nam
1704 595 1739 659 in
1761 593 2020 659 adminishanda
2042 594 2214 660 hominum

205 688 272 753 mia
294 685 455 751 destinata
475 691 539 763 est;
562 682 619 748 sed
639 704 722 766 quae
743 680 910 746 rudissimi
931 683 1086 763 cuiusque
1103 680 1184 746 idio·
1237 683 1398 762 societate,
1421 682 1468 745 ita
1489 680 1729 764 providentiam
1750 701 1845 745 suam
1864 687 2033 762 temperat,
2055 688 2093 746 ut
2111 702 2214 763 qutun

205 781 259 839 tae
281 770 426 854 aspectui
447 790 483 835 se
508 770 679 853 ingerunt,
703 774 741 832 ut
763 768 882 850 aperiri
903 768 987 832 oculi
1010 773 1182 849 nequeant,
1237 769 1281 833 sit
1302 789 1381 851 erga
1402 789 1515 833 omnes
1541 765 1724 833 innumeris
1745 765 1850 831 modis
1870 766 2032 849 benignus
2055 787 2092 831 ac
2114 767 2213 832 bene·

205 860 284 942 quin
312 877 424 921 eorum
450 863 609 939 cogantur
632 875 702 919 esse
729 861 838 918 testes.
882 853 1046 935 Equidem
1067 853 1123 935 qui
1144 852 1184 916 li·
1236 855 1331 933 fious,
1366 855 1487 936 apertis
1520 861 1630 918 tamen
1661 874 1699 918 ac
1733 851 1929 934 quotidianis
1963 850 2091 917 indiciis
2120 874 2214 937 suam

205 944 332 1010 bera-les
358 942 433 1006 illas
455 949 542 1005 artes
567 940 621 1006 vol
648 928 861 1018 imbiberunt,
884 939 939 1005 vel
961 940 1061 1004 etiam
1083 938 1184 1022 degu-
1236 941 1299 1022 piis
1325 940 1498 1017 iustitiam,
1531 939 1688 1021 improbis
1717 960 1754 1003 ao
1782 937 1948 1004 sceleratis
1977 936 2135 1003 iudicium
2156 938 2213 1004 de·

205 1027 350 1108 startmt,
379 1048 493 1092 earum
521 1026 663 1092 subsidio
692 1025 795 1091 adiuti
823 1026 920 1109 longe
949 1025 1046 1089 altius
1067 1046 1184 1107 prove·
1236 1026 1346 1091 claret
1391 1025 1466 1089 Non
1488 1026 1576 1089 enim
1598 1025 1716 1090 dubiae
1737 1031 1822 1103 sunt,
1846 1045 1927 1106 quas
1950 1023 1990 1088 de
2007 1024 2140 1106 flagitiis
2158 1045 2213 1089 su·

205 1117 333 1181 huntur
359 1114 401 1179 ad
422 1112 675 1194 introspicienda
695 1112 826 1177 divinae
847 1112 1026 1195 sapientiae
1047 1131 1182 1189 arcana;
1235 1112 1298 1175 mit
1324 1111 1477 1176 ultiones:
1509 1109 1782 1193 quemadmodum
1809 1131 1876 1174 non
1904 1110 2039 1175 obscure
2062 1117 2211 1189 tutorem,

205 1222 302 1267 nemo
333 1208 446 1265 tamen
477 1221 591 1264 earum
623 1198 753 1263 inscitia
788 1197 978 1280 impeditur,
1011 1197 1184 1279 quominus
1236 1219 1274 1262 aa
1302 1198 1402 1262 etiam
1421 1196 1585 1263 vindicem
1613 1218 1649 1261 se
1675 1197 1880 1262 innocentiae
1902 1216 1973 1260 esse
2002 1193 2211 1274 demonstrat,

207 1288 336 1353 artificii
367 1287 446 1351 satis
475 1306 635 1367 superque
663 1282 834 1366 pervideat
865 1285 900 1346 in
928 1284 992 1348 Dei
1021 1282 1182 1365 operibus,
1236 1283 1315 1347 dum
1346 1284 1506 1348 bonomm
1544 1283 1647 1348 vitam
1679 1303 1740 1348 sua
1777 1281 2001 1347 benedictione
2033 1290 2211 1364 prosperat,

206 1374 294 1439 unde
319 1374 355 1436 in
378 1373 501 1454 opificis
529 1371 778 1435 admirationem
805 1377 1005 1452 prorumpat.
1056 1368 1183 1450 Nempe
1235 1370 1422 1434 necessitati
1448 1369 1641 1451 opitulatur,
1673 1368 1800 1433 dolores
1821 1367 1903 1432 lenit
1925 1389 1962 1432 ac
1984 1367 2122 1445 solatur,
2156 1366 2214 1433 ad·

208 1459 250 1525 ad
296 1456 519 1540 disquirendos
562 1463 725 1522 astrorum
768 1463 897 1534 motus,
942 1453 1183 1520 distribuendas
1236 1453 1408 1521 versitates
1425 1453 1451 1538 ¹)
1469 1455 1628 1532 sublevat,
1647 1454 1745 1519 saluti
1761 1475 1821 1537 per
1839 1456 1948 1518 omnia
1965 1453 2112 1519 consulit
2146 1453 2214 1519 Ne-

207 1546 315 1622 sedes,
348 1542 513 1608 metienda
539 1542 728 1621 intervalla,
761 1542 976 1624 proprietates
1011 1539 1181 1618 notandas,
1235 1562 1298 1623 que
1326 1563 1405 1605 vero
1432 1548 1624 1623 perpetuam
1652 1541 1795 1605 iustitiae
1822 1541 1892 1605 eius
1919 1539 2069 1624 regulam
2098 1540 2213 1606 obscu-

134 1662 141 1677 ν
207 1640 278 1697 arte
308 1652 346 1695 ac
378 1629 541 1694 exactiore
569 1627 731 1692 industria
753 1649 834 1709 opus
862 1634 926 1692 est:
962 1627 1078 1709 quibus
1106 1646 1181 1707 per-
1235 1649 1309 1693 rare
1332 1627 1435 1704 debet,
1459 1626 1544 1709 quod
1566 1627 1730 1709 improbos
1751 1633 1785 1690 et
1805 1633 1915 1691 sontes
1937 1625 1979 1690 ad
2001 1631 2130 1708 tempus
2150 1627 2213 1698 im,-

206 1718 338 1801 spectis,
367 1723 405 1779 ut
431 1715 496 1779 Dei
527 1714 733 1796 providentia
759 1713 952 1796 explicatius
990 1734 1026 1777 εθ
1049 1712 1181 1793 profert,
1235 1714 1366 1796 punitos
1389 1713 1555 1778 exsultare
1577 1712 1779 1796 saepiuscule
1803 1712 2026 1796 sinitprobos
2048 1719 2214 1777 autemst

205 1805 253 1868 ita
273 1804 308 1867 in
330 1803 400 1865 cius
424 1800 562 1882 gloriam
584 1799 861 1881 conspiciendam,
884 1799 1031 1862 animum
1051 1819 1112 1880 par
1134 1803 1182 1862 est
1234 1801 1446 1864 immerentes
1472 1799 1585 1863 multis
1612 1798 1864 1864 adversitatibus
1878 1796 1907 1883 ²)
1935 1798 2065 1876 iactari,
2097 1799 2212 1880 impio·

206 1890 372 1972 aliquanto
393 1886 564 1951 sublimius
586 1907 766 1968 assurgere.
800 1882 869 1950 Sed
890 1905 991 1966 quum
1012 1906 1054 1948 ne
1071 1885 1095 1947 ii
1112 1884 1184 1965 qui-
1235 1908 1309 1950 rum
1349 1886 1447 1950 etiam
1485 1885 1610 1949 malitia
1651 1892 1685 1949 et
1723 1885 1893 1968 iniquitate
1929 1884 2035 1967 premi
2063 1885 2210 1949 sustinet.

73 1986 83 1997 “
208 1974 298 2052 dem,
328 1973 383 2054 qni
412 1972 479 2036 solo
506 1971 673 2037 oculorum
702 1970 897 2035 adnuuiculo
917 1970 1069 2034 instructi
1097 1977 1182 2047 sunt,
1237 1970 1326 2052 Quin
1353 1973 1460 2053 potius
1483 1970 1579 2054 longe
1606 1969 1736 2036 diversa
1763 1971 1916 2053 cogitatio
1937 1969 2046 2036 subire
2068 1976 2213 2035 mentem

117 2087 120 2093 ¹
144 2123 148 2129 ,
206 2062 359 2144 ignorare
381 2064 503 2139 queant
524 2057 655 2122 divinae
676 2058 755 2122 artis
777 2056 1013 2134 excellentiam,
1039 2056 1125 2120 ultro
1148 2077 1183 2120 se
1236 2057 1345 2123 debet:
1368 2057 1497 2140 quando
1518 2058 1554 2120 in
1575 2057 1738 2140 flagitium
1753 2078 1866 2135 unum,
1887 2057 2059 2121 manifesto
2074 2056 2144 2121 irae
2161 2057 2212 2120 in-

206 2147 243 2212 in
264 2147 328 2210 ista
348 2143 587 2220 innumerabili,
610 2151 643 2206 θῖ
664 2154 774 2207 tamen
796 2141 877 2207 adeo
895 2141 1049 2206 ffistincta
1066 2149 1100 2206 et
1117 2141 1183 2206 dis·
1236 2144 1335 2220 dicio,
1359 2142 1604 2221 animadvertit,
1628 2143 1739 2207 omnia
1760 2143 1939 2222 exsecrari;
1960 2140 2090 2224 quando
2108 2141 2214 2207 multa

207 2232 313 2316 posita
340 2230 488 2295 coelestis
514 2229 650 2293 militiae
672 2230 830 2293 varietate
852 2236 1085 2305 ostentantem,
1106 2249 1182 2292 con·
1235 2230 1340 2294 inulta
1366 2230 1611 2311 praetermittit,
1641 2228 1730 2294 aliud
1760 2229 1829 2294 fore
1856 2228 2027 2307 iudicium,
2060 2248 2124 2310 quo
2152 2249 2213 2310 pu·

207 2325 275 2383 stat
290 2316 456 2381 neminem
473 2336 552 2394 esse,
574 2316 627 2380 cui
641 2335 709 2378 non
730 2312 859 2379 abunde
876 2315 1070 2397 sapientiam
1089 2335 1184 2378 suam
1235 2315 1356 2380 nienda
1374 2315 1576 2380 differantur.
1611 2312 1772 2380 Similiter
1788 2314 2029 2380 misericordiae
2047 2334 2212 2378 suaeoon-

207 2404 371 2469 Dominus
397 2402 579 2483 patefaciat.
625 2398 785 2465 Similiter
816 2401 851 2464 in
880 2400 1018 2464 humani
1040 2400 1182 2482 corporis
1235 2401 1427 2467 siderandae
1446 2409 1603 2483 quantam
1619 2401 1792 2465 materiam
1809 2401 1902 2465 nobis
1919 2399 2114 2483 suppeditat,
2134 2399 2214 2464 dum

207 2495 373 2555 structura
391 2488 635 2564 connexionem,
647 2488 881 2571 symmetriam,
895 2485 1181 2568 pulchritudinem,
1235 2489 1365 2571 saepius
1386 2488 1523 2551 miseros
1544 2494 1730 2569 peccatores
1751 2486 1913 2551 indefessa
1934 2493 2046 2551 tamen
2063 2484 2212 2568 benigni·

207 2597 313 2653 usum,
337 2595 376 2637 ea
397 2593 495 2655 quam
514 2572 662 2637 Galenus
681 2572 705 2656 ¹)
727 2571 861 2637 adhibet
881 2569 1051 2648 industria,
1073 2571 1183 2653 pensi·
1235 2581 1302 2638 tate
1332 2573 1551 2656 prosequar,
1583 2572 1684 2637 donec
1716 2593 1830 2637 eorum
1857 2573 2055 2655 pravitatem
2080 2571 2212 2636 benefa

207 2649 332 2736 oulare',
366 2659 477 2723 eximii
511 2666 560 2722 est
587 2658 754 2723 acuminis.
805 2655 873 2722 Sed
900 2658 1046 2721 omnium
1073 2665 1184 2721 tamen
1235 2660 1349 2725 ciendo
1376 2660 1526 2742 fregerit,
1554 2659 1628 2742 plus
1656 2680 1755 2741 quam
1779 2665 1917 2741 paterna
1943 2656 2149 2741 indulgentia
2170 2655 2212 2721 ad
2287 2652 2293 2663 ⁸

207 2746 408 2813 confessione
432 2765 512 2826 prae
540 2766 574 2808 se
601 2744 666 2808 fert
693 2765 810 2826 corpus
838 2743 1020 2807 humanum
1040 2750 1108 2806 tam
1133 2744 1183 2805 in·
1235 2767 1270 2811 se
1297 2744 1501 2810 revocando?
1552 2744 1663 2809 Nihilo
1697 2745 1801 2827 magis
1830 2752 1888 2808 aut
1913 2745 2057 2827 potentia
2081 2751 2139 2807 aut
2159 2763 2212 2807 sa·

208 2833 376 2916 geniosam
397 2829 671 2911 compositionem,
693 2836 732 2893 ut
752 2830 792 2895 ob
815 2851 888 2894 eam
907 2829 1024 2892 merito
1043 2828 1183 2892 admira·
1235 2833 1358 2914 pientia
1379 2831 1415 2893 in
1436 2831 1580 2895 tenebris
1606 2830 1711 2894 latent
1717 2854 1725 2909 ;
1754 2851 1894 2912 quarum
1916 2830 2020 2903 altera
2045 2828 2211 2912 praeclare

207 2919 282 2983 bilis
304 2917 413 2999 opifex
432 2914 601 2980 iudicetur.
646 2916 720 2980 Iam
736 2916 896 2998 potentia,
919 2935 1018 2998 quam
1038 2914 1184 2997 praeola·
1237 2918 1389 3001 emergit,
1419 2916 1498 2981 dum
1527 2917 1704 2998 impiorum
1731 2917 1865 2994 ferocia,
1897 2917 2044 2980 omnium
2063 2915 2213 2997 opinione
2323 2960 2325 2964 -

208 3005 254 3069 ris
279 3002 509 3086 speciminibus
536 3023 595 3064 nos
620 3002 656 3064 in
683 3001 974 3066 considerationem
1002 3002 1052 3064 sui
1076 3000 1182 3081 rapit?
1236 3002 1479 3086 insuperabilis,
1509 3010 1673 3066 momento
1700 3023 1766 3066 uno
1794 3001 1996 3080 retunditur,
2026 3001 2214 3084 arrogantia

208 3091 272 3153 nisi
292 3089 374 3151 forte
395 3086 498 3151 latere
520 3107 579 3150 nos
599 3094 719 3169 potest,
743 3089 835 3152 cuius
858 3088 901 3152 sit
921 3087 1053 3151 virtufis
1075 3087 1183 3149 infini·
1237 3088 1402 3167 domatur,
1436 3087 1611 3152 diruuntur
1641 3087 1843 3153 validissima
1873 3086 2050 3170 praesidia,
2083 3087 2150 3153 tela
2181 3092 2215 3152 et

208 3181 278 3239 tam
304 3174 391 3238 hanc
418 3172 497 3238 oceli
520 3193 558 3237 ao
585 3181 692 3236 terrae
713 3173 833 3237 molem
855 3173 1034 3259 suoverbo
1056 3179 1184 3237 susten·
1237 3196 1330 3240 arma
1356 3175 1636 3252 comminuuntur,
1670 3174 1757 3238 vires
1777 3174 2016 3257 infringuntur,
2045 3173 2214 3238 machina-

208 3266 297 3339 tare;
316 3259 383 3324 solo
400 3266 493 3334 nutu,
512 3274 600 3323 nunc
617 3258 747 3341 fragore
764 3260 946 3323 tonitruum
963 3257 1091 3323 coelum
1108 3277 1184 3322 con·
1236 3263 1341 3326 tiones
1368 3267 1563 3325 evertuntur
1588 3269 1622 3325 et
1649 3281 1709 3325 sua
1735 3261 1882 3342 ipsarum
1911 3256 1996 3324 m'ole
2025 3258 2214 3338 concidunt;

208 3352 328 3423 cutere,
350 3345 540 3409 fulminibus
562 3343 722 3425 quidlibet
739 3365 886 3422 exurere,
908 3344 1057 3427 fulgetris
1075 3365 1185 3408 aerem
1237 3368 1320 3430 quae
1347 3368 1447 3429 supra
1473 3346 1578 3411 coelos
1600 3367 1635 3410 se
1658 3345 1814 3411 efferebat
1836 3345 1981 3424 audacia,
2008 3346 2044 3409 in
2065 3353 2215 3411 centnm

208 3432 399 3510 aocendere;
427 3452 517 3496 nuno
538 3431 639 3496 variis
662 3437 893 3512 tempestatum
919 3431 1031 3494 formis
1054 3436 1184 3500 contu·
1236 3455 1340 3515 usque
1361 3441 1469 3497 terrae
1497 3432 1729 3515 prosternitur;
1758 3454 1891 3496 rursum
1912 3433 2086 3515 erigrmtur
2106 3431 2214 3495 humi-

207 3519 294 3596 baro,
318 3516 459 3581 eundem
480 3517 589 3599 ipsum
610 3518 721 3580 statim
739 3517 796 3580 ubi
813 3516 915 3594 hbuit,
938 3538 1003 3580 uno
1021 3524 1185 3579 momento
1237 3520 1301 3598 les,
1331 3541 1349 3583 e
1377 3519 1513 3601 pulvere
1534 3517 1637 3603 (Psal.
1660 3521 1730 3595 113,
1751 3516 1800 3603 7),
1828 3526 1861 3582 et
1887 3518 2001 3601 inopes
2027 3538 2046 3582 e
2073 3524 2215 3582 stercore

208 3623 360 3667 serenare
367 3625 374 3682 ;
399 3624 505 3681 mare,
539 3602 626 3685 quod
652 3602 817 3667 assiduam
838 3610 946 3667 terrae
967 3602 1185 3671 vastationem
1238 3606 1452 3684 suscitantnr3
1485 3605 1630 3687 oppressi
1658 3611 1691 3668 et
1720 3604 1833 3669 afflicti
1859 3605 1900 3670 ab
1928 3603 2082 3669 extremis
2110 3624 2214 3684 angu-

207 3689 326 3751 minari
348 3710 408 3753 sua
420 3688 600 3753 altitudine
622 3687 760 3766 videtur,
784 3689 877 3770 quasi
899 3689 935 3751 in
952 3709 1027 3752 aere
1049 3709 1184 3769 suspen·
1238 3692 1308 3755 stiis
1331 3698 1504 3770 eruuntur;
1533 3689 1692 3773 deplorati
1720 3691 1756 3754 in
1783 3711 1876 3773 spem
1896 3690 2015 3755 bonam
2035 3688 2214 3753 restituun-

209 3794 281 3837 sum
300 3795 462 3853 coercere;
485 3784 518 3838 et
534 3797 622 3841 nunc
640 3775 841 3839 horrendum
857 3775 893 3838 in
911 3773 1046 3839 modum
1063 3774 1185 3838 tumul-
1238 3786 1306 3856 tur;
1333 3778 1475 3842 inermes
1502 3777 1543 3841 de
1565 3777 1715 3854 armatis,
1743 3776 1839 3858 pauci
1867 3776 1908 3839 do
1929 3774 2087 3859 plurimis,
2111 3773 2215 3838 imbe-

208 3863 301 3921 tuoso
323 3866 495 3924 ventorum
522 3861 648 3943 impetu
668 3863 844 3940 concitare,
873 3882 960 3926 nunc
983 3860 1103 3925 sedatis
1122 3882 1185 3924 un-
1238 3863 1328 3929 cillcs
1356 3862 1397 3928 de
1418 3862 1536 3929 validis
1563 3862 1734 3928 victoriam
1761 3862 1915 3926 referrmt.
1965 3860 2082 3926 Altera
2103 3867 2216 3924 autem

208 3942 258 4008 dis
290 3953 441 4025 pacatum
474 3944 618 4009 reddere.
676 3947 749 4011 Iam
777 3949 849 4029 ipsa
883 3948 1029 4030 potentia
1056 3968 1116 4010 nos
1143 3943 1185 4010 ad
1237 3949 1409 4014 manifeste
1437 3948 1581 4027 excellit,
1612 3948 1691 4012 dum
1718 3950 1841 4031 optima
1862 3967 2123 4029 unamquamque
2145 3967 2216 4010 rem

208 4029 415 4112 cogitandam
442 4032 511 4095 eius
542 4033 768 4097 aeternitatem
797 4033 941 4098 deducit:
975 4034 1052 4115 quia
1079 4038 1184 4096 aeter·
1238 4036 1480 4117 opportunitate
1499 4034 1673 4116 dispensat,
1693 4034 1871 4117 quamlibet
1889 4032 2005 4104 mundi
2021 4033 2241 4115 sapientiam·

207 4135 289 4179 num
318 4135 402 4194 esse,
431 4121 464 4178 et
486 4138 506 4179 a
527 4137 561 4181 se
589 4117 658 4198 ipso
685 4120 882 4201 principium
909 4119 1031 4183 habere
1052 4138 1184 4182 necesse
1239 4121 1421 4199 confundit,
1441 4120 1657 4203 deprehendit
1675 4128 1799 4186 astutos
1817 4121 1852 4184 in
1871 4119 1991 4185 astutia
2014 4141 2074 4184 sua
2092 4117 2125 4202 (l
2139 4115 2214 4182 Cor.

208 4207 267 4280 cst,
290 4199 377 4298 unde
397 4200 506 4264 omnia
527 4202 665 4266 trahunt
686 4204 854 4287 originem.
899 4205 1012 4281 Porro,
1036 4205 1063 4268 si
1086 4224 1185 4268 causa
1239 4211 1267 4285 3,
1290 4207 1353 4291 19),
1376 4207 1461 4271 nihil
1483 4207 1622 4289 denique
1644 4228 1710 4272 non
1727 4208 1850 4289 optima
1866 4207 1991 4271 ratione
2010 4211 2214 4286 attemperat.

208 4293 384 4436 quaeritur,
408 4308 472 4368 qua
494 4293 528 4350 et
549 4287 591 4350 ad
613 4290 755 4352 creanda
777 4289 858 4355 haec
880 4290 981 4354 semel
1003 4290 1113 4354 omnia
1133 4289 1184 4351 in·
1327 4298 1375 4357 14.
1419 4292 1579 4358 Videmus
1607 4314 1675 4358 non
1696 4293 1796 4376 longa
1816 4299 1877 4358 neb
1898 4292 2060 4359 laboriosa
2081 4289 2214 4354 demon-

230 4380 328 4438 uctus
355 4373 412 4450 sit,
440 4383 473 4435 et
500 4394 587 4437 nunc
610 4371 652 4436 ad
673 4375 897 4440 conservanda
917 4384 1101 4440 moveatur:
1132 4395 1184 4438 so-
1238 4381 1395 4444 stratione
1418 4399 1498 4462 opus
1521 4401 1591 4444 esse
1612 4379 1654 4443 ad
1670 4377 1815 4444 eruenda
1832 4399 1915 4460 quae
1932 4375 2144 4443 illustrandae
2162 4396 2214 4439 as·

208 4457 276 4522 lam
308 4457 358 4522 illi
389 4479 482 4523 suam
517 4458 695 4522 bonitatem
727 4462 962 4542 comperiemus
994 4481 1053 4543 pro
1086 4481 1184 4525 causa
1237 4465 1457 4548 serendaequc
1492 4465 1622 4530 divinae
1655 4464 1816 4529 maiestati
1843 4464 1992 4528 serviunt
2019 4461 2213 4538 testimonia,

209 4564 288 4609 θεεθ.
333 4541 424 4625 Quin
445 4544 544 4608 etiarn
566 4543 648 4608 haec
671 4546 782 4610 sinna
802 4546 853 4625 sit,
876 4547 951 4629 plns
972 4546 1052 4611 satis
1074 4552 1185 4610 tamen
1237 4551 1397 4634 siquidem
1418 4573 1461 4616 ex
1478 4552 1591 4634 paucis
1607 4572 1690 4633 qnae
1708 4549 1933 4626 delibavimus,
1956 4569 2146 4632 quocunque
2164 4548 2214 4610 in·

209 4630 358 4694 sufficere
387 4628 483 4697 debet
510 4628 552 4694 ad
580 4651 640 4694 nos
666 4631 701 4694 in
723 4651 868 4696 amorem
889 4634 959 4697 eius
981 4631 1184 4710 alliciendos3
1237 4637 1366 4718 cideris,
1388 4636 1468 4702 adeo
1488 4644 1640 4720 prompta
1661 4645 1694 4701 et
1716 4636 1811 4701 obvia
1834 4656 1905 4700 esse
1927 4642 2063 4713 constat,
2085 4639 2122 4698 ut
2138 4653 2215 4698 ocu·

209 4715 338 4795 quando
358 4716 451 4781 nulla
473 4724 523 4783 est
539 4724 698 4795 creatura,
722 4724 759 4779 ut
775 4718 936 4801 propheta
952 4727 1063 4782 monet
1079 4717 1183 4869 ffsal.
1236 4724 1278 4789 lis
1300 4724 1466 4808 designari
1491 4745 1529 4789 ac
1552 4723 1662 4807 digitis
1687 4721 1798 4786 notari
1819 4721 1914 4786 facile
1935 4728 2067 4803 queant
2106 4720 2216 4869 Atssue

124 4832 127 4838 »
172 4857 174 4861 ,
212 4804 282 4876 145,
301 4800 345 4885 9),
368 4802 403 4865 in
425 4823 524 4884 quam
545 4823 611 4866 non
633 4803 737 4868 effusa
756 4804 800 4868 sit
819 4805 890 4869 eius
910 4805 1078 4870 misericor
1102 4806 1140 4870 'a
1238 4811 1292 4876 hic
1322 4808 1456 4892 quidem
1479 4808 1720 4875 observandum
1747 4815 1811 4887 est,
1840 4808 1975 4873 invitari
2001 4828 2061 4871 nos
2083 4805 2125 4870 ad
2186 4804 2218 4869 ei

298 4890 346 4950 13.
396 4888 437 4951 In
464 4887 606 4954 secundo
635 4908 761 4972 quoque
795 4911 915 4974 genere
942 4913 1077 4973 operum
1104 4894 1183 4972 eius,
1237 4897 1403 4972 notitiam,
1438 4918 1505 4961 non
1532 4916 1615 4978 quae
1643 4894 1733 4958 inani
1755 4893 1974 4976 speculatione
2000 4893 2216 4969 contineatur,

209 4991 291 5052 quae
325 4974 448 5038 scilicet
479 4981 610 5057 praeter
642 4974 844 5041 ordinarium
882 4985 1019 5042 naturae
1052 5000 1186 5044 cursum
1237 4981 1296 5048 sed
1317 5002 1400 5065 quae
1422 4981 1525 5047 solida
1546 4982 1659 5046 futura
1679 4980 1724 5045 sit
1745 4985 1778 5044 et
1799 4981 1980 5058 huomosa,
2004 4979 2033 5044 si
2055 4977 2217 5061 percipia-

281 5244 309 5314 1)
328 5247 417 5298 Libris
436 5247 469 5300 de
488 5266 538 5300 usu
555 5251 681 5317 partium.
1308 5256 1338 5327 1)
1355 5257 1521 5310 calamitates
1534 5253 1602 5308 1543
1614 5261 1638 5308 et
1649 5269 1720 5324 seqq.
1754 5255 1785 5322 ⁸2)
1798 5255 1878 5308 rebus
1890 5255 2012 5307 adversis
2031 5251 2100 5307 1543
2112 5259 2138 5307 et
2146 5267 2219 5323 seqq.
