4770 6030
183 360 244 419 753
711 348 810 415 OAP.
828 349 872 413 X.
892 348 983 434 (VI.)
1027 351 1090 414 DE
1113 347 1492 416 IUSTIUIOATIONE
1515 351 1655 414 FIDEI.
2123 355 2188 416 754

181 464 547 524 maenam-cast.
1044 487 1052 531 3

182 509 322 629 gratiam·
349 507 457 619 suam,
486 450 569 604 testd
592 538 736 622 apostolo
758 538 868 622 (Rom.
890 542 918 615 3,
938 536 1008 622 26),
1031 539 1067 602 in
1096 558 1156 603 nos
1207 545 1398 602 mentuma
1425 545 1535 604 nostro
1557 540 1674 604 meritc
1696 538 1870 621 dependet,
1900 539 2029 621 quando
2051 539 2185 605 tandem

182 628 311 707 effudit,
340 649 403 710 quo
432 627 476 692 sit
496 628 565 708 ipse
586 627 705 700 iustus,
729 634 762 690 et
782 625 962 689 iustificans
982 645 1073 703 eum,
1100 624 1156 706 qui
1208 625 1273 689 huo
1294 631 1431 689 ventum
1451 625 1564 703 fuerit,
1587 631 1625 687 ut
1645 625 1711 689 Dei
1731 625 1980 690 beneficentiam
2002 646 2187 709 promerea-

181 723 232 781 est
259 738 301 780 ex
332 712 398 777 fide
431 711 564 777 Christi.
616 711 713 777 Unde
745 709 808 773 alio
835 710 905 774 loco
939 709 1039 792 (Eph.
1063 715 1089 789 1,
1110 709 1154 795 6),
1209 710 1304 774 mur?
1355 708 1446 790 Quin
1474 711 1574 774 etiam
1597 709 1778 775 secundum
1815 710 1903 776 istud
1933 711 2118 776 membrum
2145 733 2187 776 ex

180 823 282 884 quum
305 799 466 865 docuisset
487 799 668 867 Dominum
695 797 788 861 nobis
810 795 950 860 salutem
972 796 1156 875 contulisse,
1209 797 1317 879 priore
1347 797 1571 878 consequitur;
1605 796 1765 878 siquidem
1796 818 1863 862 non
1894 796 2083 879 implebitur
2110 819 2186 880 pro-

182 909 245 971 quo
278 886 420 950 nominis
453 885 503 949 sui
532 884 670 966 gloriam
690 883 885 960 illustraret,
919 889 1032 962 postea
1063 883 1158 964 quasi
1210 882 1337 960 missio,
1365 882 1429 946 nisi
1458 883 1498 946 iis
1525 882 1580 963 qui
1606 880 1705 945 fidem
1731 881 1779 946 illi
1806 883 1989 947 habuerint.
2035 881 2128 947 Colla
2168 905 2188 948 a

182 973 269 1038 idem
296 978 446 1054 repetens
474 970 617 1035 subiicit:
647 969 753 1052 gratia
776 968 853 1032 estis
875 967 1006 1045 salvati,
1033 988 1071 1032 ac
1091 968 1156 1032 Dei
1210 968 1312 1051 igitur
1333 966 1407 1045 fide,
1429 967 1521 1031 nulla
1542 967 1593 1033 vis
1614 969 1838 1049 promissionis
1860 968 1991 1033 residua
2008 970 2077 1032 erit.
2107 968 2126 1032 I
2149 990 2186 1034 eo

183 1059 280 1136 dono,
308 1078 374 1121 non
402 1054 569 1138 operibus,
599 1055 735 1136 nequis
764 1054 921 1136 glorietur
943 1052 1042 1136 (Eph.
1063 1057 1091 1131 2,
1113 1054 1156 1138 5).
1210 1076 1253 1118 ex
1274 1051 1338 1118 fide
1360 1053 1559 1131 haereditas,
1581 1059 1620 1117 ut
1641 1053 1821 1119 secundum
1843 1056 1997 1138 gratiam,
2021 1053 2063 1119 ad
2086 1055 2186 1119 stabi·

184 1142 322 1210 Summa
351 1142 432 1206 hacc
461 1147 523 1205 est:
556 1162 623 1205 non
649 1161 743 1223 posse
772 1140 938 1204 hominem
966 1140 1027 1204 sibi
1056 1139 1158 1203 ullam
1210 1139 1356 1203 fiendam
1388 1140 1643 1220 promissionem.
1700 1139 1842 1204 Abunde
1876 1142 1963 1204 enim
1995 1142 2187 1206 confirmata

183 1230 324 1295 iustitiae
346 1229 465 1292 micam
487 1227 557 1290 sinc
580 1225 749 1309 sacrilegio
771 1224 957 1290 vendicare:
988 1225 1064 1307 quia
1085 1232 1158 1289 tan-
1211 1232 1270 1303 est,
1300 1224 1379 1289 dnm
1403 1223 1474 1289 sola
1499 1225 1564 1289 Dei
1590 1225 1813 1290 misericordia
1841 1227 1973 1304 nititur,
2005 1227 2081 1307 quia
2112 1248 2187 1308 per-

183 1315 318 1380 tundam
340 1335 382 1377 ex
400 1312 531 1377 divinae
553 1312 696 1376 iustitiae
719 1310 822 1394 gloria
844 1310 1029 1393 decerpitur
1047 1333 1084 1376 ac
1103 1309 1158 1376 de-
1210 1318 1308 1394 petuo
1330 1332 1418 1375 nexu
1438 1311 1629 1376 coniunctae
1650 1317 1728 1376 sunt
1747 1312 1834 1376 inter
1855 1333 1890 1376 se
1909 1312 2132 1378 misericordia
2153 1321 2187 1378 θῖ

183 1401 312 1466 libatur.
1211 1397 1347 1461 veritas:
1375 1397 1436 1462 hoo
1463 1404 1527 1475 est,
1568 1416 1778 1479 quaeeunque
1809 1398 1902 1462 Deus
1934 1398 2187 1464 misericorditer

271 1490 320 1548 25.
370 1485 443 1547 Iam
476 1483 503 1547 si
536 1483 737 1565 quaerimus,
769 1503 833 1565 qua
861 1482 986 1546 ratione
1014 1483 1159 1546 serenari
1211 1482 1395 1564 pollicetur,
1434 1481 1574 1547 fideliter
1610 1504 1737 1565 quoque
1773 1490 1925 1564 praestat
1982 1484 2098 1567 Itaque
2132 1485 2186 1552 hic

184 1578 283 1655 queat
300 1590 410 1636 coram
427 1570 499 1634 Deo
518 1569 723 1648 couscientia,
747 1589 813 1632 non
831 1567 930 1632 aliam
947 1568 1157 1650 reperiemus,
1211 1589 1303 1651 spem
1324 1574 1427 1633 totam
1454 1569 1569 1633 sistere
1596 1569 1764 1648 convenit,
1793 1576 1827 1634 et
1847 1569 1939 1634 velut
1959 1569 2119 1652 profimde
2146 1572 2185 1636 fi·

183 1679 282 1808 guam
305 1657 333 1721 si
355 1655 500 1739 grattrita
521 1653 615 1718 nobis
636 1655 761 1718 iustitia
778 1654 843 1718 Dei
862 1653 946 1717 dono
963 1654 1157 1718 conferatur.
1211 1674 1302 1736 gere;
1330 1675 1397 1718 non
1425 1661 1608 1736 respectare
1630 1654 1671 1718 ad
1700 1661 1812 1719 nostra
1833 1676 1944 1738 opera,
1973 1677 2036 1738 quo
2058 1677 2100 1720 ex
2120 1655 2186 1721 illis

211 1742 310 1807 ubcat
336 1763 406 1805 sem
448 1739 574 1804 rillud
596 1737 781 1804 Solomonis
803 1739 915 1823 (Prov.
937 1742 986 1817 20,
1007 1737 1056 1824 9):
1086 1741 1158 1821 quis
1211 1739 1392 1804 subsidium
1432 1739 1561 1822 aliquod
1601 1746 1740 1822 petatur.
1799 1738 1853 1804 sa
1889 1747 1916 1805 et
1953 1741 2184 1828 Aquam)
2284 1821 2288 1824 .
2360 1696 2365 1710 ⁸

183 1829 284 1907 dicet,
313 1849 393 1891 mun
417 1827 470 1890 avi
498 1848 553 1891 cor
583 1847 706 1903 meum,
734 1826 926 1908 purificatus
948 1847 1021 1890 sum
1044 1846 1063 1889 a
1084 1846 1158 1907 pec·
1211 1826 1364 1909 apertdrea
1384 1825 1697 1908 praecipitaretis
1724 1846 1836 1890 maen
1857 1826 1979 1907 aliquid
2004 1827 2103 1892 daea
2129 1849 2185 1894 rios

183 1922 255 1981 cato
276 1911 370 1977 meo?
414 1911 520 1976 Nemo
542 1918 592 1976 est
614 1919 715 1990 certe,
738 1912 793 1993 qui
816 1932 885 1974 non
905 1911 1037 1975 infinita
1058 1910 1159 1976 eollu-
1205 1915 1307 1992 pates.
1351 1910 1393 1975 Ia
1413 1917 1579 1989 ederam,
1600 1912 1717 1992 iaqait,
1739 1912 1878 1996 repectit
1900 1911 2046 1977 Uiriatus
2066 1914 2102 1977 ia
2123 1933 2186 1978 ser·

183 2001 237 2065 vie
266 2000 431 2063 obruatur.
476 1998 518 2061 In
545 2018 638 2061 suam
661 2019 738 2081 ergo
765 1997 999 2062 conscientiam
1026 1997 1159 2062 descen·
1212 1999 1260 2061 aia
1281 1997 1366 2077 acis,-
1392 1996 1447 2062 hoc
1468 1997 1617 2079 promiat
1637 1996 1742 2076 Deua,
1771 1998 1825 2062 doc
1846 1998 1927 2062 dicit
1948 1997 2053 2078 Deua
2080 1999 2186 2083 cipe

184 2085 242 2149 dat
263 2083 315 2149 vel
336 2082 591 2164 perfectissimus
613 2084 762 2165 quisque,
786 2084 925 2147 attacta
947 2081 1159 2148 suaadoal·
1210 2103 1283 2146 ram
1304 2087 1362 2162 est,
1389 2082 1443 2148 boc
1465 2083 1584 2147 iuravit
1605 2082 1710 2147 Deus:
1737 2084 1814 2164 qaia
1839 2104 1909 2167 erpo
1930 2105 1992 2148 aaa
2019 2086 2187 2150 aaacdarn

184 2171 294 2235 culum
315 2174 424 2248 vocet,
454 2189 551 2250 quem
578 2167 711 2232 tandem
739 2169 864 2233 exitum
892 2168 1048 2233 habebit?
1094 2170 1157 2247 An,
1211 2170 1321 2233 merita
1337 2174 1452 2247 costra,
1470 2170 1524 2233 sed
1540 2169 1709 2233 accardum
1725 2168 1814 2233 itlius
1830 2171 2078 2236 misericordiam
2091 2171 2188 2252 firma

184 2257 277 2339 quasi
310 2255 392 2319 bene
426 2253 602 2336 composita
635 2254 695 2318 sibi
734 2256 800 2318 sint
832 2273 907 2319 eum
934 2255 1007 2318 Deo
1040 2255 1157 2333 omnia,
1211 2260 1256 2319 est
1271 2255 1559 2340 pronissimam
1579 2253 1662 2318 debet
1683 2274 1752 2318 eam
1773 2255 1975 2335 trepidatione
1991 2258 2185 2346 predicare,

183 2342 329 2408 suaviter
350 2341 569 2421 conquiescet,
599 2361 637 2404 ac
659 2361 724 2404 non
753 2341 861 2421 potius
884 2339 964 2405 diris
986 2342 1158 2406 tormentis
1210 2342 1248 2405 dc
1277 2360 1336 2421 quo
1366 2360 1427 2405 noa
1453 2344 1552 2422 potest
1584 2339 1734 2404 dubiae.
1789 2340 2016 2492 Beraardch)
2053 2363 2185 2424 qaoque:

183 2427 395 2503 lacerabitur,
424 2447 525 2508 quum
556 2426 592 2489 in
613 2447 648 2490 se
676 2425 893 2489 damnationis
914 2427 1100 2504 materiam,
1131 2427 1159 2492 si
1210 2427 1283 2507 quis
1305 2427 1420 2509 poterit
1445 2426 1552 2491 aalma
1577 2446 1657 2504 esse,
1684 2426 1792 2490 dicuat
1809 2426 1958 2507 dissipati
2006 2427 2123 2492 barti?
2154 2434 2187 2493 at

183 2514 224 2577 ab
244 2512 395 2595 operibus
417 2512 616 2589 aestimetur,
640 2511 781 2579 residere
802 2509 943 2576 sentiet?
983 2510 1158 2577 Oonscicn-
1211 2511 1277 2591 aa,
1305 2512 1392 2594 apud
1417 2511 1555 2576 maanes
1575 2511 1764 2592 impossibiie
1783 2511 1837 2575 doc
1858 2516 1915 2591 ert,
1943 2514 1998 2577 sed
2019 2534 2079 2578 aaa
2100 2515 2187 2595 opud

183 2600 278 2676 tiam,
307 2599 334 2662 si
355 2597 465 2661 Deum
487 2597 635 2679 respicit,
663 2597 716 2661 vel
738 2618 812 2662 cum
839 2596 927 2662 illius
948 2596 1066 2662 iudicio
1089 2619 1158 2662 eer-
1212 2596 1324 2661 Deum.
1374 2597 1461 2662 Haec
1487 2601 1549 2663 teta
1572 2597 1690 2679 fiducia
1716 2601 1840 2676 nostro,
1866 2596 1940 2662 doce
1964 2599 2059 2662 urtica
2086 2619 2186 2664 conse

183 2692 251 2749 tam
273 2704 388 2768 pacem
408 2683 530 2748 habere
558 2703 691 2748 necesse
718 2690 781 2761 est,
805 2683 858 2747 vel
889 2683 1068 2747 inferorum
1094 2690 1160 2747 ter-
1212 2683 1301 2762 lotio,
1328 2682 1402 2748 haec
1429 2689 1491 2748 toto
1518 2685 1599 2749 ratio
1625 2683 1693 2764 spei
1711 2688 1841 2747 merae.
1887 2681 1949 2747 Sed
1970 2684 2007 2748 dc
2028 2686 2186 2766 possibili-

182 2771 311 2836 roribus
340 2768 490 2833 obsideri.
535 2768 628 2833 Nihil
651 2790 728 2853 ergo
756 2769 942 2852 proficimus
965 2767 1005 2832 de
1034 2766 1160 2832 iustitia
1211 2773 1272 2832 tote
1293 2770 1381 2847 certi,
1409 2770 1447 2834 de
1473 2769 1625 2834 vereare
1652 2769 1729 2850 qaid
1757 2769 1904 2852 wreus?
1957 2770 2035 2850 Quis
2061 2770 2118 2834 scit
2144 2792 2186 2834 aa

183 2854 385 2934 disserendo,
419 2855 483 2919 nisi
516 2876 590 2919 eam
616 2856 841 2933 statuerimus,
871 2855 962 2919 cuius
984 2854 1159 2919 stabilitate
1211 2855 1280 2918 odio
1306 2854 1353 2919 oct
1374 2875 1478 2919 amore
1503 2856 1620 2937 dianus
1640 2856 1682 2918 sit
1704 2854 1806 2939 (Eccl.
1827 2859 1856 2934 9,
1878 2859 1893 2918 l
1919 2855 1937 2918 ‚2
1983 2855 2061 2937 Quia
2083 2875 2186 2939 copae·

184 2942 294 3005 anima
316 2948 427 3005 nostra
448 2942 483 3004 in
504 2941 569 3006 Dei
592 2940 711 3006 iudicio
732 2941 892 3005 fideiatur.
937 2939 1004 3007 Ubi
1026 2939 1160 3005 habebit
1210 2940 1255 3003 cit
1287 2960 1412 3005 sermm
1441 2939 1587 3020 Domini,
1621 2945 1676 3005 aut
1706 2942 1779 3021 qais
1882 2942 2004 3006 'terias
2032 2942 2100 3006 eius
2124 2942 2187 3023 fait

183 3028 294 3090 anima
322 3034 451 3105 nostra,
481 3048 545 3108 quo
581 3033 614 3091 et
645 3026 809 3108 intrepida
838 3047 947 3091 eoram
972 3027 1038 3090 Dei
1065 3025 1159 3090 vultu
1211 3024 1244 3109 (1
1267 3025 1340 3091 Oor.
1361 3030 1389 3106 2,
1412 3026 1493 3110 let?
1526 3026 1590 3090 Hic
1608 3027 1675 3092 iam
1690 3025 1786 3109 pleae
1805 3027 1898 3107 fidere
1919 3028 2005 3092 achis
2026 3027 2186 3093 arbacem

184 3118 340 3194 appareat
364 3120 397 3176 θῖ
423 3113 616 3178 inconcussa
638 3113 707 3177 eius
724 3111 881 3177 iudicium
909 3112 1065 3194 excipiat,
1087 3117 1159 3174 tum
1211 3131 1329 3177 amesae
1350 3116 1408 3190 est;
1430 3112 1480 3175 bic
1506 3116 1619 3194 opertet
1646 3131 1824 3177 θθθθθννθνθ
1845 3114 2019 3178 caitatem:
2045 3119 2080 3178 at
2105 3115 2186 3197 qaod

183 3199 324 3262 sciamus
357 3197 489 3263 demum
521 3220 581 3264 nos
612 3221 678 3264 non
706 3199 854 3264 fictitiam
881 3198 1040 3263 iustitiam
1066 3218 1158 3279 repe-
1211 3197 1248 3262 de
1268 3197 1356 3262 rwbia
1378 3198 1451 3262 latet
1470 3197 1506 3261 ia
1527 3197 1615 3263 corde
1637 3199 1758 3279 petris,
1780 3219 1841 3280 per
1862 3199 2009 3281 spiritam
2029 3200 2184 3280 recedetur,
2266 3236 2268 3239 ·

183 3284 273 3347 risse.
318 3282 394 3346 Non
415 3305 494 3366 ergo
516 3285 587 3349 sine
609 3305 708 3351 causa
729 3292 896 3366 tantopere
914 3284 976 3351 hac
997 3289 1090 3366 parte
1107 3283 1158 3347 in·
1211 3283 1391 3365 etapirataa
1411 3284 1480 3348 eius
1503 3283 1669 3365 testificcas
1689 3285 1879 3366 peameca
1899 3285 2041 3350 cordibus
2062 3289 2184 3367 nostrie,

182 3370 269 3433 sistit
290 3368 463 3449 apostolus,
487 3372 578 3435 cuius
596 3370 704 3437 verbis
726 3391 832 3454 agere,
856 3391 955 3452 quam
972 3370 1054 3435 meis
1071 3368 1158 3434 malo
1210 3370 1291 3451 qaod
1315 3369 1378 3450 fiat
1399 3368 1464 3433 Dei
1488 3388 1608 3434 summ
1654 3369 1849 3435 Persuadent
1875 3376 1976 3435 actem
2002 3372 2186 3437 θοθθθᾱθθῖ

183 3453 293 3538 (Rom.
314 3460 343 3531 4,
368 3455 436 3537 14);
461 3457 488 3519 si
511 3479 552 3520 ex
573 3456 655 3540 lege,
678 3457 793 3538 inquit,
816 3457 986 3539 promissio
1008 3454 1158 3520 haeredi·
1210 3454 1407 3536 testificando
1424 3455 1527 3538 pratis
1540 3476 1600 3537 per
1618 3455 1727 3536 fidem
1748 3457 1783 3519 ia
1804 3456 1917 3537 quibas
1937 3457 2090 3522 nimirum
2106 3458 2186 3524 veltet

183 3541 269 3618 tatis,
288 3541 457 3604 exinanita
473 3549 523 3606 est
540 3541 629 3620 fides,
649 3542 768 3607 abolita
785 3551 835 3606 est
851 3542 1031 3624 promissio.
1058 3541 1158 3606 Prius
1209 3542 1331 3607 medias
1360 3539 1489 3622 quidam
1514 3542 1667 3606 baradus
1693 3545 1738 3606 ert
1763 3540 1801 3606 ab
1829 3548 1953 3608 aeteae
1972 3545 2186 3625 praedatae-

181 3626 296 3703 infert,
325 3626 527 3691 exinanitam
554 3634 587 3691 ct
610 3636 801 3693 evacuatam
824 3649 894 3693 esse
916 3627 1029 3705 fidem,
1058 3629 1086 3693 si
1107 3628 1158 3691 iu·
1211 3629 1289 3691 tione
1310 3628 1352 3691 ad
1376 3627 1519 3709 futuram
1543 3628 1686 3711 clerium.
1730 3628 1883 3694 Breviter
1910 3629 1956 3694 sio
1977 3629 2183 3714 colligamus:

183 3712 290 3775 stitiae
311 3712 481 3794 promissio
504 3735 639 3797 operum
656 3721 842 3779 nostrorum
860 3715 978 3778 merita
995 3713 1156 3795 respiciat,
1210 3715 1372 3796 scriptura
1393 3734 1460 3778 non
1481 3734 1552 3778 esse
1579 3714 1692 3777 firmas
1713 3713 1778 3777 Dei
1799 3715 2029 3796 promissiones
2050 3717 2183 3797 indicat,

183 3805 241 3860 aut
262 3819 304 3860 cx
328 3797 411 3881 legis
431 3798 657 3864 observatione
685 3801 832 3882 pendeat.
877 3800 1056 3883 Nunquam
1077 3800 1158 3863 enim
1209 3799 1274 3864 nisi
1296 3806 1384 3865 carta
1405 3799 1622 3864 conscientiae
1642 3798 1763 3864 fidncia
1784 3799 1994 3882 arripiantur.
2039 3802 2185 3868 Ubicun-

182 3883 217 3946 in
246 3904 285 3946 ca
313 3905 425 3949 secure
453 3887 655 3967 acquiescere
677 3887 849 3968 quisquam
875 3892 999 3968 posset;
1027 3883 1158 3968 quaudo
1209 3906 1273 3968 que
1300 3892 1350 3950 est
1376 3883 1537 3950 dubitatio
1564 3891 1621 3949 aut
1642 3884 1854 3964 incertitudo,
1883 3885 1995 3951 irritas
2017 3888 2089 3952 fieri
2109 3911 2185 3973 pro·

182 3989 352 4050 nunquam
377 3970 524 4035 futurum
550 3978 614 4049 est,
643 3979 680 4035 ut
701 3979 787 4035 certo
816 3971 902 4054 apud
925 3994 959 4037 se
987 3972 1158 4054 quisquam
1210 3972 1348 4036 nuntiat
1393 3972 1549 4049 Rursum,
1572 3971 1659 4036 nihil
1679 3991 1778 4052 quam
1799 3971 1952 4038 vacillare
1975 3995 2012 4039 ae
2031 3975 2183 4041 fluctuari

185 4059 316 4131 statuat,
340 4076 375 4119 se
397 4056 463 4139 legi
484 4057 689 4122 satisfecisse:
713 4065 751 4121 ut
772 4064 859 4123 certe
880 4057 991 4122 nullus
1013 4077 1157 4140 unquam
1209 4058 1415 4141 pronuntiat,
1448 4058 1476 4121 si
1508 4057 1661 4140 operibns
1687 4057 1807 4122 nostris
1837 4058 2042 4124 incumbunt.
2092 4062 2183 4144 Ergo

185 4158 244 4219 per
266 4160 365 4221 opera
391 4142 488 4223 plens
510 4143 674 4207 satisfacit.
721 4143 823 4207 Cuius
850 4143 899 4207 rei
919 4165 960 4208 ne
982 4143 1080 4226 longe
1101 4163 1157 4225 pe·
1210 4152 1268 4208 aut
1288 4144 1401 4226 pereat
1420 4143 1514 4208 nobis
1535 4142 1661 4208 iustitia
1682 4165 1705 4206 n
1794 4151 1892 4224 cest,
1917 4152 1975 4209 aut
1991 4168 2033 4210 ne
2051 4147 2186 4210 veniant

186 4229 299 4287 tantur
331 4228 517 4293 testimonia
524 4252 532 4307 ;
565 4228 627 4292 sibi
659 4229 794 4310 quisque
822 4231 913 4294 testis
944 4250 1015 4294 esse
1042 4234 1157 4311 potest,
1209 4231 1246 4293 in
1268 4229 1560 4294 considerationem
1581 4250 1696 4312 opera;
1725 4250 1760 4293 se
1804 4229 1873 4294 sola
1893 4230 1975 4296 fides
1996 4232 2103 4296 locum
2124 4232 2214 4296 ha·'

185 4313 241 4392 qui
263 4332 297 4374 se
320 4320 408 4376 recto
429 4315 520 4379 oculo
542 4315 662 4378 intueri
685 4314 781 4379 volet.
826 4315 934 4397 Igitur
956 4317 991 4378 in
1012 4315 1159 4380 omnium
1210 4315 1294 4394 beat,
1318 4317 1410 4381 cuius
1431 4315 1557 4380 isthaec
1578 4321 1697 4380 natura
1719 4321 1769 4380 est
1786 4337 1881 4381 aures
1899 4319 2051 4402 arrigere,
2075 4317 2183 4383 oeulos

186 4395 312 4460 animos
338 4398 462 4464 subiret
488 4401 631 4483 primum
659 4401 846 4476 haesitatio,
877 4400 1007 4465 demum
1042 4407 1076 4465 et
1103 4400 1159 4465 de·
1211 4400 1375 4481 claudere;
1403 4401 1464 4466 hoc
1491 4408 1556 4479 est,
1590 4402 1648 4466 uni
1679 4402 1889 4484 promissioni
1907 4402 2075 4469 'intentam
2103 4425 2182 4482 csse,

187 4484 342 4562 speratio;
367 4483 445 4548 dum
466 4507 525 4568 pro
540 4485 722 4569 sequidque
740 4484 941 4566 subduceret,
965 4493 1087 4569 quanta
1103 4485 1158 4550 de-
1211 4487 1439 4572 cogitationem
1466 4493 1614 4552 avertere
1644 4488 1684 4553 ab
1711 4490 1801 4552 omni
1828 4490 1970 4553 hominis
1997 4488 2049 4553 vel
2076 4488 2110 4553 di
2159 4490 2184 4540 '-

186 4565 246 4630 biti
268 4569 352 4633 mole
378 4570 485 4637 adhuc
498 4580 724 4655 premeretur,
751 4592 912 4655 quamque
940 4572 1037 4655 longe
1059 4571 1159 4637 dista-
1211 4581 1291 4652 tate,
1326 4573 1379 4638 vel
1412 4573 1535 4637 merito.
1592 4571 1645 4638 Ita
1677 4573 1832 4656 impletur
1863 4575 2067 4657 praeclarum
2103 4577 2109 4588 ’
2138 4574 2183 4640 ud

186 4659 238 4717 ret
259 4654 299 4718 ab
320 4655 473 4738 imposita
493 4659 555 4724 sibi
576 4659 767 4744 conditione.
811 4658 866 4721 En
887 4659 954 4723 iam
971 4679 1159 4741 oppressam
1210 4659 1390 4725 Zachariae
1411 4659 1606 4725 vaticinium
1628 4659 1673 4745 (3,
1692 4659 1742 4745 9),
1773 4660 1858 4742 quod
1879 4661 1935 4725 nbi
1958 4659 2064 4725 deleta
2085 4662 2184 4726 fuerit

184 4741 441 4824 exstinctamque
468 4745 575 4809 fidem.
620 4745 695 4808 Non
721 4745 810 4809 enim
830 4744 997 4823 fluctuari,
1020 4744 1158 4823 variare,
1209 4745 1365 4827 iniquitas
1393 4753 1513 4825 terrae,
1547 4745 1676 4811 vocabit
1702 4747 1754 4810 vir
1780 4747 1921 4809 amicum
1948 4767 2044 4811 sunm
2072 4748 2184 4813 subter

185 4847 317 4891 sursum
339 4827 491 4895 deorsum
512 4831 604 4909 ferri,
628 4830 800 4909 haesitare,
829 4849 1023 4911 suspensum
1044 4830 1157 4909 teneri,
1209 4831 1341 4894 vineam
1365 4837 1398 4895 et
1417 4832 1529 4897 subter
1549 4833 1649 4897 ficum
1666 4852 1768 4895 suam.
1802 4831 1867 4896 Ubi
1889 4832 2049 4914 propheta
2064 4833 2182 4914 innuit,

186 4912 353 4992 vacillare,
389 4914 561 4998 desperare
588 4915 740 5000 denique,
764 4915 864 4981 fidere
892 4922 956 4995 est;
989 4915 1047 4980 sed
1081 4937 1157 4982 con·
1210 4937 1277 4979 non
1299 4917 1394 4981 ahter
1421 4939 1500 4982 vera
1521 4939 1600 5000 pace
1622 4918 1687 4981 frui
1709 4915 1837 4996 fideles,
1866 4938 1964 4998 quam
1986 4928 2059 5001 post
2079 4919 2183 5003 impe·

187 5000 285 5060 stanti
315 5001 507 5067 certitudine
536 5024 574 5067 ac
602 5002 704 5067 solida
731 5002 905 5068 securitate
927 5002 1073 5066 animum
1100 5002 1156 5066 ob
1209 5008 1331 5067 tratam
1353 5014 1558 5085 peccatorum
1580 5002 1814 5067 remissionem.

186 5083 325 5163 firmare,
346 5085 530 5170 habereque
551 5088 606 5153 ubi
628 5089 799 5154 recumbas
820 5108 857 5152 ac
879 5086 995 5170 pedem
1016 5088 1107 5170 figas.
1210 5146 1231 5151 -.
1248 5145 1289 5151 ω-
1314 5144 1413 5150 Q„

214 5253 221 5266 ,
275 5173 325 5234 26·
368 5172 666 5274 Alterumquoqm
694 5174 857 5275 adiupssitg
878 5173 1006 5274 infidam
1027 5181 1061 5238 et
1081 5194 1157 5239 ‘'Va‘'
1280 5207 1309 5275 1)
1326 5208 1470 5277 Augustiu.
1489 5210 1517 5260 in
1535 5208 1606 5259 Psal.
1625 5205 1665 5259 88.
1693 5206 1781 5258 Traet.
1801 5209 1884 5276 prior.
1902 5225 1924 5260 o.
1943 5207 1968 5260 5.
2048 5209 2076 5277 2)

188 5252 300 5317 mdam
326 5256 394 5322 fore
426 5280 682 5341 promissionem
738 5259 777 5327 81
803 5281 893 5327 emm
918 5281 988 5327 erus
1016 5259 1157 5342 comple-
1208 5273 1272 5328 cin
1289 5276 1404 5329 cedias
1422 5277 1515 5345 templ.

260 5357 369 5412 Uetcini
385 5377 476 5428 opera.
519 5364 575 5418 Vol.
594 5362 618 5415 1.
1304 5359 1308 5375 '
1944 5361 1980 5416 48

2095 5211 2185 5264 Serm.
