4770 6030
182 370 242 432 137
859 362 959 430 CAP.
981 363 1042 429 IV.
1086 365 1152 430 DE
1173 361 1512 432 sncaaafflams.
2128 371 2189 436 138

181 555 335 623 accedere
367 574 433 619 non
460 559 626 638 poterant,
659 561 698 617 ut
733 559 844 618 tamen
868 552 923 617 vel
949 552 1057 635 aliqua
1082 559 1161 618 nota
1212 573 1272 617 nos
1294 573 1369 619 cum
1386 553 1507 617 nostris
1524 554 1724 633 muneribus,
1744 554 1814 619 sine
1831 555 2043 621 intercessore
2060 558 2096 621 in
2113 579 2190 624 con-

181 642 304 708 autcris
327 642 377 706 sui
405 640 592 722 exemplum
618 639 794 718 1616116111,
822 639 952 704 numeri
975 637 1160 703 similitudi·
1213 645 1326 721 spectu
1353 639 1418 703 Dei
1446 658 1649 721 apparemus.
1701 637 1854 705 Christus
1881 646 1945 719 est,
1973 662 2036 722 quc
2066 643 2189 710 media·

180 742 258 794 nem
280 727 496 792 retinuerrmt
535 724 741 790 Vendiderat
761 725 816 789 ille
834 725 969 808 triginta
987 725 1158 807 argenteis,
1212 730 1282 789 1616
1315 722 1550 804 intercedente,
1590 746 1650 790 nos
1683 746 1721 791 ac
1752 733 1865 790 nostra
1895 727 1981 808 patri
2014 727 2189 796 offerimus

182 815 218 879 bi
242 814 381 898 triginta
400 811 544 877 numulis
567 812 670 876 aereis
691 810 855 891 vendunt3
885 809 942 874 sed
963 809 1020 872 ille
1048 810 1158 889 semel,
1212 809 1274 875 Ille
1301 810 1448 893 pontifex
1473 817 1600 890 noster,
1632 811 1689 894 qui
1720 812 1756 875 in
1781 812 2004 877 sanctuarium
2030 813 2111 878 coeli
2139 815 2190 880 in·

181 902 218 966 hi
239 899 365 983 quoties
386 911 513 980 emptor
534 898 682 962 occurrit.
712 897 785 962 Hoc
807 918 906 961 sensu
927 903 960 959 61
977 895 1160 961 6666116166
1213 917 1345 979 gressus
1374 917 1541 962 6666666111
1565 897 1658 962 nobie
1681 897 1794 979 aperit.
1839 897 1901 962 1116
1923 897 2034 978 611616,
2058 901 2111 965 661
2132 899 2190 966 do-

182 1007 254 1052 csse
273 999 447 1069 negamus:
470 1004 598 1065 nempe,
617 985 674 1065 qui
690 982 749 1047 1611
766 982 928 1047 oblatione
946 980 1033 1064 apud
1050 983 1160 1046 Deum
1212 983 1307 1047 naria
1327 989 1439 1047 666116
1459 983 1665 1066 1666616166.
1704 983 1746 1047 16
1767 982 1823 1047 illc
1846 982 2012 1064 audemus,
2034 984 2191 1069 quidquid

180 1092 241 1156 616
262 1070 382 1155 666616
403 1068 623 1148 16161661661,
645 1069 702 1151 qui
723 1068 896 1151 propitiato
918 1067 990 1133 Deo
1011 1074 1159 1150 peccato-
1213 1067 1379 1134 audemus.
1428 1068 1504 1146 1116,
1532 1069 1681 1152 inquam,
1710 1074 1760 1134 661
1780 1069 1916 1152 quinos
1943 1071 2030 1152 patri
2050 1093 2192 1156 regnum

181 1180 257 1224 rum
278 1157 498 1256 expiationem
524 1161 693 1238 peragant
737 1154 825 1218 Nam
847 1152 1014 1233 Christus,
1043 1155 1160 1219 unicus
1214 1177 1251 1220 ac
1273 1153 1456 1219 sacerdotes
1477 1154 1554 1220 16611
1576 1154 1690 1240 (11666.
1712 1154 1755 1241 1).

182 1252 233 1310 661
258 1264 336 1308 novr
362 1242 550 1307 testamenti
576 1240 723 1324 pontifex
752 1247 785 1304 et
811 1239 978 1318 sacerdos,
1006 1242 1160 1323 inquam
1299 1240 1434 1305 Habent
1454 1240 1591 1306 lectores
1609 1241 1645 1304 in
1667 1240 1895 1324 compendium
1916 1241 2050 1308 collecta
2067 1244 2191 1308 661616

181 1328 570 1395 1166616166661616616
592 1326 772 1393 sacerdotia
793 1331 826 1391 61
852 1326 888 1390 16
909 1347 972 1409 quc
995 1325 1107 1391 clausa
1127 1332 1161 1390 et
1213 1328 1339 1406 omnia,
1369 1347 1451 1408 quae
1478 1327 1555 1392 sciri
1584 1326 1624 1392 de
1652 1326 1777 1392 duobus
1804 1328 1876 1393 istis
1904 1329 2116 1394 sacramentis
2138 1351 2190 1394 16-

180 1416 365 1482 terminata.
472 1406 484 1435 ⁸
1212 1412 1298 1478 16116
1320 1411 1488 1491 16111666,
1518 1433 1656 1496 quorum
1677 1435 1770 1492 usus,
1798 1435 1818 1478 a
1845 1412 2021 1496 primordio
2043 1416 2121 1480 nori
2142 1421 2191 1481 te-

269 1500 366 1565 Etsi
392 1499 476 1564 nihil
498 1499 660 1581 scriptura
681 1497 722 1562 de
750 1506 882 1563 aeterno
904 1496 1031 1563 Christi
1052 1519 1160 1563 sacer·
1213 1499 1367 1563 stamenti
1392 1497 1435 1563 ad
1462 1500 1774 1564 consummationem
1806 1521 1908 1582 usque
1940 1500 2076 1580 saeculi,
2102 1500 2190 1566 chri-

184 1587 271 1652 16116
296 1586 512 1664 meminisset,
540 1585 617 1668 quia
647 1590 759 1648 tamen
779 1584 872 1673 Deus
905 1584 1069 1667 abrogatis
1095 1584 1160 1649 illis
1213 1586 1338 1649 stianae
1359 1584 1513 1650 ecclesiae
1535 1590 1585 1649 est
1606 1584 1757 1650 11611166
1794 1592 1833 1650 61
1848 1585 1971 1651 scilicet
1997 1586 2188 1669 baptismus,

182 1672 347 1739 ueteribus
367 1671 498 1736 nullum
523 1671 678 1749 instituit,
705 1678 818 1743 manet
843 1670 1003 1735 invictum
1024 1670 1161 1752 apostoli
1213 1669 1346 1754 quidam
1367 1671 1461 1753 quasi
1480 1671 1648 1755 ingressus
1669 1673 1705 1735 in
1725 1673 1831 1754 ipsam
1852 1678 1952 1749 esset,
1975 1679 2008 1737 et
2028 1671 2106 1737 fidei
2126 1673 2189 1737 ini·

182 1765 426 1843 argumentum:
452 1757 618 1822 neminem
639 1756 701 1821 sibi
722 1756 880 1821 honorem
900 1777 1073 1838 usurpare,
1096 1756 1161 1820 nisi
1213 1756 1304 1821 116116
1310 1780 1318 1836 ;
1347 1778 1447 1822 coena
1468 1778 1561 1836 vero,
1590 1757 1757 1822 assiduum
1778 1756 1869 1824 velut
1890 1757 2096 1837 alimentum,
2125 1780 2189 1842 quo

183 1846 238 1929 qui
261 1844 375 1909 61166
403 1849 538 1909 vocatus
564 1843 615 1907 sit.
661 1839 738 1922 Qua
764 1863 842 1926 ergo
869 1840 989 1907 fiducia
1010 1842 1159 1925 sacrilegi
1213 1840 1366 1907 Christus
1386 1842 1534 1908 fidelium
1554 1864 1687 1908 suorum
1708 1842 1866 1908 familiam
1882 1843 2095 1925 spiritualiter
2115 1866 2190 1927 pas·

182 1931 246 2010 isti,
269 1931 327 2013 qui
349 1951 383 1994 se
404 1930 528 1994 iactant
548 1927 674 1993 Christi
696 1928 874 2008 carnifices,
899 1927 1021 1992 audent
1041 1927 1172 1992 661161
1213 1930 1265 1993 611.
1317 1926 1438 2008 Quare,
1460 1935 1585 1993 utnon
1606 1929 1671 1994 nisi
1691 1952 1776 1995 unus
1798 1936 1848 1994 est
1875 1929 1982 2009 Deus,
2005 1951 2072 1994 666
2097 1929 2188 2010 fides,

183 2016 325 2084 viventis
347 2014 530 2081 sacerdotes
552 2013 737 2098 appellare?
789 2011 860 2080 Sub
886 2013 988 2078 altero
1010 2013 1161 2079 sacrificii
1212 2035 1298 2079 unus
1317 2012 1478 2094 Christus,
1502 2036 1569 2079 una
1590 2014 1734 2096 ecclesia,
1757 2016 1827 2081 eius
1849 2037 1979 2098 corpus:
2003 2015 2050 2080 116
2067 2016 2189 2098 baptis-

184 2123 313 2186 genere,
332 2100 418 2184 qnod
437 2097 640 2185 εὖχαρισηκόν
658 2098 809 2178 diximus,
829 2100 1160 2166 eontinenturcmnes
1212 2121 1286 2165 mus
1307 2120 1374 2164 non
1395 2100 1459 2164 nisi
1480 2122 1565 2165 unus
1588 2108 1646 2179 est,
1669 2123 1729 2166 nec
1752 2123 1848 2184 66666
1870 2102 2007 2166 iteratur
2025 2100 2158 2185 (116114
2180 2126 2189 2183 ;

183 2197 314 2254 6661166
335 2207 464 2270 616666,
493 2186 620 2264 166166,
644 2185 827 2269 gratiarum
848 2186 989 2251 actiones
1011 2193 1045 2250 61
1066 2184 1159 2268 quid·
1212 2207 1313 2251 coena
1339 2174 1450 2251 autem
1469 2182 1512 2285 [p.
1532 2182 1609 2272 279]
1629 2184 1766 2252 subinde
1795 2186 2014 2265 distribuitur,
2035 2191 2073 2250 ut
2094 2187 2162 2253 inte
2175 2224 2190 2237 ·

56 2330 58 2335 .
183 2274 263 2359 quid
289 2275 324 2339 in
346 2274 413 2339 Dei
439 2272 566 2338 cultum
593 2294 613 2337 a
639 2272 733 2336 nobis
759 2271 881 2355 agitur;
914 2271 1074 2354 siquidem
1099 2292 1159 2336 nos
1211 2272 1318 2355 ligant
1338 2293 1373 2337 se
1395 2271 1528 2337 Christo
1551 2270 1680 2337 assidue
1700 2274 1803 2356 pasci,
1832 2274 1888 2356 qui
1909 2273 2009 2338 semel
2031 2273 2067 2336 in
2088 2272 2190 2339 eccle

183 2367 358 2443 nostraque
384 2359 495 2423 omnia
521 2369 634 2442 opera,
669 2358 852 2423 consecrari
878 2378 916 2423 ac
944 2356 1086 2422 16116611
1111 2357 1161 2420 illi
1212 2358 1304 2422 siam·
1329 2357 1436 2423 allecti
1469 2363 1553 2424 sunt.
1605 2358 1744 2423 Praeter
1773 2358 1855 2423 haec
1888 2358 1968 2439 duo,
1996 2367 2032 2423 61
2060 2359 2189 2426 nullum

184 2446 344 2524 convenit,
367 2453 405 2510 ut
445 2443 580 2528 uidquid
600 2445 637 2509 in
658 2444 753 2508 nobis
774 2449 833 2522 661,
856 2443 979 2527 gloriae
1000 2445 1070 2508 6166
1092 2464 1160 2508 ser·
1213 2442 1303 2509 aliud
1325 2444 1433 2508 aDeo
1454 2443 1641 2510 institutum
1662 2451 1721 2524 661,
1742 2445 1790 2508 116
1811 2465 1871 2509 666
1888 2445 1992 2509 ullum
2014 2467 2191 2529 agnoscere

184 2466 542 2630 1166611166
558 2529 837 2614 magnificentiam
854 2530 963 2612 spiret.
998 2528 1091 2595 Haec
1108 2551 1161 2594 sa·
1214 2529 1310 2613 debet
1334 2528 1482 2595 fidelium
1503 2529 1657 2595 ecclesia.
1712 2531 1798 2595 Rem
1826 2531 1914 2594 enim
1940 2552 2006 2596 non
2028 2553 2098 2597 csse
2127 2532 2190 2597 hu·

183 2618 297 2685 crificii
318 2617 401 2682 ratio
422 2615 507 2681 mbil
528 2615 675 2681 6111616
696 2613 990 2698 11616166661616,
1012 2615 1096 2678 nihil
1119 2614 1161 2679 ad
1213 2617 1304 2680 mani
1325 2616 1466 2694 arbitrii,
1495 2617 1621 2700 erigere
1643 2638 1680 2682 66
1703 2622 1846 2682 statuere
1867 2637 1953 2681 nova
1975 2627 2188 2698 sacramenta,

182 2702 425 2787 impetrandam
445 2710 652 2785 peccatorum
669 2702 902 2780 remissionem,
924 2699 1009 2764 nihil
1027 2700 1070 2766 ad
1085 2722 1161 2782 pro·
1212 2701 1307 2766 facile
1339 2701 1514 2785 intelliget,
1546 2702 1602 2785 qui
1627 2702 1827 2780 meminerit,
1862 2700 1948 2784 quod
1978 2724 2077 2785 supra
2109 2704 2189 2768 satis

180 2789 374 2855 merendam
398 2788 558 2857 iustitiam
583 2789 741 2872 pertinet,
774 2787 832 2852 sed
858 2789 893 2851 in
919 2785 1161 2871 magnificando
1213 2786 1310 2869 plane
1337 2787 1536 2870 explicatum
1570 2789 1644 2852 fuit:
1679 2795 1883 2854 sacramenta
1912 2788 1948 2851 in
1980 2787 2041 2852 hoc
2068 2810 2087 2852 a
2115 2788 2188 2853 1166
2273 2799 2285 2823 ·

183 2875 345 2941 duntaxat
367 2882 400 2939 61
419 2873 593 2939 exaltando
610 2874 682 2938 Dec
704 2879 862 2939 versatur.
907 2872 980 2937 1616
1001 2873 1073 2937 fieri
1094 2893 1161 2937 non
1213 2873 1318 2955 posita
1340 2895 1425 2953 6666,
1454 2879 1492 2939 61
1513 2873 1553 2938 16
1575 2874 1684 2958 aliqua
1710 2895 1770 2939 sua
1796 2874 2009 2957 promissione
2029 2896 2089 2939 666
2111 2873 2187 2939 616-

181 2969 304 3045 661661,
325 2961 391 3026 6161
412 2961 453 3026 ab
473 2961 530 3039 iis,
556 2960 613 3043 qui
638 2961 706 3024 iam
727 2967 859 3041 accepta
880 2965 1088 3041 peccatorum
1109 2980 1160 3023 re.-
1214 2965 1309 3024 ceant
1341 2966 1375 3023 61
1406 2959 1526 3025 bonam
1554 2981 1648 3025 66661
1673 2981 1752 3044 erga
1778 2981 1838 3025 uos
1864 2959 2067 3025 voluntatem
2093 2959 2188 3026 nobis

181 3048 351 3126 missione,
384 3046 456 3110 Deo
485 3045 685 3112 reconciliati
712 3052 746 3110 et
768 3045 941 3110 iustificati
968 3051 1054 3109 sunt.
1098 3045 1162 3110 Est
1214 3045 1442 3125 testificentur3
1476 3045 1532 3128 qui
1564 3053 1733 3128 praeterea
1760 3048 1894 3130 cogitet,
1932 3046 2060 3110 nullum
2087 3046 2187 3112 fuisse

182 3141 294 3200 autem
315 3131 395 3197 adeo
417 3131 571 3198 ecclesiae
598 3131 833 3211 necessarium,
862 3137 901 3194 ut
922 3130 1034 3197 abesse
1057 3132 1098 3196 ab
1121 3152 1161 3196 ea
1212 3131 1285 3196 Deo
1304 3130 1538 3210 consiliarium,
1566 3133 1623 3215 qui
1643 3132 1737 3196 nobis
1765 3139 1891 3197 certum
1912 3132 2033 3216 aliquid
2055 3131 2096 3198 de
2117 3133 2188 3199 eius

180 3240 250 3284 non
270 3219 380 3301 666611
424 3218 540 3301 Itaque
562 3224 732 3292 aeternum
752 3218 901 3282 11161616
922 3225 980 3296 661,
1003 3216 1160 3300 quamdiu
1212 3216 1380 3282 voluntate
1406 3217 1564 3300 spondere
1591 3219 1707 3300 possit,
1741 3225 1799 3283 aut
1819 3219 1972 3284 66116166
1994 3239 2187 3301 securosque

181 3305 283 3370 stabit
303 3326 345 3388 po
367 3304 443 3369 ulus
456 3304 536 3384 Dei;
558 3301 831 3386 quemadmodum
852 3310 885 3367 et
906 3301 994 3386 apud
1010 3303 1158 3385 Prophe-
1211 3302 1356 3382 reddere,
1379 3324 1442 3386 quo
1465 3303 1508 3369 sit
1527 3303 1571 3387 in¹
1584 3324 1644 3370 nos
1666 3303 1795 3383 affectu,
1838 3303 2006 3382 6111616,
2029 3304 2106 3386 quid
2127 3325 2186 3369 ne-

181 3398 251 3455 tam
272 3326 422 3475 (11611)
449 3390 698 3472 scriptumest:
735 3389 890 3471 quoniam
918 3390 958 3454 ab
985 3395 1060 3453 6116
1082 3388 1159 3455 solis
1212 3410 1291 3473 gare
1312 3388 1392 3455 velit
1413 3389 1490 3474 (Ies.
1510 3393 1560 3454 40.
1583 3390 1678 3455 Rom.
1700 3389 1765 3474 11).
1817 3326 1925 3455 bimur
1945 3410 2185 3471 6616666666-

179 3499 282 3560 usque
316 3476 359 3541 61
385 3497 550 3554 occasum,
580 3496 738 3559 magnum
766 3481 816 3539 est
843 3495 964 3539 nomen
991 3496 1101 3540 meum
1123 3476 1160 3539 in
1212 3476 1370 3554 stihritur,
1404 3476 1569 3540 neminem
1596 3477 1728 3560 signum
1754 3496 1933 3558 proponere
1959 3496 2070 3557 posse,
2103 3474 2189 3558 quod

182 3563 345 3647 gentibus,
369 3563 459 3626 6116
479 3561 569 3625 61661
591 3561 661 3625 loco
682 3561 853 3626 incensum
874 3560 1012 3624 offertur
1033 3562 1160 3625 nomini
1212 3562 1281 3626 cius
1303 3561 1481 3628 voluntatis
1502 3569 1536 3627 et
1556 3562 1778 3645 promissionis
1806 3561 1943 3628 alicuius
1965 3560 2189 3626 testimonium

179 3670 263 3728 meo,
299 3655 396 3732 atque
429 3646 548 3712 oblatio
580 3645 721 3727 munda;
756 3646 910 3729 quoniam
937 3646 1082 3711 terribile
1109 3655 1160 3712 est
1211 3648 1358 3712 16161616
1386 3649 1442 3728 611;
1470 3647 1558 3713 solus
1584 3648 1654 3731 ipse
1676 3655 1740 3727 est,
1768 3648 1839 3731 qui,
1863 3645 2067 3731 6161161616,
2091 3647 2188 3712 dese

179 3755 301 3800 nomen
327 3755 439 3799 meum
459 3733 681 3818 ingentibus,
704 3729 783 3799 dicit
801 3732 972 3797 Dominus.
1016 3732 1160 3798 ’1661661
1212 3731 1299 3816 6661
1320 3755 1380 3798 666
1401 3734 1515 3798 testari
1535 3740 1650 3816 potest
1684 3734 1804 3803 Dicam
1825 3733 1957 3800 brevius
1979 3739 2012 3797 et
2032 3733 2115 3797 16116
2132 3755 2189 3798 ru·

68 3893 71 3897 ,
156 3821 273 3886 abest
293 3827 332 3885 ut
352 3820 611 3886 submoveamus.
646 3817 703 3884 Sic
723 3818 850 3883 Paulus
871 3818 961 3883 iubet
978 3818 1088 3905 (Rom
1105 3818 1159 3903 12)
1212 3817 1293 3897 diua,
1317 3818 1375 3884 sed
1397 3820 1548 3902 apertius.
1594 3817 1846 3886 Sacramentum
1876 3820 1946 3884 sine
1973 3819 2088 3883 6616116
2113 3840 2189 3901 pro-

178 3927 241 3971 nos
262 3906 380 3971 offerre
402 3925 538 3987 corpora
558 3911 684 3985 nostra,
705 3904 847 3969 hostiam
867 3905 1042 3984 virentem,
1065 3927 1159 3971 sanc·
1211 3905 1364 3970 missione
1386 3926 1457 3970 6666
1484 3927 1653 3988 nunquam
1678 3913 1791 3988 potest.
1837 3904 1962 3971 Omnes
1984 3905 2132 3971 homines
2153 3906 2189 3972 in

178 4001 258 4071 tam,
282 3998 449 4075 acceptam
469 3991 551 4070 Deo,
577 3990 769 4055 rationalem
784 3990 924 4056 cultum.
970 3989 1027 4057 Sic
1049 3990 1159 4057 David
1211 4013 1314 4056 unum
1336 3991 1434 4056 simul
1456 3992 1567 4069 coacti,
1589 3990 1673 4056 nihil
1695 4013 1714 4056 6
1736 4014 1771 4057 66
1793 3992 1886 4056 nobis
1907 3991 2054 4074 polliceri
2076 3991 2116 4056 de
2137 4014 2188 4056 sa·

179 4078 309 4144 dicebat
330 4077 432 4164 (Psal.
456 4076 547 4161 141),
577 4077 756 4142 6161166616
778 4098 872 4141 suam
893 4098 1104 4142 ascensuram
1123 4079 1158 4141 in
1210 4076 1279 4142 1616
1299 4083 1411 4144 666116
1437 4083 1589 4160 6666661;
1620 4099 1698 4162 ergo
1726 4099 1786 4143 nee
1815 4099 1835 4142 6
1862 4099 1897 4142 66
1924 4077 2020 4142 61616
2042 4088 2099 4143 661
2126 4077 2188 4143 eri·

176 4169 389 4247 conspectum
409 4163 484 4242 Dei,
506 4162 599 4229 velut
617 4163 788 4228 incensum
795 4187 804 4242 ;
826 4164 873 4229 sic
895 4175 928 4227 et
946 4162 1023 4228 alibi
1040 4164 1158 4229 oratio·
1211 4184 1289 4247 gere
1317 4172 1566 4229 sacramentum.
1616 4163 1680 4229 His
1708 4185 1786 4247 ergo
1813 4163 1939 4244 duobus
1966 4170 2118 4229 contenta
2145 4163 2188 4227 sit

177 4272 238 4316 nes
256 4257 444 4315 sanctorum
464 4249 780 4315 vocanturincensa
797 4247 844 4335 (A
906 4300 912 4314 .
933 4254 951 4311 5
969 4301 977 4329 ,
996 4256 1030 4313 61
1048 4270 1158 4332 apro·
1211 4249 1390 4315 christiana
1417 4250 1566 4330 ecclesia,
1595 4271 1655 4315 nec
1677 4249 1773 4315 mode
1794 4248 1922 4313 nullum
1945 4249 2033 4318 aliud
2056 4249 2188 4313 tertium

176 4337 280 4421 phata
301 4335 396 4422 (Hos.
422 4334 491 4421 14),
521 4335 617 4400 vituli
636 4334 807 4400 labiorum
844 4270 904 4401 110
934 4335 940 4348 ’
967 4341 1079 4400 666161
1101 4335 1158 4400 61-
1211 4335 1254 4401 61
1275 4357 1430 4419 praesens
1452 4335 1611 4415 admittat,
1638 4333 1851 4422 [p.aao]aut
1873 4344 2043 4419 agnoscat,
2067 4332 2188 4398 sedne

178 4421 315 4488 modum
344 4421 472 4488 locutus
503 4428 554 4486 661
581 4421 725 4500 Ρ66166,·
756 4442 831 4487 6616
863 4422 992 4488 vocarit
1024 4420 1156 4487 cultum.
1211 4429 1344 4505 appetat
1370 4422 1516 4505 quidem,
1547 4431 1604 4487 aut
1625 4429 1789 4504 expectet,
1813 4421 1855 4486 ad
1877 4420 2188 4487 consummationem

178 4507 352 4575 1616116111
371 4509 460 4573 enim
482 4507 685 4590 spiritualem
706 4506 832 4572 colendi
849 4508 914 4573 Dei
931 4509 1040 4586 ritum,
1062 4529 1159 4591 quem
1210 4528 1312 4590 usque
1341 4507 1469 4573 saeculi.
1519 4508 1607 4573 Nam
1633 4508 1728 4592 quod·
1747 4508 1876 4573 diversa
1904 4507 2026 4588 aliquot
2045 4503 2186 4584 Iudaeis,

181 4592 368 4662 carnalibus
393 4593 476 4677 legis
492 4594 664 4659 'mosaicae
687 4593 854 4659 sacrificiis
880 4594 977 4659 tacite
999 4615 1018 4658 ο
1041 4594 1156 4677 posuit.
1210 4615 1269 4676 pro
1295 4595 1390 4659 varia
1417 4601 1601 4677 temporum
1626 4595 1850 4673 inclinatione,
1885 4600 2015 4676 praeter
2044 4612 2103 4655 sua
2129 4590 2189 4656 illa

177 4681 289 4746 Huius
316 4681 446 4764 generis
474 4680 631 4746 sacrificio
659 4701 771 4746 carere
796 4700 863 4743 non
890 4615 1156 4766 6666116178]
1202 4679 1376 4766 ‚ordinaria
1397 4679 1569 4746 16166661
1590 4678 1746 4760 (6116611,
1766 4677 2185 4762 aquaepetraprofluens,

179 4787 281 4833 66666
302 4766 453 4845 Domini,
484 4767 520 4830 in
542 4787 607 4849 qun
628 4765 707 4831 dum
728 4766 798 4830 eius
819 4774 958 4830 mortem
980 4767 1158 4832 annuncia-
1211 4786 1344 4848 serpens
1356 4787 1484 4845 aeneus,
1506 4773 1539 4831 et
1549 4765 1682 4851 similia)
1706 4765 1879 4851 (Ε16114
1897 4767 1991 4828 6117.
2018 4760 2185 4827 106610.

179 4874 254 4918 mus
283 4858 316 4916 61
343 4852 526 4936 gratiarum
554 4853 714 4917 actionem
741 4850 929 4931 referimus,
957 4851 1040 4916 nihil
1069 4851 1159 4917 aliud
1210 4851 1308 4917 Num.
1328 4856 1378 4917 21.
1400 4853 1491 4918 1666
1512 4851 1561 4937 3),
1584 4852 1646 4917 hac
1668 4873 1746 4918 vero
1767 4850 1947 4917 6611611666
1968 4847 2187 4913 admoneban-

179 4961 278 5023 quam
306 4938 473 5004 offerimus
500 4939 696 5005 6661116166
721 4936 837 5003 laudis.
888 4939 942 5003 Ab
970 4937 1032 5004 hoc
1058 4939 1158 5003 sacri·
1210 4944 1273 5017 tur,
1296 4938 1478 5005 natalibus
1498 4938 1614 5023 figruis
1628 4939 1824 5015 insisterent,
1848 4939 2195 5028 666161661616666-ι

179 5024 299 5091 ficandi
337 5046 490 5104 munere,
535 5024 646 5108 regale
680 5022 896 5089 sacerdotium
930 5045 1158 5106 nuncupamur
1210 5039 1285 5089 rum
1305 5025 1421 5090 firmus
1442 5030 1543 5104 esset,
1571 5023 1629 5089 sed
1649 5022 1766 5088 melius
1794 5021 1915 5104 aliquid
1937 5042 1957 5085 a
1977 5021 2049 5086 Deo
2071 5040 2188 5102 expec-

181 5132 294 5176 omnes
317 5108 507 5189 Christiani,
530 5109 616 5194 quod
638 5131 697 5193 661
719 5108 890 5174 Christum
911 5109 1077 5175 offerimus
1099 5110 1158 5174 hc-
1210 5115 1327 5190 tarent,
1346 5110 1432 5194 quod
1452 5110 1544 5176 nullo
1564 5110 1708 5188 interitu,
1731 5108 1883 5191 nulloque
1904 5109 1970 5173 fine
1991 5112 2159 5189 perstaret

179 5198 278 5262 stiam
309 5193 417 5261 laudis
444 5196 533 5275 Deo,
567 5196 710 5262 fructum
741 5194 901 5260 labiorum
935 5197 1159 5261 confitentium
1296 5196 1390 5261 Alias
1411 5196 1509 5281 longo
1529 5196 1613 5260 ratio
1634 5196 1697 5260 nob
1720 5200 1784 5274 est,
1807 5193 1924 5278 quibus
1947 5192 2111 5258 revelatus
2133 5201 2184 5259 661

181 5282 307 5347 nomini
334 5281 404 5375 eius
434 5280 467 5367 (1
495 5281 585 5347 Patr.
613 5284 642 5346 2.
686 5281 788 5348 Hebr.
815 5281 878 5366 13).
928 5280 1043 5366 Neque
1070 5282 1160 5348 enim
1211 5282 1380 5349 Christw
1402 5282 1523 5367 inquo
1545 5281 1692 5348 thesauri
1708 5301 1821 5347 omnes
1838 5280 1993 5347 scientiae
2009 5286 2043 5346 61
2059 5279 2187 5363 sapien·
