4732 6030
225 346 290 410 ’867

227 533 313 600 nihil
335 533 488 597 habuisse
504 531 539 595 in
562 552 597 596 se
618 531 698 614 ipsis
715 530 892 613 significat,
915 551 974 595 our
995 529 1204 613 eligerentur,

228 621 294 686 nisi
316 640 375 683 sua
396 617 619 682 misericordia
641 617 876 681 antevertisset.
918 614 1087 696 Quomodo
1110 622 1144 679 et
1163 616 1203 679 il·

227 704 285 770 lud
313 703 412 768 Pauli
439 702 704 786 intelligendum:
737 703 808 784 quis
839 703 929 784 prior
958 701 1048 765 dedit
1074 701 1137 779 illi,
1171 709 1204 766 et

227 789 474 855 retributionem
513 789 649 870 accipiet
681 786 790 871 (Rom.
818 792 873 866 ll,
900 786 978 873 35)?
1033 785 1203 868 Siquidem

227 874 399 941 ostendere
421 875 507 952 vult,
535 875 582 939 sic
602 875 667 939 Dei
689 873 866 937 bonitatem
883 873 1043 941 ,homines
1068 894 1203 954 praeve-

227 962 307 1038 nire,
330 967 369 1024 ut
389 960 473 1024 nihil
495 960 582 1043 apud
604 961 691 1043 ipsos
712 981 783 1024 nec·
798 960 1011 1042 praeteritum
1032 980 1093 1024 nec
1114 959 1203 1022 futu-

228 1068 302 1112 rum
324 1047 476 1128 reperiat,
500 1067 563 1128 quo
584 1047 663 1127 ipsis
685 1046 883 1110 concilietur.

315 1135 344 1195 8.
389 1132 462 1196 Iam
484 1131 727 1208 adRomanos,
756 1132 811 1196 ubi
834 1136 1066 1214 argumentum
1087 1130 1149 1194 hoc
1172 1138 1204 1195 et

227 1219 347 1300 repetit
373 1217 469 1281 altius
502 1223 536 1281 et
562 1218 666 1282 frisius
698 1218 919 1300 prosequitur,
959 1216 1019 1280 sub
1055 1217 1203 1298 exemplo

228 1304 327 1369 Iacob
348 1311 382 1368 et
402 1304 502 1380 Esau,
525 1302 700 1368 electorum
722 1302 819 1367 simul
841 1311 874 1366 et
894 1303 1104 1383 reproborum
1127 1324 1203 1368 con·

230 1389 386 1454 ditionem
413 1390 459 1453 sic
487 1396 607 1454 tractat
635 1389 744 1465 (Rom.
765 1392 799 1466 9,
828 1388 895 1470 ll):
930 1408 1030 1469 quum
1057 1387 1204 1453 nondum

229 1476 300 1539 nati
324 1481 444 1552 essent,
472 1496 533 1540 nec
562 1473 729 1557 quidpiam
757 1475 833 1539 boni
855 1488 912 1538 aut
937 1473 1016 1536 mali
1041 1474 1202 1552 fecissent,

229 1567 267 1625 ut
295 1560 473 1626 secundum
506 1561 696 1625 electionem
729 1560 929 1642 propositum
957 1559 1021 1622 Dei
1047 1568 1202 1638 maneret,

229 1667 296 1710 non
318 1647 539 1728 exoperibus,
562 1645 619 1710 sed
639 1667 681 1710 ex
702 1655 848 1724 vocante,
866 1645 987 1710 dictum
1007 1653 1070 1710 est:
1099 1647 1203 1710 maior

229 1733 351 1796 serviet
381 1733 516 1809 minori;
555 1733 639 1796 sicut
669 1733 825 1813 scriptum
859 1740 922 1795 est:
961 1731 1060 1796 Iacob
1093 1730 1201 1809 dilexi,

228 1818 320 1883 Esau
341 1824 452 1881 autem
473 1817 546 1881 odio
567 1817 675 1881 habui.
721 1815 889 1897 Quidnam
918 1816 959 1881 ad
988 1817 1068 1882 haec
1090 1818 1203 1881 obscu-

230 1902 334 1968 randa
354 1911 560 1985 praetexant,
588 1904 645 1984 qui
666 1903 830 1985 operibus,
858 1902 912 1966 vel
938 1903 1123 1983 praeteritis
1151 1902 1203 1968 vel

229 1989 357 2066 futuris,
380 1988 488 2053 locum
509 1988 649 2070 aliquem
670 1991 704 2052 in
722 1989 878 2052 electione
896 1988 1085 2072 assignant?
1130 1988 1204 2054 Hoc

231 2075 320 2138 enim
342 2081 392 2138 est
418 2094 552 2155 prorsus
573 2074 704 2139 cludere
729 2074 814 2156 quod
842 2074 1009 2139 contendit
1030 2075 1202 2156 apostolus,

230 2180 298 2223 non
326 2180 368 2222 ex
393 2158 502 2241 aliqua
535 2180 669 2241 operum
697 2161 836 2237 ratione,
869 2159 925 2225 sed
954 2181 995 2224 ex
1023 2181 1114 2224 mera
1140 2160 1204 2224 Dei

231 2245 399 2310 vocatione
436 2244 578 2327 pondere
609 2246 747 2309 fratrum
781 2245 971 2322 discrimen,
1010 2247 1087 2328 quia
1118 2246 1205 2309 inter

231 2329 377 2394 nondum
398 2338 493 2395 natos
514 2332 724 2396 coustitutum
746 2332 852 2396 fuerit.
897 2331 1011 2413 Neque
1033 2353 1111 2396 vero
1129 2352 1204 2395 eum

230 2414 381 2480 latuisset
400 2417 537 2480 istorum
564 2418 707 2500 argutia,
738 2418 766 2482 si
794 2416 872 2500 quid
899 2416 994 2481 solidi
1022 2417 1203 2496 habuisset3

216 2500 289 2565 ‘sed
310 2502 386 2583 quia
407 2503 526 2584 optime
553 2512 690 2567 noverat
715 2503 752 2566 in
781 2502 915 2576 homine
940 2503 1049 2567 Deum
1075 2503 1204 2584 praevi-

230 2585 307 2650 dere
324 2586 405 2650 nihil
424 2588 499 2652 boni
517 2608 619 2669 posse,
643 2589 707 2653 nisi
725 2588 810 2670 quod
827 2588 992 2653 electionis
1009 2608 1087 2653 suae
1106 2589 1204 2652 bene-

229 2672 302 2737 ficio
330 2673 396 2737 iam
422 2674 513 2755 prius
549 2673 662 2757 largiri
697 2675 861 2739 statuerit:
894 2694 961 2736 non
989 2674 1134 2756 confugit
1162 2674 1204 2738 ad

253 2767 474 2839 raeposterum
495 2758 589 2822 illum
612 2759 774 2838 ordinem,
801 2769 839 2824 ut
861 2780 959 2841 opera
980 2759 1066 2823 bona
1088 2781 1204 2824 causae

228 2778 306 2909 duae
328 2846 500 2927 praeferat.
544 2845 714 2910 Habemus
735 2866 777 2909 ex
798 2846 908 2910 verbis
925 2844 1075 2927 apostoli,
1105 2846 1204 2917 solius

228 2927 358 2994 divinae
391 2930 556 2994 electionis
588 2932 722 2994 arbitrio
753 2931 922 2995 fundatam
956 2952 1026 2995 esse
1058 2931 1203 2995 fidelium

229 3015 382 3092 salutem,
411 3012 516 3097 heque
540 3016 634 3079 illum
665 3017 810 3082 favorem
843 3016 994 3098 operibus
1028 3018 1202 3093 conciliari,

228 3100 287 3164 sed
314 3121 356 3164 ex
383 3103 527 3183 gratuita
553 3102 721 3166 vocatione
749 3103 929 3184 provenire.
973 3103 1144 3168 Habemus
1172 3113 1205 3167 ot

228 3187 298 3249 eius
320 3187 367 3249 rei
388 3187 587 3269 propositam
608 3189 700 3268 quasi
722 3188 928 3272 hypothesin.
972 3188 1108 3254 Fratres
1126 3197 1204 3253 suut

226 3271 318 3336 Esau
339 3279 373 3336 et
395 3272 502 3350 Iacob,
525 3273 640 3338 iisdem
664 3275 765 3356 geniti
786 3275 985 3357 parentibus,
1010 3275 1122 3339 eodem
1146 3275 1203 3339 ad·

228 3355 292 3422 huc
315 3370 407 3422 utero
430 3359 581 3438 conclusi,
605 3359 752 3423 nondum
773 3360 851 3424 editi
868 3361 903 3423 in
920 3360 1035 3426 lucem.
1080 3361 1121 3424 Iu
1138 3361 1203 3425 illis

228 3444 337 3507 omnia
358 3445 460 3526 paria,
484 3443 649 3511 divorsum
672 3454 782 3509 tamon
805 3445 845 3510 de
867 3445 931 3510 illis
951 3447 1016 3511 Dei
1036 3446 1201 3511 iudicium.

227 3528 380 3593 Alterum
413 3531 502 3594 enim
535 3532 685 3607 assumit,
720 3531 859 3595 alterum
888 3532 1005 3611 roiioit;
1038 3533 1106 3598 sola
1132 3540 1203 3596 erat

227 3615 493 3698 primogenitura,
517 3618 610 3682 cuius
631 3618 701 3680 iure
723 3617 806 3681 alter
828 3618 967 3682 alterum
984 3618 1200 3700 praecederet.

227 3700 343 3780 Atqui,
371 3700 429 3765 illa
450 3723 576 3784 quoque
595 3704 786 3784 praeterita,
808 3704 926 3767 iuniori
952 3703 1096 3769 defertur
1117 3705 1202 3787 quod

227 3795 368 3867 negatur
390 3788 513 3851 maiori.
559 3789 631 3853 Imo
651 3790 687 3852 in
710 3788 782 3854 aliis
799 3810 925 3872 quoquo
942 3789 1103 3854 destinato
1125 3811 1201 3855 con-

228 3869 299 3934 silio
331 3872 621 3956 primogenituram
654 3874 783 3939 iidetur
812 3896 940 3958 semper
970 3877 1202 3958 contempsisse

227 3955 400 4034 Dominus,
423 3969 461 4022 ut
477 3979 608 4023 omnem
627 3959 787 4043 gloriandi
804 3963 975 4025 materiam
996 3963 1086 4026 carni
1106 3983 1201 4044 prac-

798 339 1065 408 INSTITU'PIO
1085 341 1190 407 RDL.
1214 339 1394 408 OHRISOE
1423 343 1655 406 icae—1⁵54.

2165 341 2231 404 868

1853 440 2231 529 [salamancam.

1252 529 1305 593 -illi
1326 530 1619 614 primogenituram
1639 528 1681 593 ad
1697 529 1846 603 futurum
1866 528 2032 593 saeculum
2048 528 2230 608 referimus,

1256 617 1363 680 inanis
1394 616 1494 681 fuerit
1520 623 1554 679 et
1586 614 1724 680 ridicula
1755 613 1988 679 benedictionis
2016 617 2152 697 species,
2187 641 2230 684 ex

1256 711 1321 784 qua
1352 701 1436 765 nihil
1468 702 1498 766 ei
1531 701 1713 778 accesserit,
1747 708 1877 783 praeter
1907 722 2069 766 summam
2096 704 2230 769 calami-

1256 793 1366 851 tatem.
1411 786 1522 868 Quum
1555 800 1652 870 ergo'
1671 788 1753 851 citra
1784 787 2018 851 dubitationem
2049 789 2230 856 Dominum

1256 880 1392 937 externa
1404 871 1429 957 ¹)
1456 872 1679 938 benedictione
1706 873 1915 936 testificatum
1942 882 2102 951 cerneret,
2131 897 2230 957 quam

1255 959 1291 1022 in
1325 980 1426 1041 regno
1460 980 1517 1024 suo
1554 957 1811 1023 benedictionem
1839 979 1932 1023 servo
1955 981 2013 1023 suo
2045 969 2228 1042 paraverat,

1255 1066 1323 1108 non
1344 1044 1519 1121 dubitavit,
1542 1043 1584 1108 ad
1606 1044 1691 1109 hanc
1714 1044 1999 1124 comprobandam,
2028 1066 2069 1108 ex
2091 1046 2149 1112 illa
2171 1069 2229 1131 pe-

1255 1137 1325 1194 tere
1347 1138 1584 1213 argumentum.
1629 1130 1773 1212 Eligitur
1792 1151 1869 1212 ergo
1896 1129 1999 1206 Iacob,
2009 1132 2038 1213 ²)
2065 1132 2153 1197 Esau
2175 1157 2229 1199 re·

1255 1216 1405 1298 pudiato,
1427 1223 1459 1279 ot
1478 1217 1542 1280 Dei
1569 1215 1863 1296 praedestinatione
1886 1215 2095 1296 discernitur,
2124 1240 2229 1302 aquo

1256 1302 1356 1382 nullis
1377 1302 1502 1365 meritis
1525 1300 1702 1365 differebat.
1749 1301 1891 1366 Causam
1913 1303 1941 1366 si
1964 1323 2114 1384 quaeres,
2142 1305 2229 1372 hano

1255 1386 1365 1451 reddit
1393 1387 1571 1469 apostolus:
1609 1387 1685 1469 quia
1712 1388 1797 1452 Mosi
1824 1387 1947 1453 dictum
1969 1389 2025 1464 sit,
2052 1392 2230 1457 miserebor

1256 1474 1348 1538 cuius
1380 1473 1571 1551 miserebor,
1605 1479 1639 1536 et
1670 1473 1877 1537 miseratione
1911 1473 2084 1556 dignabor,
2117 1498 2230 1558 quem·

1255 1580 1383 1641 cunque
1404 1559 1611 1623 miseratione
1633 1557 1799 1640 dignabor.
1843 1559 1889 1622 Et
1907 1559 1986 1642 quid
2007 1561 2077 1639 hoc,
2100 1583 2229 1644 quaeso,

1255 1645 1316 1708 sibi
1343 1643 1436 1708 vult?
1481 1645 1607 1726 Nempe
1634 1644 1812 1709 clarissime
1837 1646 2002 1710 Dominus
2029 1650 2229 1729 pronuntiat,

1255 1730 1381 1794 nullam
1403 1730 1589 1794 hominibus
1611 1729 1833 1795 benefaciendi
1854 1732 2014 1811 rationem
2034 1733 2068 1795 in
2089 1735 2168 1814 ipsis
2192 1757 2229 1800 se

1256 1815 1391 1895 habere3
1421 1814 1478 1879 sed
1501 1837 1520 1879 a
1541 1816 1610 1880 sola
1631 1837 1691 1880 sua
1712 1815 1933 1881 misericordia
1952 1839 2088 1882 sumere.
2132 1819 2229 1884 Ideo-

1256 1922 1318 1984 que
1340 1923 1434 1966 suum
1457 1923 1527 1966 esse
1548 1922 1636 1983 opus,
1659 1921 1793 1966 suorum
1813 1902 1960 1967 salutem.
2006 1902 2116 1983 Quum
2136 1911 2230 1970 tuam

1256 1989 1292 2051 in
1313 2009 1348 2051 se
1369 2008 1435 2051 uno
1458 1988 1597 2051 salutem
1625 1988 1716 2052 Deus
1739 1994 1874 2064 statuat,
1909 2010 1968 2053 cur
1994 1988 2035 2053 ad
2062 1996 2094 2053 te
2121 1992 2230 2073 ipsum

1257 2072 1453 2138 descendes?
1499 2072 1609 2153 Quum
1637 2093 1739 2136 unam
1764 2073 1823 2136 tibi
1851 2095 1944 2138 suam
1972 2076 2230 2142 misericordiam

1257 2160 1415 2242 assignet,
1445 2180 1503 2223 our
1530 2158 1572 2222 ad
1598 2159 1730 2241 propria
1756 2160 1873 2223 merita
1899 2159 2071 2225 decurras?
2118 2162 2230 2243 Quum

1256 2251 1348 2308 tuam
1381 2245 1610 2327 cogitationem
1647 2245 1682 2307 in
1717 2265 1777 2308 sua
1813 2246 2020 2309 miseratione
2053 2249 2228 2329 contineat,

1253 2352 1315 2396 cur
1337 2329 1378 2394 ad
1400 2350 1535 2412 operum
1557 2339 1687 2394 tuorum
1708 2331 1861 2394 intuitum
1883 2338 2010 2413 partem
2031 2334 2200 2399 reflectes?

1346 2421 1393 2480 10.
1438 2416 1486 2480 At
1506 2417 1707 2494 Ambrosius,
1727 2414 1896 2499 Origenes,
1914 2416 2138 2502 Hieronymus
2156 2442 2232 2486 cen-

1257 2510 1406 2580 suerunt,
1440 2503 1549 2566 Deum
1582 2523 1676 2566 suam
1708 2502 1848 2586 gratiam
1880 2504 1967 2567 inter
1988 2503 2135 2569 homines
2164 2506 2231 2570 dis·

1256 2608 1407 2671 pensare,
1448 2594 1544 2668 prout
1577 2610 1616 2652 ea
1642 2609 1802 2670 quemque
1829 2588 1911 2652 bene
1938 2609 2073 2654 usurum
2101 2593 2231 2672 praevi-

1257 2674 1349 2738 derit.
1395 2672 1490 2737 Adde
1512 2681 1545 2737 et
1565 2674 1787 2757 Augustinum
1808 2675 1843 2737 in
1869 2695 1909 2738 ea
1929 2675 2029 2739 fuisse
2056 2675 2231 2757 aliquando

1256 2761 1431 2825 sententia:
1454 2759 1510 2823 scd
1530 2780 1631 2841 quum
1652 2759 1769 2824 melius
1790 2760 1824 2823 in
1846 2761 2026 2842 scripturae
2047 2763 2231 2844 cognitione

1255 2846 1455 2928 profecisset,
1472 2866 1546 2909 non
1568 2847 1760 2911 retractavit
1780 2846 1890 2923 modo,
1918 2852 1956 2909 ut
1982 2847 2150 2911 evidenter
2167 2849 2230 2912 fal·

1255 2952 1335 3010 sam,
1359 2931 1416 2995 sed
1437 2931 1564 2994 fortiter
1582 2932 1769 2995 confutavit.
1782 2930 1810 3015 θ)
1854 2930 1946 3012 Quin
1963 2939 1997 2996 et
2016 2939 2090 3015 post
2106 2940 2230 3000 retrac-

1256 3018 1420 3095 tationem,
1442 3016 1638 3099 Pelagianos
1648 3017 1901 3100 praestringens,
1923 3017 2008 3099 quod
2019 3019 2053 3082 iu
2071 3040 2230 3085 coerrore

1254 3104 1483 3186 persisterent:
1504 3103 1578 3185 quis
1593 3103 1701 3181 istum,
1719 3104 1833 3185 inquit,
1851 3104 2074 3168 acutissimum
2096 3126 2231 3170 sensum

1255 3189 1398 3272 apostolo
1438 3188 1576 3252 defuisse
1614 3209 1680 3252 non
1713 3187 1872 3252 miretur?
1916 3188 2004 3253 Nam
2030 3211 2132 3272 quum
2158 3213 2231 3255 rem

1255 3274 1450 3356 stupendam
1476 3275 1696 3356 proposuisset
1723 3273 1763 3338 de
1791 3274 1856 3339 illis
1881 3274 2025 3340 nondum
2060 3277 2161 3355 natis,
2195 3284 2231 3342 et

1254 3360 1371 3425 deinde
1391 3359 1453 3424 sibi
1474 3361 1695 3441 quaestionem
1716 3361 1882 3426 obiiceret:
1905 3360 1983 3442 quid
2005 3362 2103 3445 ergo?
2131 3385 2229 3426 num-

1254 3445 1332 3529 quid
1349 3453 1399 3510 ost
1414 3446 1569 3527 iniquitas
1587 3445 1673 3527 apud
1689 3445 1820 3510 Deum?
1839 3452 1911 3510 erat
1928 3446 2026 3524 locus,
2045 3454 2083 3511 ut
2093 3469 2229 3531 respon-

1254 3531 1355 3610 deret,
1394 3533 1503 3596 Deum
1541 3530 1741 3612 praevidisse
1780 3533 1951 3615 utriusque
1990 3534 2122 3611 merita;
2161 3556 2230 3600 non

1254 3625 1364 3682 tamen
1385 3617 1446 3682 hoo
1474 3616 1551 3681 dicit
1558 3640 1566 3696 3
1595 3616 1652 3681 sed
1679 3616 1720 3681 ad
1747 3618 1811 3681 Dei
1837 3616 1957 3682 iudicia
1984 3625 2017 3682 et
2043 3619 2228 3685 misericor·

1253 3703 1340 3767 diam
1362 3703 1515 3785 confugit.
1560 3702 1606 3766 Et
1626 3702 1712 3781 alibi,
1722 3701 1751 3787 ⁴)
1773 3724 1869 3783 qaum
1895 3705 2001 3768 omnia
2021 3710 2091 3769 ante
2110 3706 2228 3770 elenae

1253 3809 1322 3853 aem
1343 3791 1455 3852 merto
1476 3788 1666 3852 sustulisset:
1694 3789 1744 3853 bic
1770 3794 1862 3868 certe,
1885 3791 1999 3870 iaqaa't,
2028 3796 2117 3854 cacat
2142 3812 2228 3856 cana

1253 3875 1380 3940 illoram
1400 3875 1605 3951 ratiocinatio,
1628 3876 1684 3955 qai
1706 3876 1949 3955 praescientiam
1975 3875 2040 3939 Dei
2061 3877 2230 3957 detendunt

1253 3966 1357 4024 contra
1376 3961 1515 4043 qratiam
1542 3958 1621 4037 Dei,
1656 3965 1683 4024 et
1714 3960 1781 4025 ideo
1807 3962 1914 4026 dicuat
1939 3981 1995 4024 aas
2019 3961 2123 4026 electos
2157 3969 2230 4028 arde

228 4041 358 4107 cideret.
403 4043 588 4126 Repudiato
608 4046 727 4110 Ismael
751 4048 899 4110 animum
927 4047 968 4111 ad
997 4048 1090 4112 Isaac
1120 4047 1200 4111 adii-
1252 4047 1363 4111 mandi
1380 4047 1630 4124 wartiaticam,
1648 4047 1725 4126 qaia
1736 4048 1909 4127 praescivit
1924 4045 2014 4111 Deras
2028 4048 2153 4128 pidaras
2169 4069 2229 4113 aaa

228 4129 285 4207 oit;
307 4131 484 4211 postposito
506 4131 660 4195 Manasse
679 4132 838 4214 Ephraim
861 4134 966 4216 magis
988 4133 1135 4197 honorat.
1253 4133 1358 4196 bonos:
1379 4152 1439 4194 aaa
1455 4132 1605 4211 seipsam
1619 4152 1675 4195 aas
1688 4133 1846 4212 facta-ram
1860 4133 1958 4197 batos,
1993 4133 2066 4196 Noa
2076 4133 2130 4197 boc
2140 4134 2227 4214 dicit,

314 4219 342 4279 9.
388 4213 484 4295 Quod
512 4217 540 4280 si
568 4218 727 4299 quispiam
756 4218 954 4300 interpollet,
984 4220 1025 4284 ab
1052 4220 1123 4283 istis
1149 4220 1201 4281 in·
1252 4219 1308 4297 qai
1317 4219 1402 4296 dicit,
1423 4237 1484 4280 aori
1494 4217 1756 4300 acsowelepratis,
1778 4220 1833 4283 ced
1850 4239 1901 4301 ego
1918 4219 1993 4301 elepi
2003 4238 2062 4282 aas.
2098 4220 2229 4284 Nomai

227 4300 397 4366 fenoribus
419 4309 453 4365 et
473 4303 607 4367 minutis
629 4304 794 4369 beneficiis
815 4326 881 4369 non
899 4304 1107 4369 statuendum
1130 4324 1200 4368 esse
1246 4308 1411 4386 propterea
1419 4322 1476 4367 aaa
1485 4302 1623 4384 elegisset
1632 4305 1709 4383 qaia
1719 4302 1810 4368 bonos
1818 4305 1942 4385 tataros
1947 4306 2166 4386 praecaverat,
2178 4308 2227 4369 si·

228 4384 268 4451 de
289 4409 418 4452 summa
439 4388 568 4452 futurae
589 4391 690 4454 vitae:
724 4397 762 4453 ut
787 4392 843 4473 qui
869 4391 904 4454 in
926 4391 1201 4473 primogeniturae
1252 4391 1317 4453 mut
1327 4391 1421 4454 aiam
1424 4389 1652 4468 praescivisset,
1664 4391 1744 4470 qaod
1755 4391 2228 4470 eramusmaeteauiaaqaae

116 4500 125 4515 ·
227 4471 384 4538 honorem
422 4486 553 4539 evectus
591 4476 703 4552 fuerit,
736 4475 807 4541 ideo
844 4487 1013 4558 reputetur
1050 4477 1086 4537 in
1119 4475 1199 4539 coeli
1252 4478 1441 4540 iaeamrem
1456 4480 1634 4555 sequantur.
1673 4474 1793 4540 Valeat
1809 4477 1987 4559 Augustini
2002 4476 2228 4540 testimonium

227 4557 462 4625 haereditatem
489 4568 656 4643 cooptatus
682 4562 774 4645 (sunt
805 4563 891 4625 enim
919 4561 1052 4643 plurimi
1079 4561 1135 4641 qui
1158 4583 1200 4625 ne
1252 4561 1338 4643 apud
1360 4582 1430 4639 eos,
1452 4561 1507 4643 qni
1524 4561 1665 4625 libenter
1681 4561 1714 4625 in
1732 4570 1864 4643 patrum
1886 4565 2058 4627 autoritate
2080 4564 2227 4644 acquies-

225 4644 331 4708 Paulo
357 4647 488 4728 quidem
515 4657 667 4728 parcant,
698 4647 789 4729 quasi
822 4646 864 4710 ad
897 4647 1039 4711 alienum
1068 4667 1200 4711 sensum
1252 4654 1339 4713 cunt
1385 4645 1452 4713 Sed
1471 4668 1547 4729 age,
1570 4647 1734 4729 fingamus
1755 4647 1864 4729 ipsum
1881 4669 1948 4712 non
1971 4649 2073 4731 loqui:
2096 4647 2137 4712 ad
2155 4669 2227 4712 rem
2289 4652 2297 4666 '

227 4731 423 4812 scripturam
451 4732 636 4811 detorserit,
668 4735 703 4796 in
737 4732 789 4795 his
815 4732 1009 4796 testimoniis
1036 4731 1198 4817 citandis),
1251 4735 1357 4816 ipsam
1387 4732 1604 4797 intendamus.
1654 4733 1808 4798 Difficilis
1840 4736 1986 4816 quaestio
2017 4741 2106 4798 mota
2138 4739 2225 4798 erat:

227 4817 415 4897 respondeo,
438 4840 499 4883 noc
515 4819 728 4901 incogitantia
743 4817 870 4900 lapsum
892 4818 991 4881 fuisse
1009 4818 1199 4899 apostolum,
1251 4842 1331 4884 num
1363 4820 1447 4883 iuste
1461 4828 1467 4834 “
1480 4820 1601 4883 faceret
1627 4818 1733 4896 Deus,
1766 4820 1821 4901 qui
1854 4827 1959 4885 certos
1993 4820 2141 4884 homines
2167 4841 2228 4883 sua

98 4989 102 5002 ι
183 4925 184 4928 ’
226 4923 287 4966 neo
325 4905 505 4985 scripturae
539 4905 733 4968 testimoniis
769 4911 883 4985 sponte
920 4903 1019 4968 fuisse
1051 4904 1198 4970 abusum.
1254 4907 1360 4990 gratia
1382 4905 1587 4990 dignaretur;
1614 4924 1679 4985 qua
1697 4925 1732 4967 se
1754 4924 1820 4968 uno
1839 4907 1937 4971 verbo
1963 4906 2116 4988 expedire
2137 4906 2227 4970 Pau-

228 4985 296 5052 sed
323 4989 467 5065 videbat,
500 4989 586 5070 quod
613 4990 675 5072 ipsi
704 4988 908 5055 considerare
934 5009 999 5053 non
1027 4991 1198 5069 sustinent,

226 5072 368 5138 voluisse
406 5075 586 5139 Dominum
624 5075 825 5157 spiritualem
863 5075 961 5140 Iacob
999 5076 1198 5155 electionem,

227 5178 310 5239 ‘luae
330 5160 416 5240 aPUd
438 5161 639 5225 inaccessum
666 5164 735 5225 elus
757 5160 901 5260 tribunal
928 5161 1046 5261 alloqui
1068 5161 1198 5239 latebat>
1321 5193 1350 5260 1)
1368 5202 1480 5247 aeterna
1498 5192 1572 5246 1539.
1610 5258 1616 5265 ἦ
1642 5195 1672 5263 2)
1690 5195 1766 5248 Isaac
1785 5192 1861 5248 1539.
1931 5195 1961 5262 3)
1979 5197 2052 5250 Libr.
2072 5205 2182 5252 retract.
2202 5197 2226 5252 1.

226 5247 357 5307 terreno
389 5245 535 5330 symbolo
568 5246 741 5311 declarare.
786 5246 859 5310 Nisi
892 5268 981 5312 emm
1013 5268 1200 5313 concessam
1250 5277 1273 5316 a
1291 5262 1316 5316 9.
1348 5264 1471 5332 Epistola
1488 5263 1523 5316 ad
1541 5263 1648 5316 Sirium
1665 5263 1717 5317 105
1733 5262 1818 5333 (194).
1871 5262 2018 5332 linono.
2043 5267 2072 5319 in
2089 5269 2182 5321 locun.
2201 5266 2227 5322 8.
