4732 6030
1091 334 1196 397 XVII

143 526 516 610 amstelodamensi
547 526 725 631 alienos3
767 527 827 608 ita
857 540 925 631 ut,
958 557 1065 636 quae
1097 527 1206 609 inter
1236 528 1344 609 hano
1376 537 1420 607 et
1449 537 1638 608 nostram
1668 524 1775 606 ratio
1805 524 1974 606 intersit
2005 527 2143 634 quoad

143 665 334 775 spatirun
364 663 489 745 variis
521 692 667 746 earum
697 663 811 773 typis
843 675 1107 773 usurpatum,
1139 665 1324 746 nondum
1355 673 1626 773 perspectum
1655 662 1895 744 habeamus.

303 801 370 881 De
403 829 598 881 successu
639 801 777 910 operis
809 801 964 910 incepti
997 801 1133 909 deque
1174 802 1315 882 lavoro
1358 801 1575 882 hominum
1606 799 1645 880 ei
1676 790 1946 880 conciliando
1963 828 2046 880 101
2078 814 2165 882 est.

24 928 30 942 ’
144 937 263 1047 quod
294 937 553 1041 dubitemus,
593 937 716 1018 modo
755 916 923 1018 nostrae
961 938 1148 1048 ipsorum
1178 939 1288 1018 vires
1327 948 1446 1019 tanto
1477 937 1645 1018 conatui
1681 936 1796 1017 haud
1833 915 2014 1046 impares
2048 937 2142 1018 sint.

144 1073 321 1157 Scilicet
357 1073 438 1153 iarn
469 1054 912 1155 Melanthoniauorum
948 1075 1076 1155 editio
1115 1075 1402 1157 felicissimum
1439 1074 1703 1182 maximeque
1734 1073 1964 1183 optabilem
1995 1074 2145 1155 sortita

144 1223 216 1292 cst
246 1211 430 1314 exitum3
463 1226 508 1291 at
538 1210 673 1291 multo
704 1210 832 1292 latius
863 1222 984 1321 patet
1014 1223 1059 1292 et
1089 1211 1281 1293 clarescit
1312 1211 1475 1293 Oalvini
1505 1239 1657 1292 nomen
1687 1209 1761 1291 illo
1784 1211 2052 1318 quantumvis
2079 1210 2142 1314 in-⁴

145 1348 264 1429 eluto
300 1347 600 1428 Melanthonis.
669 1346 866 1428 Pertinet
904 1347 1037 1453 enim,
1077 1361 1279 1457 tanquam
1318 1348 1459 1430 eximii
1490 1347 1671 1428 doctoris
1702 1347 1815 1456 apud
1846 1346 2041 1428 ecclesias
2074 1376 2141 1428 re-

143 1485 351 1566 formatae
390 1483 595 1565 formulae
634 1484 821 1567 addictas
861 1514 1024 1566 summa
1062 1486 1289 1567 autoritate
1321 1484 1519 1589 cluentis,
1557 1483 1610 1564 ad
1649 1483 1806 1564 multos
1838 1483 2016 1593 populos
2049 1513 2141 1565 eos-

144 1622 328 1730 demque
366 1632 663 1731 praepotentes
701 1632 745 1701 et
783 1620 975 1702 omnibus
1007 1622 1281 1704 humanitatis
1313 1622 1474 1704 artibus
1506 1620 1721 1725 excultos,
1753 1619 2007 1725 GermanOS,
2039 1619 2141 1701 Bel-

141 1788 240 1868 gas,
270 1758 506 1863 Helvetios,
537 1757 721 1867 Anglos,
753 1757 915 1864 Scotos,
948 1757 1110 1864 Gallos,
1141 1759 1339 1863 Polonos,
1378 1759 1629 1868 Hungaros3
1671 1756 1909 1839 celebratur
1941 1786 2068 1866 super
2099 1774 2144 1837 et

144 1889 430 1977 Garamantas
468 1907 512 1976 et
545 1895 673 1976 ludos
701 1924 835 2002 usque
868 1895 920 1976 ad
959 1907 1169 1977 extremos
1196 1896 1300 1976 fines
1329 1894 1505 1999 Oceani,
1542 1908 1586 1976 et
1612 1907 1728 1974 trans
1755 1893 2034 1999 Atlantidem,
2073 1923 2143 1975 ae·

144 2062 231 2142 que
259 2063 305 2114 ac
332 2032 375 2112 in
401 2032 479 2113 hac
506 2046 649 2113 vetere
672 2043 817 2113 nostra
840 2031 1025 2142 Europa,
1053 2032 1121 2141 pie
1144 2032 1339 2140 laeteque
1363 2032 1452 2113 eius
1481 2031 1682 2114 memoria
1703 2031 1865 2112 colitur.
1909 2031 1971 2112 llt
1998 2031 2144 2139 quidni

144 2170 278 2251 etiam
303 2168 484 2250 liutheri
512 2168 716 2274 adseclae,
742 2168 801 2278 pii
828 2167 983 2250 eruditi
1011 2197 1144 2277 aequo
1172 2197 1356 2278 sanoque
1383 2168 1534 2249 iudicio
1567 2168 1759 2278 praediti,
1787 2170 1971 2249 fraterno
2004 2168 2143 2250 studio

145 2306 363 2388 laboribus
390 2306 544 2387 nostris
571 2307 792 2387 faverent?
852 2303 1012 2409 Quidni
1039 2305 1107 2387 vel
1141 2305 1252 2386 inter
1277 2335 1544 2388 romanenses
1571 2305 1795 2414 theologos
1822 2305 1959 2410 multi,
1995 2334 2143 2415 quam-

144 2444 212 2523 vis
238 2443 322 2525 alia
348 2443 471 2552 signa
497 2454 735 2552 0011101100,
771 2442 979 2551 siquidem
1004 2441 1089 2524 illis
1117 2442 1314 2524 scientiae
1342 2471 1459 2525 sacra
1484 2442 1682 2524 maiestas
1709 2470 1811 2552 prae
1839 2442 2167 2524 controversia·-

144 2611 245 2662 rum
277 2580 350 2660 iris
383 2579 505 2662 unice
538 2579 772 2690 placuerit?
834 2578 881 2661 Si
915 2579 987 2687 qui
1022 2578 1093 2659 alii
1129 2580 1306 2684 fuerint,
1344 2581 1430 2661 sive
1458 2579 1501 2660 11
1534 2578 1686 2660 borum
1719 2579 1865 2660 castris
1898 2578 2143 2684 militantes,

144 2718 236 2799 0110
265 2716 393 2798 otiam
418 2726 562 2798 nostro
588 2716 746 2798 nomini
772 2716 983 2826 adscripti,
1016 2716 1216 2797 fanaticos
1244 2729 1288 2797 et
1314 2718 1556 2799 obcaecatos
1584 2715 1669 2797 odii
1702 2714 1931 2825 theologici
1957 2717 2143 2796 fautores

146 2853 381 2957 innuimus,
425 2853 499 2961 qui
532 2883 628 2934 cum
660 2853 890 2935 calviniano
924 2853 1092 2934 homine
1119 2853 1188 2934 vel
1213 2882 1359 2963 preces
1387 2853 1440 2935 ad
1466 2853 1608 2934 Deum
1632 2853 1808 2933 fundere
1841 2852 2037 2961 religioni
2065 2853 2143 2933 du-

147 3002 259 3095 cant,
290 3019 437 3072 eorum
462 2990 623 3072 calculo
649 2990 770 3071 facile
798 2991 1041 3072 carebimus.

304 3125 391 3208 Sed
416 3156 501 3208 101
527 3126 708 3237 amplius
734 3137 778 3208 te
804 3156 1029 3233 moramur,
1056 3128 1189 3210 lector
1215 3127 1435 3233 benevole,
1463 3127 1603 3207 fruere
1630 3126 1696 3207 bis
1724 3156 1831 3235 quae
1859 3127 1901 3206 in
1928 3137 2051 3207 tuum
2078 3137 2143 3209 to-

144 3263 320 3372 tiusque
357 3263 556 3345 ecclesiae
592 3263 859 3374 evangelicae
895 3295 1018 3345 usum
1055 3264 1267 3345 offerimus
1304 3273 1349 3344 et
1374 3291 1498 3372 porro
1533 3263 1717 3345 oblaturi
1750 3293 1894 3345 sumus
1906 3325 1917 3367 ,
1952 3291 2144 3372 quaeque

146 3413 275 3483 autor
310 3400 398 3511 ipse
427 3430 449 3482 e
484 3400 734 3482 sanctissimi
767 3400 949 3510 pectoris
984 3400 1313 3510 amplissimique
1347 3399 1506 3509 ingenii
1531 3428 1645 3510 penu
1679 3400 1928 3510 deprompta
1963 3397 2144 3509 posteris

146 3536 336 3647 reliquit,
372 3547 421 3617 ut
446 3535 496 3616 iis
522 3536 566 3617 in
593 3537 793 3618 maiorem
816 3537 899 3617 Dei
923 3536 1105 3646 gloriam
1131 3566 1356 3646 veramque
1384 3536 1583 3619 ecclesiae
1616 3537 1947 3619 aedificationem
1974 3545 2144 3617 uteren-

21 3658 26 3663 ⁸
146 3687 235 3780 tur,
274 3672 503 3757 secundum
537 3673 721 3755 nobilem
747 3673 864 3754 illam
890 3672 1091 3784 Apostoli
1116 3674 1323 3784 regulam,
1359 3675 1498 3756 omnia
1523 3675 1682 3756 scilicet
1706 3675 1933 3784 probantes
1961 3689 2005 3753 01
2031 3673 2145 3782 quod

145 3813 309 3894 bonum
333 3809 463 3891 fuerit
488 3809 729 3891 retinentes.
783 3807 936 3892 Omnia
963 3811 1073 3891 enim
1098 3822 1244 3893 nostra
1270 3823 1381 3916 sunt,
1399 3810 1461 3891 ‘et
1486 3811 1649 3891 Paulus
1677 3822 1722 3891 01
1747 3781 1941 3920 Apollas,
1975 3819 2019 3890 et
2046 3808 2144 3892 011-

108 3974 112 3979 ·
148 3946 273 4028 11110
311 3957 355 4028 01
386 3945 753 4051 Ι111110110,·1110
786 3958 830 4027 et
865 3975 998 4052 mors,
1035 3946 1275 4059 praesentia
1301 3958 1346 4028 et
1379 3948 1539 4028 futura:
1574 3946 1713 4029 omnia
1745 3959 1889 4029 nostra
1917 3960 2035 4053 sunt,
2067 3977 2143 4030 nos

149 4095 296 4165 autem
322 4080 493 4188 Ohristi,
522 4081 717 4164 Christus
744 4082 833 4192 ipse
860 4083 954 4163 Dei.

306 4217 466 4325 Quem,
503 4219 616 4329 quod
654 4230 866 4329 superest,
904 4222 1111 4331 optimum
1142 4221 1455 4331 maximumque
1494 4231 1660 4331 patrem
1691 4251 1930 4333 precamur,
1965 4232 2015 4303 ut
2048 4249 2144 4302 cum

149 4357 264 4437 vitae
296 4385 469 4438 munere
504 4357 686 4465 benigno
720 4366 764 4437 et
800 4356 926 4437 animi
959 4357 1078 4439 nobis
1114 4358 1374 4482 alapritatem
1407 4357 1616 4467 largiatur
1650 4370 1695 4440 et
1735 4372 1893 4464 servet,
1930 4357 2143 4439 laboribus

150 4493 305 4574 nostris
325 4521 470 4602 ,quam
503 4491 706 4603 plurimos
742 4493 919 4575 suscitet
951 4494 1150 4600 fautores,
1186 4495 1242 4576 sit
1274 4494 1453 4604 denique
1486 4494 1530 4575 11
1563 4495 1682 4577 nobis
1719 4505 1734 4568 ὁ
1760 4510 1884 4592 ἐνεργῶν
1907 4510 1957 4567 καὶ
1983 4503 2016 4565 τὸ
2044 4510 2144 4568 θέλειν

152 4627 206 4686 καὶ
224 4623 258 4686 τὸ
273 4629 395 4708 ἐνεργεῖν
414 4621 492 4707 ὑπὲρ
513 4626 566 4701 τῆς
583 4621 730 4696 estanar.

357 4814 651 4898 Scribebamus
678 4814 960 4927 Argentorati
987 4849 1021 4900 a.
1050 4820 1088 4901 d.
1116 4819 1240 4902 VIII.
1269 4819 1372 4901 Idus
1399 4821 1500 4901 Dec.
1529 4818 1871 4901 MDOOOLXH.

230 5300 336 5359 0111111·
346 5322 437 5375 opera.
474 5306 532 5361 Vol.
549 5304 575 5361 1.
