4770 6030
212 109 274 171 sss
563 72 568 86 ’
776 99 1630 170 msmwmom.1oflssoss.1sos-ws2.

210 293 348 358 mmmm
367 291 516 355 menam
536 292 704 370 desolaret,
725 291 780 356 boc
799 291 904 372 utique
922 290 1022 372 fuisse
1038 290 1179 372 reliquos,
1232 295 1287 354 out
1307 289 1478 373 ambipuus,
1500 294 1668 369 mutamus,
1690 302 1787 370 auum
1806 288 1888 354 nibil
1906 253 2081 438 clipea
2100 309 2201 375 may„

210 377 292 461 quod
312 381 378 441 mat
398 374 527 441 Petrus:
550 378 628 457 par-i
653 378 800 441 consutio
821 375 1030 457 praeditoset
1056 373 1181 439 lanais
1231 375 1387 457 druidum
1423 395 1476 440 uec
1503 375 1642 440 certem?
1696 372 1863 456 Confessus
1890 379 1958 440 erat
2016 379 2112 454 driu,
2145 397 2204 442 suo
2250 441 2253 447 ,

211 467 240 528 ot
251 461 429 544 potestatis5
450 461 504 526 sed
524 463 685 527 exordium
705 461 744 526 ab
765 463 882 527 unitate
901 462 980 542 deri,
1000 466 1036 525 ut
1056 459 1181 526 ecelesia
1231 464 1260 524 et
1282 460 1421 541 fratrum
1446 461 1569 526 nomine
1592 458 1748 525 Oltistum
1772 479 1837 524 esse
1859 460 1962 540 filium
1983 460 2056 525 Dei
2095 459 2203 544 ¹dapar

213 545 333 613 alneu
361 566 428 611 uua
453 553 643 612 monstretur.
692 547 891 631 Aupustinus
922 568 1009 612 aero:
1026 545 1050 630 ¹)
1084 547 1114 611 si
1146 547 1181 610 iu
1231 545 1310 611 leona
1325 552 1449 628 petram
1475 546 1617 627 aedificat
1641 563 1735 609 mam
1759 545 1917 616 eeclesiam
1939 544 2100 626 Oluistus3
2125 549 2202 629 quia
2285 558 2289 564 '

212 630 304 698 Petro
334 652 396 697 nou
421 637 497 697 esset
528 633 668 698 ecclesiae
695 634 889 715 mysterium,
918 653 980 696 uon
1011 633 1041 696 ei
1070 632 1181 696 diceret
1231 632 1358 697 numum
1378 637 1434 710 est,
1461 637 1496 695 ut
1516 633 1563 696 ait
1585 630 1708 694 Paulus
1730 629 1762 714 (l
1783 629 1857 696 Cor.
1877 635 1906 710 3,
1928 631 1997 715 11),
2019 632 2203 714 fundamen·

182 749 188 764 e
209 716 382 796 Daunus,
403 717 460 781 tibi
480 717 557 782 dabo
578 718 693 798 daues;
719 720 749 783 si
775 719 857 783 enim
877 717 931 782 loc
955 716 1046 781 Petro
1066 719 1181 782 dictum
1232 722 1311 796 tum,
1328 723 1454 800 praeter
1475 718 1555 798 quod
1571 717 1668 781 statui
1689 716 1778 780 aliud
1798 737 1859 780 uon
1875 722 1980 799 potest.
2026 717 2133 798 Neque
2152 718 2203 785 bic

210 807 262 884 ast,
284 823 347 868 uon
368 801 455 867 labet
475 804 615 882 molesia;
635 806 665 868 si
686 809 789 870 auam
806 804 929 868 eodesia
949 802 1044 882 labet,
1069 802 1182 867 Petrus
1226 809 1358 885 patrum
1375 804 1567 868 autoritatem
1580 803 1648 867 ideo
1660 802 1797 884 repudio,
1819 803 1895 882 quia
1906 823 2011 867 eorum
2020 804 2203 869 testimoniis

209 888 334 972 manao
361 889 461 954 claues
481 891 609 970 accepit,
631 890 787 955 ecclesiam
812 894 905 954 totam
925 889 1105 972 desipuerit.
1138 887 1182 951 Et
1232 889 1382 968 destituar
1409 889 1452 953 ad
1476 888 1673 971 probandum
1698 888 1778 968 quod
1802 887 1884 966 dico,
1917 889 1947 952 si
1974 889 2068 953 citiore
2094 889 2202 970 laem·

210 972 346 1060 aliem)
374 995 469 1056 quum
497 976 676 1058 mterropati
697 981 796 1041 essent
816 994 933 1052 omnes,
961 975 1045 1039 salus
1068 973 1181 1038 Petrus
1231 975 1285 1038 sed
1306 975 1559 1054 quemadmodum
1579 975 1664 1050 diri,
1690 973 1757 1037 nolo
1779 973 1816 1036 de
1836 993 1870 1037 re
1896 980 1961 1038 tam
1981 973 2069 1038 clara
2087 975 2204 1057 discep-

210 1061 385 1144 respondet,
407 1066 441 1125 tu
462 1081 494 1124 es
517 1059 674 1140 clauus
701 1068 730 1126 et
749 1062 778 1126 ei
795 1061 925 1138 dioitm,
947 1059 1003 1124 tibi
1024 1059 1102 1125 dabo
1121 1059 1181 1124 cta
1231 1060 1324 1125 taudo
1339 1064 1461 1142 trustra
1477 1059 1621 1124 ucolestus
1636 1078 1701 1123 esse
1717 1058 1891 1122 lectoribus:
1903 1061 2090 1141 praesertim
2107 1081 2204 1141 quum

210 1166 276 1211 aes:
303 1147 396 1229 quasi
421 1146 541 1228 lipardi
567 1147 752 1211 etsolcendi
776 1147 861 1211 solus
882 1146 1028 1226 acceperit
1048 1150 1181 1226 potesta·
1232 1145 1305 1210 laec
1331 1166 1381 1210 res
1401 1167 1423 1210 a
1448 1147 1562 1210 nostris
1588 1143 1762 1207 homiuibus
1789 1146 1869 1207 satis
1897 1145 2058 1228 dilipeuter
2078 1147 2204 1228 pridem

209 1236 284 1311 teron·
310 1236 406 1314 auum
432 1237 459 1296 et
483 1232 563 1296 illud
581 1253 665 1296 unus
679 1254 741 1314 pro
762 1231 903 1296 omuibus
924 1231 1054 1310 dicerit,
1078 1236 1106 1296 et
1126 1229 1181 1295 loo
1231 1235 1361 1295 mactata
1382 1236 1410 1295 et
1430 1231 1583 1312 explicata
1603 1230 1704 1311 fuerit.

210 1337 280 1384 oum
300 1316 454 1395 onmibus,
476 1322 624 1398 tauquam
640 1338 808 1401 personam
826 1336 935 1400 pereas
953 1317 1058 1398 ipsius
1078 1316 1182 1380 unita-
1319 1321 1369 1380 94.
1417 1317 1603 1398 eranquam
1623 1337 1657 1379 re
1677 1336 1750 1379 ocra
1771 1314 1878 1378 nullus
1898 1317 2104 1396 quaestionem
2125 1317 2204 1382 lane

211 1403 260 1482 tis,
283 1403 443 1484 occeperit:
464 1403 532 1467 ideo
553 1422 636 1469 unus
651 1425 713 1486 pro
734 1402 888 1482 munibus,
914 1405 991 1483 onia
1010 1403 1118 1466 unitas
1139 1406 1183 1465 est
1232 1402 1346 1468 solvere
1375 1402 1487 1468 melius
1512 1405 1624 1485 potest,
1652 1421 1746 1480 quam
1772 1401 1931 1482 scriptura
1957 1402 2042 1482 ipsa,
2069 1403 2100 1466 si
2125 1402 2204 1467 locos

210 1489 246 1554 iu
265 1488 414 1553 mnibus.
1232 1507 1336 1553 omnes
1355 1488 1555 1569 auferamus,
1576 1486 1630 1551 ubi
1650 1486 1732 1551 docet
1750 1486 1827 1567 quid
1846 1487 1986 1550 muneris
2001 1492 2029 1552 et
2043 1489 2206 1570 potestatis

298 1577 348 1638 92.
393 1573 439 1637 At
459 1572 546 1653 illud,
567 1579 601 1638 tu
623 1594 655 1638 es
674 1573 788 1639 Petms
808 1580 836 1639 et
856 1594 949 1655 super
965 1573 1044 1638 bono
1058 1578 1181 1654 petram
1232 1573 1373 1638 labumit
1399 1573 1513 1638 Petrus
1543 1575 1622 1636 mter
1648 1572 1812 1653 apostolos,
1846 1571 1978 1651 qualiter
2002 1592 2036 1637 se
2065 1575 2203 1656 pessarit,

212 1659 376 1743 oedificabo
398 1658 553 1724 mesum
574 1680 691 1738 meam
719 1681 874 1741 nusquam
895 1659 986 1724 alteri
1006 1659 1121 1724 dietum
1142 1659 1182 1722 le-
1232 1659 1366 1739 aualiter
1385 1660 1479 1724 etiam
1497 1658 1594 1739 fuerit
1614 1657 1652 1721 ab
1668 1658 1750 1739 ipsis
1770 1661 1916 1738 acceptus.
1947 1657 2098 1723 Permrre
2113 1659 2205 1739 quid-

209 1745 303 1830 pour.
350 1744 449 1825 Quasi
470 1766 539 1809 uero
561 1745 651 1810 aliud
671 1745 708 1809 de
731 1745 822 1810 Petro
843 1745 909 1810 illic
931 1743 1075 1809 Christus
1089 1765 1183 1826 praa
1233 1746 1310 1826 quid
1330 1750 1443 1809 exstat:
1471 1744 1551 1807 nibil
1576 1743 1665 1808 aliud
1690 1744 1838 1824 reperies,
1865 1762 1960 1824 quam
1982 1743 2084 1825 fuisse
2102 1764 2204 1808 umun

211 1831 301 1909 died,
329 1850 425 1909 quam
444 1831 525 1911 quod
549 1830 672 1896 Paulus
698 1836 726 1895 et
753 1830 867 1896 Petrus
892 1832 960 1911 ipse
984 1830 1022 1919 de
1042 1829 1183 1894 omuibus
1233 1852 1271 1895 ea
1291 1851 1416 1894 numero
1436 1829 1608 1908 duodecin,
1629 1849 1741 1910 parem
1760 1829 1906 1908 reliquis,
1932 1833 1960 1892 et
1983 1830 2115 1908 socium,
2142 1850 2204 1894 reon

214 1914 411 1982 Gleristianis.
463 1915 524 1979 llle
550 1918 631 1980 enim
660 1915 760 1999 (Eph.
780 1920 808 1995 2,
828 1914 884 2001 20)
915 1914 1073 1980 bloristum
1103 1915 1183 1997 lapi
1233 1917 1400 1980 domiuum.
1445 1915 1553 1997 Refert
1579 1915 1703 1995 quidun
1729 1913 1770 1977 ad
1796 1914 1971 1991 masiliam,
1998 1915 2029 1978 si
2054 1915 2131 1996 quid
2155 1917 2205 1996 fu·

211 2000 281 2066 dem
301 2021 456 2064 summmn
475 2005 503 2064 et
522 2001 705 2084 uapularem
723 2001 808 2082 facit,
831 2003 866 2065 in
886 2021 945 2082 quo
966 2003 1183 2083 soiperstruam
1232 2002 1374 2066 meldum
1401 2006 1460 2079 est,·
1493 2007 1521 2065 et
1546 2001 1622 2081 quid
1652 2000 1737 2080 tadu
1764 2019 1842 2081 opus
1874 2001 1930 2078 sit,
1963 2000 2119 2065 admonet:
2150 2002 2205 2066 sod

211 2091 264 2151 tur
290 2087 345 2167 qui
374 2092 511 2150 oresueut
532 2088 575 2150 iu
606 2087 752 2169 templum
784 2092 924 2152 sanctum
950 2086 1100 2165 Domino,
1133 2085 1183 2150 lie
1233 2087 1312 2152 alias
1331 2087 1427 2151 simul
1447 2087 1551 2164 audit;
1577 2105 1631 2150 uec
1651 2085 1748 2149 locum
1769 2090 1888 2149 tantum
1909 2086 2041 2150 coneedit
2059 2087 2206 2152 dicendae

212 2176 314 2239 autem
335 2171 367 2255 (l
387 2171 484 2244 Patr,
497 2175 525 2251 2,
545 2170 580 2256 5)
600 2193 657 2237 nos
678 2173 797 2253 lapides
818 2173 904 2237 vivos
924 2192 989 2236 esse
1009 2172 1105 2252 iubet,
1127 2173 1182 2253 qui
1232 2174 1404 2252 saeterctiae,
1424 2172 1478 2238 sed
1498 2171 1663 2236 arbitrium
1683 2171 1750 2234 illis
1765 2171 1932 2253 permittit,
1951 2169 2007 2235 ubi
2023 2176 2204 2250 deterunt,

211 2256 266 2322 illo
294 2256 380 2322 electo
406 2262 433 2321 et
453 2259 588 2339 pretioso
613 2258 718 2340 lapide
741 2258 882 2339 fundati,
909 2257 968 2323 loa
987 2258 1182 2322 iuncturaet
1232 2260 1371 2339 sequitur
1397 2263 1425 2322 et
1451 2258 1631 2339 obtemperat
1657 2254 1987 2342 (Act.15,7soqq.).
2033 2257 2136 2338 Qum
2160 2259 2204 2322 ad

211 2343 386 2426 compapine
413 2362 483 2407 oum
504 2342 572 2407 Deo
595 2349 697 2409 nostro
719 2349 745 2408 et
771 2345 851 2409 iuter
876 2364 931 2408 uos
957 2343 1180 2408 oolaueamus.
1226 2348 1369 2425 pastores
1399 2343 1512 2422 scribit,
1544 2365 1605 2407 non
1634 2343 1763 2406 marulat
1788 2363 1826 2406 ec
1862 2343 2004 2423 imperio,
2026 2344 2120 2424 quusi
2150 2364 2203 2409 su·

212 2428 283 2508 Ille,
304 2429 457 2508 inquiunt,
473 2449 555 2511 prae
575 2429 665 2493 aliis:
685 2426 762 2509 quia
777 2429 979 2511 peculiariter
998 2449 1107 2494 nomen
1127 2428 1181 2493 ta
1228 2431 1349 2511 perior,
1376 2429 1430 2495 sed
1447 2429 1574 2512 collepos
1593 2448 1666 2492 suos
1685 2429 1776 2510 facit,
1799 2433 1827 2492 et
1848 2429 1972 2493 comiter
1991 2427 2146 2506 hortatur,
2168 2433 2204 2491 ut

211 2513 264 2580 oa.
306 2513 401 2578 Hunc
422 2520 498 2578 certe
516 2514 658 2579 bonorem
681 2514 773 2579 Petra
793 2515 919 2580 libenter
938 2515 1069 2594 concedo,
1090 2515 1181 2578 utin
1232 2516 1312 2579 inter
1333 2516 1476 2596 aequales
1499 2516 1570 2597 deri
1595 2513 1669 2578 solet
1689 2513 1721 2597 (l
1743 2512 1831 2577 Petr.
1855 2518 1887 2591 5,·
1906 2512 1948 2596 l).
1994 2514 2096 2595 Quum
2116 2534 2203 2579 occu

211 2599 350 2680 aedificio
377 2599 517 2664 adesim
543 2601 624 2665 inter
649 2601 773 2681 primos
799 2600 971 2679 oollocotur;
1002 2602 1049 2666 ael
1069 2601 1100 2664 si
1127 2601 1181 2666 loc
1232 2605 1322 2665 satur
1337 2602 1417 2682 quod
1433 2601 1475 2665 ad
1494 2606 1595 2684 partes
1610 2601 1770 2682 inpressas
1783 2599 1887 2680 fuerit,
1906 2599 2030 2664 etiamsi
2044 2600 2080 2664 id
2092 2601 2129 2682 fit
2146 2602 2203 2665 im

210 2705 327 2767 quoque
348 2684 449 2762 adint,
465 2686 594 2766 primia
614 2686 752 2750 munium
769 2686 925 2767 riddium:
945 2707 1051 2751 oerum
1066 2691 1101 2750 ut
1111 2687 1182 2768 pri
1232 2687 1345 2765 menta,
1362 2687 1523 2770 respondet
1532 2691 1634 2751 tamen
1651 2690 1754 2749 etsese
1766 2689 1883 2766 purpat
1894 2683 1981 2768 (Act.
1998 2690 2046 2764 ll,
2059 2690 2079 2748 4
2090 2687 2201 2770 seqq.).

211 2776 330 2836 molem
356 2771 390 2834 in
412 2771 492 2836 alios
511 2791 580 2836 eum
606 2771 715 2836 labem
735 2792 773 2836 ee
793 2792 826 2836 oa
847 2771 1011 2850 deducant,
1033 2792 1094 2836 non
1110 2793 1182 2854 per-
1234 2771 1350 2837 Iussus
1370 2795 1391 2836 a
1417 2772 1537 2856 collepis
1563 2772 1611 2835 ire
1632 2791 1701 2835 oum
1721 2769 1839 2834 loaune
1862 2770 1897 2832 in
1920 2768 2116 2850 Samariam,
2142 2784 2204 2836 mu

212 2857 340 2920 mittam.
387 2856 472 2937 Quae
492 2858 573 2921 enim
594 2863 638 2922 est
656 2859 750 2922 istaec
769 2858 850 2922 ratio
870 2857 1053 2940 oollipendi?
1088 2857 1181 2922 Alios
1232 2859 1373 2923 detredat
1394 2858 1484 2943 (ibid.
1504 2863 1533 2934 8,
1557 2857 1619 2940 14).
1666 2856 1753 2936 Quod
1772 2876 1841 2919 eum
1862 2856 1986 2919 mittunt
2005 2858 2148 2939 apostoli,
2171 2878 2205 2922 eo

211 2941 329 3023 femore
354 2942 465 3020 studii,
488 2943 640 3022 doctriua,
663 2943 764 3007 animi
784 2944 997 3026 mopnitudine
1016 2943 1180 3024 praecedit.
1232 2944 1389 3008 declarant
1415 2965 1448 3009 se
1469 2945 1597 3008 minime
1618 2944 1692 3006 eum'
1708 2939 1817 3005 babere
1838 2961 1900 3022 pro
1926 2943 2098 3023 superio&
2124 2943 2206 3024 quod

213 3025 299 3110 Erpa
314 3031 491 3108 potestatem
511 3028 547 3091 iu
568 3048 618 3092 eos
637 3028 732 3093 labet.
769 3029 868 3110 Qecasi
888 3049 958 3093 uero
979 3049 1040 3093 uon
1060 3028 1182 3094 meliori
1233 3029 1408 3110 obsequitur
1436 3035 1463 3094 et
1490 3029 1667 3113 bpationmn
1694 3025 1754 3090 sibi
1785 3026 1965 3091 mandatam
1992 3029 2140 3110 suscipit,
2172 3049 2205 3093 eo

206 3117 370 3194 praeteatu
390 3112 527 3196 collipere
543 3113 640 3192 liceat,
661 3114 824 3179 Andreom
840 3133 904 3179 esse
920 3115 1027 3179 ordirce
1041 3115 1182 3196 priorem
1232 3115 1348 3196 latetur
1368 3115 1430 3179 sibi
1451 3136 1520 3180 orem
1537 3114 1604 3179 illis
1622 3132 1687 3178 esse
1707 3113 1884 3190 societatem,
1907 3133 1968 3176 non
1986 3115 2135 3179 adeamus
2156 3134 2206 3178 eos

213 3196 319 3278 Petro,
350 3199 426 3280 quia
452 3204 583 3281 tempore
611 3200 717 3282 ipsum
737 3202 910 3280 autecmsit,
936 3205 963 3264 et
985 3198 1106 3265 Christo
1128 3199 1182 3263 ad
1233 3201 1407 3284 imperium.
1454 3201 1541 3282 Quoad
1561 3200 1590 3264 si
1610 3198 1691 3263 nibil
1711 3198 1841 3261 istomrm
1857 3202 1997 3278 exstaret,
2018 3220 2084 3264 uua
2104 3206 2206 3265 tamen

212 3283 303 3348 duait
329 3283 433 3367 (Ioan.
456 3289 483 3364 l,
508 3288 548 3348 39
568 3292 602 3349 et
624 3284 698 3371 42):
730 3285 784 3351 sed
813 3286 868 3351 boc
894 3287 1003 3351 omitto.
1054 3285 1182 3349 Priores
1233 3287 1360 3368 epistola
1379 3286 1422 3351 ad
1446 3286 1579 3351 Galatas
1595 3304 1713 3348 omnem
1733 3282 1951 3348 dubitatiorcem
1967 3287 2099 3350 eaimere
2118 3286 2207 3351 uobis

211 3389 286 3434 sane
306 3369 415 3434 babeat
444 3371 574 3449 Petrus,·
600 3371 730 3435 multum
757 3376 859 3436 tamen
885 3372 1009 3436 interest
1032 3371 1111 3436 iuter
1132 3370 1182 3435 lo-
1231 3371 1325 3454 facile
1339 3376 1454 3454 potest:
1480 3371 1535 3436 ubi
1560 3369 1678 3434 duobus
1702 3369 1766 3450 lere
1787 3368 1939 3450 capitibus
1960 3370 1991 3454 (l
2014 3376 2048 3434 et
2065 3370 2100 3454 2)
2122 3371 2207 3435 nibil

193 3476 315 3519 norem
341 3457 461 3520 ordinis
486 3463 515 3521 et
533 3462 722 3538 potestatem.
778 3457 926 3529 Videmus
953 3457 1103 3538 apostolos
1128 3456 1183 3521 boc
1233 3457 1323 3522 aliud
1349 3458 1497 3522 muterodit
1531 3454 1669 3534 Paulus,
1700 3475 1795 3535 quam
1822 3474 1855 3518 se
1880 3453 1990 3519 lamro
2016 3456 2207 3536 apostolatus
2319 3498 2324 3507 ·

211 3541 274 3619 fere
298 3540 388 3604 Petro
408 3543 567 3621 detulisse,
589 3548 624 3606 ut
645 3544 680 3606 in
701 3548 783 3608 coetu
804 3542 1040 3624 salutauerat,
1062 3548 1090 3607 et
1110 3563 1183 3624 qua
1236 3542 1327 3607 Petro
1348 3563 1413 3607 esse
1427 3563 1548 3624 parem
1593 3540 1679 3606 otuu
1705 3544 1930 3618 commemorat,
1953 3559 1986 3604 se
2011 3541 2054 3604 ad
2077 3538 2208 3605 Petrum

213 3624 374 3690 dommodo
389 3630 541 3711 praeiret,
568 3629 737 3710 referendo,
759 3629 922 3708 lodoudo,
944 3629 1107 3708 mmmm,-
1129 3627 1183 3692 sed
1233 3629 1366 3706 uenisse,
1398 3649 1460 3693 uon
1484 3633 1520 3693 ut
1545 3627 1756 3692 sublationem
1778 3626 1985 3707 profiteretur,
2012 3626 2066 3691 sed
2086 3632 2208 3691 tontum

213 3709 250 3774 de
267 3714 411 3790 potestate
431 3713 512 3776 nibil
532 3715 654 3778 annino
675 3714 812 3798 lepimus.
1232 3720 1269 3778 ut
1300 3719 1439 3778 testatam
1469 3713 1611 3780 oumibus
1645 3713 1758 3794 formet
1789 3711 1942 3776 dootriuoe
1973 3713 2206 3778 consensionem.

299 3799 350 3861 93.
402 3797 587 3878 ρααηᾳααηι
611 3800 745 3865 nondum
774 3803 809 3865 in
837 3821 874 3866 ea
900 3801 1106 3882 disputatione
1130 3818 1182 3862 su-
1236 3799 1364 3864 Petrum
1391 3819 1507 3882 quoque
1533 3800 1643 3882 ipsum¹
1662 3797 1744 3862 nibil
1769 3796 1829 3861 tale
1854 3796 2043 3878 postulasse,
2077 3799 2131 3863 sed
2157 3798 2206 3863 de·

212 3900 291 3960 mus,
313 3885 431 3945 naam
452 3883 505 3947 loc
526 3884 561 3947 iu
575 3888 756 3967 praeseutia
776 3886 885 3951 labem
900 3886 974 3966 uolo,
991 3886 1088 3950 nimis
1107 3886 1183 3967 tuti·
1233 3885 1317 3958 disse
1340 3885 1401 3950 sibi
1416 3887 1573 3951 deuterum
1593 3882 1759 3960 societatis,
1779 3887 1816 3945 ut
1835 3883 2036 3947 mmureiter
2059 3885 2095 3947 ia
2115 3885 2206 3950 vinca

209 3966 279 4033 liter
300 3986 349 4031 eos
370 3971 591 4050 arpumentari,
614 3991 710 4050 auum
731 3993 769 4036 ea·
788 3972 851 4036 solo
872 3970 962 4036 Petri
982 3971 1103 4037 uoneine
1124 3971 1182 4034 im·
1233 3969 1366 4036 Domini
1384 3971 1565 4036 laborarent.
1610 3969 1680 4035 Sibi
1700 3989 1761 4033 uon
1785 3968 1935 4033 minorem
1958 3968 2096 4050 qratiam
2116 3969 2206 4034 collu-

203 4053 330 4134 perium
357 4053 392 4115 iu
418 4053 573 4118 ecclesiam
600 4056 777 4122 uniuersam
796 4062 914 4123 struere
941 4057 1052 4123 volunt.
1095 4056 1182 4120 Nam
1232 4061 1296 4121 tam
1317 4077 1382 4121 esse
1402 4058 1482 4122 luter
1499 4061 1609 4139 pentes,
1632 4075 1727 4136 quam
1749 4053 1841 4118 Petro
1862 4055 1942 4118 mter
1959 4053 2102 4119 Iudaeos.
2141 4052 2205 4120 De·

209 4139 281 4203 illae
302 4142 413 4203 aoteres
439 4140 587 4220 ineptiae,
615 4139 726 4221 quibus
749 4143 857 4224 fucum
884 4144 974 4209 initio
1000 4143 1101 4224 facem
1120 4145 1181 4206 ten-
1232 4143 1334 4224 uique,
1355 4163 1452 4224 quum
1470 4144 1576 4207 miuus
1594 4141 1726 4223 fideliter
1746 4144 1845 4222 uperet
1870 4139 1991 4219 Purus,
2012 4140 2112 4221 fuisse
2133 4162 2155 4205 a
2172 4159 2205 4204 se

208 4229 314 4289 larunt
334 4223 433 4288 relatu
453 4245 583 4305 quoque,
604 4226 716 4291 nedum
735 4229 915 4309 refutatione
934 4229 1081 4310 indipuae
1100 4232 1180 4291 mut
1231 4232 1408 4308 correctum,
1430 4227 1703 4310 otreprebensioui
1715 4225 1873 4307 paruisse.
1917 4225 2005 4290 Haeo
2024 4227 2130 4290 onmia
2145 4247 2206 4309 pa·

209 4308 251 4373 Iu
280 4309 371 4374 Petro
395 4310 561 4392 fundatam
587 4331 653 4375 esse
680 4313 850 4394 ecclesiam,
886 4313 962 4394 quia
988 4313 1104 4377 dictum
1129 4314 1179 4392 sit,
1232 4314 1297 4378 lam
1314 4315 1451 4396 sariunt,
1478 4320 1533 4379 aut
1556 4315 1657 4396 fuisse
1677 4311 1890 4394 aequalitatem
1916 4310 2206 4376 mterPaulumet

208 4415 302 4476 super
327 4395 406 4460 loru
426 4400 566 4479 petram,
594 4400 645 4461 etc.
688 4398 735 4461 At
755 4399 895 4463 nonnulli
916 4420 953 4463 ec
968 4397 1115 4479 patribus
1134 4399 1181 4464 sio
1235 4398 1377 4478 Petmm,
1408 4405 1462 4465 aut
1490 4404 1566 4465 certe
1591 4397 1689 4463 aueo
1710 4396 1789 4479 plus
1810 4398 1971 4478 potestatis
1989 4397 2090 4477 fuisse
2113 4396 2204 4462 Petro
2254 4472 2258 4477 y

208 4486 418 4560 aaposuerunt.
464 4480 526 4547 Sed
547 4503 644 4563 quum
664 4484 806 4549 reclamet
826 4489 888 4550 tota
908 4485 1082 4566 scriptura,
1103 4485 1181 4566 auid
1232 4486 1267 4549 iu
1287 4485 1430 4567 reliquos,
1452 4506 1547 4566 quam
1567 4485 1632 4567 ipsi
1652 4486 1687 4548 iu
1707 4482 1798 4546 illeun
1822 4481 1991 4546 labumiut.
2036 4483 2138 4563 Atque
2157 4481 2203 4564 id,

208 4585 312 4629 eorum
340 4568 492 4633 autoritas
518 4569 668 4635 adversus
693 4568 798 4634 Drum
823 4570 1064 4653 praetenditur?
1110 4570 1181 4635 Imo
1232 4572 1326 4636 sicuti
1345 4572 1411 4636 iam
1432 4572 1510 4651 dial,
1533 4591 1570 4635 erc
1586 4570 1728 4653 professo
1748 4569 1814 4652 opit
1837 4567 1969 4646 Paulus,
1991 4588 2029 4633 ne
2050 4569 2121 4649 quis
2141 4567 2204 4633 sibi

208 4651 285 4731 quid
316 4651 353 4718 de
379 4653 537 4719 ambonem
563 4655 692 4721 istornun
719 4676 826 4737 seusu,
854 4657 947 4738 quasi
973 4654 1118 4722 obscurus
1138 4656 1181 4720 sit
1231 4657 1267 4720 in
1295 4657 1466 4739 apostolatu
1490 4657 1537 4722 ael
1560 4656 1687 4722 Petrum
1712 4654 1759 4719 ael
1781 4653 1929 4718 Ioannem
1956 4655 2120 4735 andeferat,
2147 4656 2204 4735 qui

1231 4742 1359 4826 colleoae
1379 4747 1475 4822 mant,
1495 4762 1556 4806 non
1575 4742 1701 4807 dommi.
2206 4800 2214 4820 ,

1318 4831 1367 4891 95.
1421 4828 1535 4893 Verum
1554 4833 1589 4892 ut
1609 4828 1646 4893 de
1668 4825 1761 4891 Petro
1786 4825 1852 4889 illis
1872 4823 2032 4889 concedam
2052 4826 2224 4912 quodpeg

277 4942 306 5011 1)
329 4945 428 4998 noma.
447 4947 563 5014 (rrae)
581 4948 609 5000 in
626 4947 720 5001 mm.
738 4945 780 5012 oo,
799 4946 841 5005 12.
911 4945 942 5014 s)
959 4946 1059 5001 nomn
1078 4946 1119 5000 11.
1138 4944 1178 5015 (r)
1230 4917 1306 5011 mm,
1330 4913 1563 5011 fuissentne
1583 4911 1788 4995 ammaum
1802 4910 1986 4991 mmm
2009 4914 2037 4973 α
2057 4911 2204 5011 ‘lm

262 5013 309 5045 -ee
334 5013 426 5067 homil.
446 5013 503 5080 124,
521 5013 539 5066 5
556 5032 631 5084 ΜΝ,
1230 4999 1366 5080 reliquos
1386 4998 1609 5063 metecellursse:
1629 5018 1689 5064 nou
1709 5002 1753 5062 est
1773 5003 1874 5061 tamm
1895 5014 1991 5059 morso
2013 5015 2069 5059 cur
2085 5017 2123 5060 ec
2138 5016 2203 5062 sore·
