4770 6030
215 332 279 395 179
629 322 631 329 ⁴
857 326 1124 395 memorio
1148 327 1253 393 REL.
1277 327 1459 397 CHRIS'P.
1485 330 1576 393 1536.

213 517 316 583 ullam
338 516 586 599 promissionem
608 515 714 580 habet
759 515 928 600 Siquidem
950 540 1026 582 oum
1047 517 1110 581 duo
1131 519 1195 583 ista

213 605 249 668 in
276 608 478 669 sarmento
501 602 678 684 exigimus,
713 609 751 667 ut
777 604 982 688 caeremonia
1008 604 1097 668 sita
1122 604 1194 668 1³⁰⁰
1408 607 1476 689 De
1507 607 1724 690 ordinibus
1755 607 2060 691 ecclesiasticis.

214 690 373 767 instituta,
395 696 433 751 ut
449 687 514 752 Dei
535 687 783 770 promissionem
804 688 939 767 habeat;
963 688 1061 754 simul
1083 697 1194 770 postu-

214 776 321 843 lemus
343 781 381 837 ut
406 775 611 839 caeremonia
637 773 694 838 1116
724 775 818 839 nobis
844 775 967 840 tradita
993 775 1036 840 sit
1062 781 1096 838 et
1119 795 1194 857 pro-
1333 771 1498 854 Quartum
1518 774 1625 839 locum
1647 775 1684 837 in
1706 795 1818 839 eorum
1835 775 1982 859 catalogo
2004 781 2094 839 tenet
2115 797 2224 842 sacra-

214 861 325 926 missio
352 857 394 924 ad
421 881 481 924 nos
495 866 638 941 «spectet.
688 861 763 925 Non
797 862 885 925 enim
916 861 1195 926 circumcisionem
1245 866 1395 924 mentum
1416 858 1554 939 ordinis3
1577 859 1634 924 sed
1656 859 1737 925 adeo
1756 859 1962 938 foecundum,
1985 868 2023 925 ut
2038 869 2164 944 septem
2182 883 2224 927 ex

214 949 294 1025 iam,
328 953 570 1011 sacramentum
602 945 800 1011 christianae
834 947 988 1012 ecclesiae
1023 947 1194 1030 quisquam
1247 967 1282 1010 se
1308 945 1549 1011 sacramentula
1575 947 1690 1027 pariat
1741 947 1805 1011 Est
1835 967 1914 1012 vero
1946 945 2033 1012 istud
2066 968 2225 1030 perquam

214 1054 285 1098 esse
315 1031 495 1109 contendit,
532 1032 662 1096 tametsi
693 1040 727 1096 et
752 1033 817 1096 Dei
843 1033 1030 1098 institutum
1063 1044 1134 1096 erat
1161 1041 1195 1097 et
1246 1030 1436 1109 ridiculum,
1464 1030 1550 1113 quod
1576 1052 1652 1096 cum
1680 1032 1846 1097 affirment
1868 1041 1992 1115 septem
2016 1054 2087 1098 esse
2115 1055 2224 1099 sacra—

212 1119 463 1201 promissioncm
473 1139 637 1181 annexam
648 1118 802 1197 habebat;
825 1119 902 1201 quia
918 1118 1083 1184 necnobis
1099 1141 1194 1183 man·
1245 1122 1366 1195 menta,
1390 1116 1470 1180 dum
1491 1137 1660 1182 recensere
1682 1119 1755 1200 ipsa
1769 1118 1895 1197 volunt,
1917 1119 2223 1184 tredecim-enume-
2307 1186 2311 1192 ,

214 1204 292 1270 (1616
318 1204 393 1281 fuit,
428 1225 488 1268 nec
509 1198 687 1285 'promissio
709 1225 792 1287 quae
818 1205 868 1268 illi
893 1198 1053 1270 adiuncta¹
1077 1205 1193 1285 fuerat,
1246 1212 1329 1268 rant
1374 1202 1488 1284 Neque
1514 1224 1591 1267 vero
1618 1205 1747 1269 causari
1773 1212 1922 1287 possunt,
1951 1225 2056 1268 unum
2078 1225 2148 1270 esse
2171 1227 2224 1270 sae

214 1291 307 1356 uobis
329 1289 413 1355 data.
459 1289 728 1368 Promissionem,
758 1312 856 1372 quam
878 1291 913 1354 in
934 1291 1087 1356 unctione
1109 1292 1193 1356 fero-
1247 1295 1469 1366 crementum,
1497 1288 1574 1370 quia
1594 1289 1705 1353 omnia
1726 1290 1761 1353 in
1782 1312 1887 1354 unum
1913 1289 2130 1356 sacerdotium
2151 1298 2224 1355 166-

214 1377 295 1441 61161
321 1376 458 1453 1661661,
492 1375 586 1440 nobis
613 1397 679 1439 non
707 1397 778 1441 csse
804 1375 916 1441 datam
943 1375 1111 1442 evidenter
1137 1376 1194 1441 (16-
1247 1374 1331 1438 (1661
1358 1381 1392 1438 61
1418 1373 1510 1439 vclut
1536 1373 1669 1456 quidam
1691 1373 1866 1458 adipsum
1894 1384 1973 1440 sunt
1993 1375 2125 1460 gradus.
2170 1375 2225 1442 Si·

213 1461 467 1526 mcnstrevimus
494 1469 528 1525 61
547 1461 610 1542 1661
632 1463 832 1544 experientia
854 1461 1029 1528 declarant.
1074 1461 1194 1528 (16616-
1246 1459 1378 1542 quidem
1404 1480 1479 1524 cum
1505 1461 1541 1523 in
1569 1460 1708 1544 singuhs
1734 1461 1880 1527 (11161666
1906 1482 1977 1527 esse
2003 1463 2225 1528 caeremonias

214 1548 324 1612 monia
346 1548 498 1628 usurpari
524 1566 591 1611 non
613 1546 740 1626 debuit,
769 1548 834 1612 nisi
855 1549 895 1613 ab
916 1549 957 1612 iis
978 1549 1034 1631 qui
1054 1549 1194 1614 curatio-
1246 1552 1391 1624 constet,
1405 1545 1550 1611 diversas
1568 1567 1639 1611 esse
1661 1548 1784 1630 gratias
1801 1548 1864 1629 ipsi
1885 1547 2112 1698 166666161τέ
2128 1569 2225 1615 66616

216 1655 297 1697 num
318 1633 424 1716 gratia
445 1632 584 1715 praediti
601 1634 742 1712 hrenmt,
766 1655 832 1710 non
844 1634 884 1699 ab
895 1632 1192 1712 161166616111611666,
1246 1631 1387 1710 dubitet,
1421 1632 1501 1712 quin
1528 1640 1653 1714 septem
1680 1630 1721 1718 [6.
1734 1630 1810 1732 369]
1841 1640 2046 1699 sacramenta
2103 1635 2141 1699 'ci
2169 1634 2225 1698 dc·

216 1720 270 1800 qui
298 1720 372 1801 plus
399 1718 572 1784 mactando
599 1740 637 1784 66
663 1718 856 1785 trucidando
882 1720 995 1785 valent
1021 1742 1120 1802 quam
1142 1743 1194 1785 sa·
1246 1717 1362 1795 beant,
1384 1718 1412 1787 si
1434 1738 1546 1781 corum
1569 1718 1689 1800 placita
1711 1720 1920 1801 recipiuntur.
1965 1720 2011 1783 Et
2032 1719 2109 1802 quid
2131 1722 2225 1804 quasi

216 1803 335 1870 nando.
380 1803 586 1886 Quanquam,
610 1806 739 1870 etiamsi
758 1805 971 1883 obtinuerint,
996 1806 1073 1871 huic
1095 1808 1194 1870 aetati
1246 1825 1316 1867 rem
1344 1803 1533 1886 ambiguam
1558 1805 1844 1882 controvertimus,
1878 1805 2009 1887 quando
2037 1805 2100 1888 ipsi
2126 1806 2225 1888 plane

216 1891 405 1967 convenire,
432 1889 518 1972 quod
545 1889 585 1954 de
612 1892 765 1956 unctione
793 1892 834 1956 ab
856 1892 974 1958 Iacobo
996 1892 1194 1975 praecipitio
1246 1888 1460 1971 distincteque
1481 1897 1606 1971 septem
1629 1888 1817 1956 declarant?
1857 1890 2077 1974 Appellantur
2097 1900 2130 1956 et
2151 1914 2224 1975 sep-

217 1977 253 2059 (a
275 1997 337 2058 quo
367 1973 408 2061 [p.
427 1973 503 2061 367]
532 1975 722 2058 longissime
753 1976 885 2064 absunt)
919 2000 961 2042 ne
989 1980 1035 2044 sic
1062 1978 1194 2060 quidem
1246 1983 1313 2038 tem
1334 1974 1479 2052 ordines,
1507 1975 1559 2040 vel
1581 1975 1704 2058 gradus
1726 1976 1943 2042 ecclesiastici.
1988 1975 2078 2041 Sunt
2099 1984 2223 2044 autem:

217 2061 324 2127 adhuc
346 2062 486 2125 multum
503 2063 725 2143 promoverint
747 2064 782 2127 in
804 2063 1014 2146 approbanda
1035 2086 1094 2129 sua
1114 2087 1193 2129 unc-
1246 2061 1377 2138 ostiarii,
1396 2060 1541 2140 lectores,
1560 2063 1748 2142 exorcistae,
1767 2061 1919 2141 acoluthi,
1938 2062 2136 2142 subdiaconi,
2155 2064 2225 2129 dia·

216 2149 317 2225 tione,
346 2169 410 2228 qua
431 2147 591 2213 hactenus
612 2170 672 2213 nos
693 2148 875 2214 illeverunt.
920 2149 1059 2216 Iacobus
1080 2172 1193 2214 omncs
1246 2147 1332 2223 coni,
1361 2145 1552 2214 sacerdotes.
1597 2148 1643 2210 Et
1671 2156 1796 2229 septem
1818 2147 1950 2230 quidem
1972 2156 2064 2224 sunt,
2092 2156 2224 2233 propter

215 2235 364 2299 infirmos
385 2233 458 2298 vult
475 2233 591 2317 inungi
598 2258 606 2313 ;
628 2234 682 2298 isti
700 2255 767 2298 non
784 2236 933 2300 infirmos
949 2236 1007 2301 sed
1025 2237 1193 2301 semimor-
1245 2233 1466 2314 septiformem
1497 2232 1631 2314 spiritus
1662 2235 1767 2298 sancti
1799 2235 1955 2317 gratiam,
1988 2256 2054 2317 qua
2086 2236 2225 2318 pmediti

216 2329 273 2385 tua
292 2319 458 2402 ⁸cadavera
480 2341 539 2384 sua
560 2319 759 2402 pinguedine
775 2321 940 2400 inficiunt,
965 2344 1040 2387 cum
1061 2322 1194 2387 iamiam
1246 2339 1316 2383 esse
1334 2317 1461 2396 debent,
1480 2319 1537 2399 qui
1555 2318 1598 2382 ad
1609 2340 1663 2383 cos
1679 2326 1922 2402 promoventur.
1951 2320 2103 2404 Augetur
2115 2329 2225 2386 autem

216 2406 326 2471 anima
352 2406 389 2468 in
416 2405 612 2487 primoribus
633 2405 735 2471 labris
756 2406 884 2472 laborat
909 2408 976 2487 vel,
1004 2415 1042 2473 ut
1063 2409 1125 2490 ipsi
1146 2408 1194 2472 lo-
1246 2403 1310 2468 11116
1333 2411 1366 2467 61
1386 2403 1510 2486 largius
1533 2404 1719 2489 cumulatur
1740 2405 1775 2469 in
1792 2406 2003 2488 promotione.

129 2540 135 2554 .
216 2498 373 2572 quuntur,
395 2491 432 2554 in
449 2492 613 2556 extremis.
659 2490 698 2557 Si
718 2499 925 2574 praesentem
946 2494 1070 2559 habent
1091 2493 1194 2559 medi-
1330 2488 1403 2552 Iam
1424 2510 1582 2555 numerus
1604 2491 1673 2573 ipse
1693 2512 1849 2574 perversa
1866 2491 2045 2574 scripturae
2063 2493 2224 2575 interpre-

216 2578 324 2641 cinam
345 2577 381 2641 in
408 2598 466 2641 suo
488 2586 707 2657 sacramento,
736 2599 801 2661 qua
821 2578 875 2643 vel
895 2580 1085 2644 morborum
1104 2601 1193 2645 6661-
1244 2575 1368 2638 tatione
1389 2583 1597 2640 consecratus
1615 2584 1678 2655 est,
1701 2576 1787 2659 quod
1808 2577 1963 2643 videntur
1983 2578 2045 2643 sibi
2066 2577 2154 2661 apud
2170 2579 2223 2643 Ie·
2263 2640 2268 2646 .

215 2663 351 2727 bitetem
372 2662 507 2742 leniant,
530 2662 583 2730 vel
604 2663 722 2728 saltem
740 2663 871 2747 aliquod
891 2666 1020 2730 animae
1043 2665 1193 2730 solatium
1245 2661 1348 2739 seiam
1379 2660 1456 2745 (Ies.
1488 2665 1536 2725 11.
1566 2663 1623 2726 Ea.
1650 2667 1676 2725 l.
1706 2663 1802 2727 Rom.
1830 2668 1856 2727 l.
1881 2662 1917 2749 8)
1948 2662 2066 2747 legisse
2097 2670 2224 2746 septem

215 2747 379 2827 adferant,
415 2748 563 2814 crudeles
591 2758 683 2828 sunt,
712 2750 768 2833 qui
795 2772 964 2833 nunquam
992 2752 1027 2816 in
1048 2758 1193 2835 tempore
1245 2747 1378 2829 spiritus
1399 2747 1507 2812 sancti
1522 2748 1674 2826 virtutes,
1703 2770 1779 2813 cum
1800 2757 1835 2812 et
1854 2768 1932 2814 vere
1952 2748 2063 2831 plures
2082 2771 2150 2814 non
2170 2771 2223 2815 re-

216 2833 397 2900 medentur.
1245 2833 1395 2897 ferantur
1422 2855 1442 2898 a
1469 2831 1576 2897 Iesaia
1603 2854 1703 2915 quam
1730 2855 1804 2912 sex,
1839 2856 1900 2900 nec
1925 2834 2084 2934 propheta
2110 2856 2224 2902 omnes

301 2920 440 2986 Iacobus
462 2919 543 2997 vult,
566 2921 735 2985 infirmum
752 2923 834 3004 ungi
852 2944 872 2986 a
892 2923 1075 2989 senioribus
1091 2923 1193 2988 eccle·
1243 2940 1284 2983 eo
1311 2918 1381 2983 loco
1408 2917 1601 2983 concludere
1633 2920 1781 2985 voluerit.
1827 2921 1910 2985 Tam
1936 2941 2025 2985 emm
2052 2920 2131 2986 alibi
2157 2923 2224 3004 spi-

216 3007 297 3084 siae;
337 3006 402 3082 isti⁴
419 3012 590 3070 unctorcm
621 3028 687 3071 non
711 3006 903 3087 admitttmt,
931 3010 995 3074 nisi
1029 3010 1194 3075 sacrificu-
1246 3005 1329 3068 ritus
1357 3005 1461 3083 vitae,
1495 3005 1774 3091 sanctificationis,
1809 3004 1991 3088 adoptionis
2014 3006 2158 3072 filiorum
2175 3007 2225 3073 di-

215 3091 293 3154 lum.
324 3090 421 3171 Quod
432 3090 519 3172 apud
530 3091 685 3156 Iacobum
707 3095 916 3179 presbyteros
937 3095 1195 3177 interpretantur
1247 3089 1345 3156 citur:
1376 3110 1475 3172 quam
1497 3088 1564 3156 illic
1585 3091 1779 3174 sapientiae,
1807 3091 2058 3176 intelligentiae,
2087 3093 2223 3174 consilii,

216 3175 399 3241 sacerdotes
422 3183 456 3240 et
483 3176 646 3258 pluralem
669 3201 844 3245 numerum
867 3179 909 3244 ad
935 3179 1084 3246 decorem
1108 3182 1194 3264 posi-
1246 3174 1454 3255 fortitudinis,
1477 3176 1632 3242 scientiae
1654 3186 1687 3242 et
1708 3177 1834 3242 timoris
1850 3176 1994 3243 Domini.
2026 3177 2226 3262 Quanquam

213 3269 287 3326 tum
305 3268 482 3346 nugantur,
501 3263 600 3328 nimis
621 3264 775 3329 frivolum
797 3272 861 3345 est;
883 3267 1070 3349 quasivero
1092 3267 1194 3333 66616-
1247 3261 1302 3326 alii
1323 3262 1497 3340 acutiores,
1525 3283 1593 3327 non
1618 3269 1743 3345 septem
1771 3263 1917 3342 ordines,
1945 3263 2003 3328 sed
2030 3285 2149 3331 novem
2174 3266 2224 3330 fa·

214 3349 282 3413 siae
299 3369 337 3412 66
358 3355 502 3431 16166616
523 3350 742 3414 sacrificorum
758 3353 966 3435 examinibus
984 3352 1191 3429 abundarint,
1246 3348 1354 3426 ciunt,
1377 3346 1419 3412 ad
1441 3347 1704 3427 similitudinem,
1727 3357 1764 3413 ut
1786 3350 1893 3427 aiunt,
1916 3350 2157 3432 triumphantis·
2172 3373 2225 3417 ec·

213 3441 252 3498 ut
271 3435 308 3499 in
328 3434 427 3518 longa
448 3455 568 3518 pompa
584 3436 758 3518 procedere
776 3439 942 3520 potuerint
964 3438 1006 3504 ad
1021 3438 1194 3503 ferendum
1245 3433 1370 3499 6166166.
1410 3434 1520 3515 Atque
1536 3434 1623 3499 inter
1644 3455 1699 3500 eos
1721 3435 1820 3499 etiam
1840 3456 1952 3519 pugna
1973 3444 2037 3501 est:
2061 3436 2148 3518 quod
2168 3437 2225 3501 alii

213 3521 297 3586 sacri
324 3520 386 3585 olei
412 3521 581 3587 ferculum
626 3521 764 3587 Iacobus
791 3523 869 3587 dum
896 3524 1086 3608 simpliciter
1113 3526 1194 3609 ungi
1245 3519 1427 3585 clericalem
1457 3527 1626 3584 tonsuram
1652 3519 1769 3585 volunt
1796 3542 1867 3586 cese
1892 3522 2038 3604 primum
2064 3521 2221 3601 ordinem,

212 3605 360 3670 infirmos
381 3607 480 3687 iubet,
502 3629 570 3673 non
593 3606 692 3673 aliam
708 3611 898 3674 unctionem
916 3611 1000 3674 mihi
1020 3610 1191 3695 significat,
1245 3606 1467 3688 episcopatum
1487 3605 1655 3685 ultimum3
1683 3606 1753 3685 alii,
1781 3606 1916 3672 exclusa
1936 3615 2085 3686 tonsure,
2114 3608 2222 3673 archi·

213 3711 313 3772 quam
334 3693 480 3776 vulgaris
497 3694 573 3773 olei;
596 3716 658 3760 nec
674 3694 764 3759 aliud
781 3688 922 3761 hebetur
938 3697 974 3761 in
991 3697 1098 3762 Marci
1115 3719 1192 3762 nar·
1245 3692 1467 3774 episcopatum
1480 3690 1649 3756 ordinibus
1670 3700 1899 3758 annumerant
1928 3690 2049 3776 Opinio
2071 3692 2151 3760 haec
2173 3700 2225 3758 cst
2259 3766 2264 3771 ,

211 3775 346 3840 ratione.
383 3778 444 3842 Isti
465 3780 573 3844 oleum
595 3802 662 3845 non
685 3781 872 3865 dignantur,
895 3783 960 3849 nisi
981 3784 1022 3848 ab
1044 3784 1193 3867 episcopo
1244 3777 1406 3860 Hugonis,
1425 3776 1528 3842 altera
1551 3776 1695 3843 Guilliel.
1708 3778 1948 3863 Parthenias)
1960 3777 2105 3845 Isidorus
2119 3778 2223 3844 ‚aliter

134 3924 137 3930 .
212 3871 446 3944 consecratum,
464 3865 526 3931 hcc
543 3873 593 3931 661
615 3866 718 3932 multo
739 3868 846 3933 halitu
864 3868 1070 3949 calefactum,
1088 3869 1192 3935 multo
1245 3863 1425 3946 distinguit
1459 3863 1556 3930 Facit
1576 3863 1664 3928 enim
1686 3863 1840 3944 diversos,
1863 3863 2049 3946 psalmistas
2070 3872 2104 3930 et
2124 3865 2223 3933 lecto-

211 3968 381 4012 murmure
399 3949 655 4027 incantatumet
669 3955 782 4019 novies
799 3955 885 4019 flexo
900 3978 989 4040 genu
999 3955 1191 4021 salutatum:
1244 3971 1307 4014 res.
1339 3948 1419 4014 Illos
1440 3949 1646 4015 cantionibus
1664 3951 1819 4031 praeficit,
1843 3951 1903 4016 hos
1919 3950 2068 4035 legendis
2084 3952 2224 4034 scriptu-

213 4040 264 4098 tcr
282 4054 343 4098 ave
360 4043 512 4099 sanctum
531 4035 653 4116 oleum,
681 4048 731 4104 ter
753 4062 814 4105 avc
835 4050 986 4107 sanctum
1006 4042 1158 4120 chrisma,
1167 4041 1192 4126 ¹)
1244 4037 1300 4113 ris,
1322 4035 1439 4117 quibus
1460 4035 1552 4118 Plebs
1576 4032 1616 4121 [11
1641 4033 1718 4121 370]
1741 4035 1918 4102 erudiatur·
1947 4038 2057 4118 Alellffl
2074 4037 2156 4103 haec
2173 4037 2223 4101 di·

214 4132 351 4184 cerave
378 4126 529 4185 sanetum
554 4120 594 4207 [p.
609 4122 685 4273 368)
714 4125 907 4191 balsamum.
958 4127 991 4194 A
1019 4150 1083 4211 quo
1110 4128 1193 4192 tales
1244 4121 1375 4187 stinctio
1396 4121 1575 4186 canonibus
1593 4121 1827 4209 observatamll)
2016 4161 2021 4170 ·

213 4206 411 4271 exorcismos
431 4205 632 4271 hausonmt?
682 4212 800 4276 acobus
822 4212 908 4289 dicit,
932 4213 1019 4295 quod
1038 4214 1094 4279 ubi
1111 4234 1192 4278 unc-
1329 4206 1373 4270 In
1397 4212 1490 4272 tanta
1510 4207 1682 4287 varietate,
1714 4208 1793 4290 quid
1819 4209 1912 4292 sequi
1938 4215 1995 4274 eut
2021 4208 2134 4292 lugere
2162 4230 2224 4277 nos

212 4298 267 4356 tus
288 4290 359 4356 6166
380 4292 480 4356 hierit
500 4293 651 4357 infirmus
668 4303 701 4358 et
718 4305 847 4360 oratum
869 4299 969 4363 firerit
986 4320 1085 4381 super
1106 4319 1190 4376 eum,
1244 4291 1380 4358 volunt?
1425 4291 1626 4358 Dicamusnc
1647 4315 1683 4359 se
1705 4302 1773 4359 tem
1794 4316 1865 4360 esse
1887 4293 2040 4360 ordines?
2086 4291 2143 4361 Sic
2164 4294 2223 4360 do·

212 4377 297 4441 siin
318 4378 459 4460 peccatis
481 4378 593 4457 hierit,
615 4382 823 4446 remittentur
845 4384 884 4460 ei,
907 4405 973 4448 non
994 4385 1191 4468 intelligens,
1244 4385 1296 4444 cet
1322 4378 1479 4462 magister
1504 4379 1642 4444 scholae.
1682 4315 1757 4444 lded
1783 4379 2060 4447 illuminatissimi.
2076 4379 2224 4448 doctores

212 4462 411 4545 pinguedine
444 4462 545 4528 deleri
571 4474 717 4547 6666616,
751 4466 809 4531 sed
841 4468 987 4534 fidelium
1019 4472 1190 4547 orationes,
1244 4464 1339 4529 aliter
1360 4463 1594 4545 determinant3
1618 4487 1766 4544 rursum,
1794 4466 1882 4531 inter
1903 4489 1938 4532 se
1959 4467 2022 4549 ipsi
2050 4465 2222 4548 dissident;

213 4549 331 4630 quibus
353 4549 503 4615 adflictus
519 4550 621 4615 frater
637 4552 710 4616 Deo
728 4554 975 4621 commendatus
994 4557 1102 4633 fuerit,
1125 4576 1192 4619 non
1242 4558 1412 4633 praeterea
1432 4551 1642 4616 sacratissimi
1660 4573 1801 4617 canones
1821 4551 1884 4617 6116
1902 4573 1963 4618 666
1979 4554 2141 4638 6666614)
2165 4551 2223 4619 Sic

212 4635 282 4698 fore
303 4635 421 4701 irritas.
454 4635 515 4701 Isti
536 4657 595 4718 per
615 4658 743 4703 sacram
764 4661 868 4719 suam,
890 4641 925 4705 id
946 4649 1004 4721 est,
1025 4641 1191 4706 616616166-
1244 4635 1366 4702 scilicet
1387 4637 1596 4702 consentiunt
1617 4636 1780 4717 homines,
1810 4659 1889 4702 eum
1914 4638 2074 4704 derebus
2102 4637 2224 4706 divinis

213 4717 312 4784 bilem
334 4722 537 4799 unctionem,
560 4730 693 4805 peccata
714 4725 836 4790 remitti
857 4727 956 4810 impie
977 4728 1189 4792 mentiuntur.
1243 4725 1314 4787 sine
1335 4723 1436 4788 verbo
1457 4722 1522 4787 Dei
1551 4722 1741 4806 disceptant
1785 4723 1859 4787 Iam
1880 4745 1972 4801 vero,
1999 4745 2075 4790 cum
2096 4723 2136 4790 de
2157 4725 2223 4789 ori·

214 4805 283 4882 En,
312 4808 568 4890 quampulchre
612 4811 775 4889 reficient,
798 4811 854 4878 ubi
874 4811 985 4879 Iacobi
1007 4813 1191 4879 testimonio

214 4910 273 4971 pro
295 4913 356 4957 sua
376 4891 510 4959 libidine
530 4896 612 4977 pro'
638 4917 657 4961 e
678 4897 768 4962 abuti
788 4899 939 4981 permissi
956 4899 1087 4965 hrerint.

1314 4978 1342 5047 1)
1361 4979 1420 5034 bib.
1438 4977 1463 5032 la
1482 4985 1597 5033 sentent.
1616 4980 1678 5032 dist.
1697 4979 1740 5032 21
1759 4997 1780 5032 6.
1800 4979 1824 5033 9.
1894 4979 1925 5049 2)
1943 4980 2017 5034 Haec
2035 4983 2132 5035 verba:
2156 4983 2223 5052 Opi·

1243 5049 1288 5102 nio
1307 5049 1403 5101 61616
1421 5049 1542 5116 margine
1560 5047 1672 5100 adiecto.
1693 5047 1767 5102 Ede.
1802 5048 1833 5116 3)
1851 5050 1971 5103 Isidorus
1990 5051 2048 5104 Lib.
2059 5049 2083 5103 7.
2102 5051 2222 5120 Etyrnol.

1243 5118 1376 5186 allegatur
1393 5133 1415 5169 c.
1439 5117 1533 5181 clercs,
1552 5118 1613 5169 dist.
1638 5115 1680 5169 21.
1702 5147 1736 5154 -
1759 5118 1828 5172 Dist.
1847 5117 1889 5170 23.
1908 5135 1930 5171 c.
1949 5120 2035 5172 lector
2053 5126 2081 5171 ct
2098 5136 2120 5172 c.
2139 5120 2222 5172 ostia·

403 5250 405 5253 ι
1243 5183 1308 5239 rius
1385 5183 1416 5252 4)
1434 5185 1493 5237 Lib.
1511 5184 1536 5238 4.
1555 5191 1671 5238 sentent.
1690 5186 1752 5238 dist
1771 5184 1814 5239 24.
1832 5203 1854 5240 c.
1874 5185 1898 5239 1.
1921 5188 1989 5240 duae
2008 5189 2121 5241 istarum
2139 5190 2223 5242 ratio-

285 5248 314 5319 1)
332 5253 422 5322 Lupsu
440 5257 605 5325 typographi
620 5258 704 5312 hebet
720 5258 909 5328 archetypum:
928 5258 1080 5316 charisma.
1117 5259 1192 5315 ΕΜ,
1243 5271 1307 5308 num
1331 5260 1479 5323 tanguntur
1503 5254 1699 5307 6616166121.
1718 5255 1781 5308 dist.
1800 5257 1922 5310 tertiae.
1941 5255 2054 5310 (16612.
2073 5263 2177 5327 quaest.
2197 5257 2221 5312 1.

215 5098 248 5106 α.
254 5101 289 5107 η-
295 5102 416 5110 ..-.,-1
