4770 6030
222 371 285 432 203
691 380 700 395 ‘
869 361 1135 431 INSTI'PUTIO
1156 363 1261 429 Rau.
1285 361 1465 429 OHRIST.
1491 363 1582 426 1536.
1838 387 1842 397 ’
2172 368 2236 430 204

222 559 403 638 simus-per
424 554 671 632 subiectionem,
699 559 738 617 ut
758 552 921 636 evangelii
942 552 1063 617 veritas
1084 573 1198 616 mane-
1250 560 1307 617 aut
1339 534 1490 635 argentb,
1524 552 1581 617 sed
1612 555 1743 637 proprio
1776 530 1935 638 sangiune
1963 554 2162 634 aestimavit,
2196 562 2233 620 ut

222 650 274 710 ret
294 640 381 726 apud
402 662 461 706 vos
484 640 573 724 (Gal.
595 639 640 720 2).
1249 638 1374 703 Paulus
1393 659 1460 702 non
1479 636 1606 703 dubitet
1623 638 1737 717 dicere,
1760 641 1889 704 irritam
1905 640 1977 705 fieri
1995 641 2065 705 eius
2082 650 2229 716 mortem,

307 727 478 792 Habemus
500 731 534 790 et
549 726 777 791 necessitatem
793 722 1010 815 vindicandae
1027 722 1196 801 libertatis,
1250 724 1278 788 si
1300 723 1426 788 animas
1447 731 1576 788 nostras
1603 724 1790 791 hominibus
1818 726 1853 790 in
1875 726 2109 791 subiectionem
2130 727 2232 792 tradi-

221 816 336 966 ht
362 808 1201 962 indideritffiitiiieiduddiffiditis&
1249 831 1352 961 th
1369 806 1627 960 hirtum
1645 810 2234 964 thlttttttttbbttt

221 919 401 1053 modificet
417 918 751 1066 speetandsipwffl
773 916 961 1047 aedificalzio.
997 979 1128 1060 Omnia,
1147 982 1199 1045 in·
1250 979 1304 1048 vel
1324 981 1431 1064 potius
1453 917 1709 1065 extingritqnisi
1737 984 1773 1048 in
1791 1005 1851 1048 sua
1872 983 2022 1048 libertate
2044 990 2133 1048 stent
2153 1005 2233 1050 con·

220 1073 291 1155 quit
312 1070 389 1135 alibi
407 1068 440 1154 (l
462 1067 535 1134 Oor.
558 1068 621 1154 10),
645 1068 727 1132 mihi
743 1068 852 1146 licent,
876 1073 911 1131 at
927 1067 1039 1131 omnia
1055 1087 1122 1130 non
1140 1089 1198 1131 ex·
1250 1068 1404 1133 scientiae
1424 1075 1570 1132 nostrae:
1595 1090 1697 1150 aqua
1714 1078 1802 1135 certe
1820 1068 2021 1147 exciderunt,
2046 1071 2075 1134 si
2096 1080 2232 1150 possunt

219 1157 364 1240 pediunt.
416 1153 538 1221 Omnia
563 1155 644 1219 mihi
671 1155 779 1232 licent,
804 1161 838 1218 at
859 1174 927 1217 non
954 1154 1064 1217 omnia
1086 1153 1197 1218 aedifi·
1250 1153 1421 1217 hominum
1442 1153 1591 1232 arbitrio,
1615 1153 1726 1238 legum
1748 1176 1785 1221 ae
1807 1155 2074 1221 constitutionum
2098 1151 2137 1241 [p.
2153 1155 2230 1242 418]

120 1273 123 1289 =
220 1251 306 1310 cant.
350 1242 455 1306 Nemo
483 1240 569 1324 quod
597 1262 694 1306 suum
716 1246 766 1305 est
786 1246 939 1322 quaerat,
962 1238 1020 1304 sed
1040 1238 1127 1321 quod
1150 1239 1197 1303 al-
1249 1238 1389 1304 vinculis
1407 1238 1585 1320 illaqueari.
1615 1239 1750 1319 Verum,
1768 1247 1807 1305 ut
1823 1263 1876 1306 res
1893 1247 1944 1305 est
1960 1241 2093 1324 cognitu
2111 1240 2234 1325 dignis·

220 1331 332 1395 terius.
365 1327 457 1392 Nihil
474 1330 541 1392 iam
558 1327 621 1393 hac
638 1327 753 1409 regola
770 1325 953 1407 expeditius
970 1346 1078 1407 quam,
1102 1332 1198 1389 uten-
1250 1326 1347 1402 sima,
1381 1325 1428 1389 ita
1455 1324 1595 1408 longiori
1621 1327 1790 1410 magisque
1817 1327 1990 1409 perspicua
2016 1326 2232 1409 explicatione

222 1415 301 1480 dum
323 1414 472 1479 libertate
493 1419 623 1492 nostra,
653 1413 737 1477 siin
758 1412 900 1495 proximi
921 1413 1026 1476 nostri
1048 1409 1198 1476 aedifica-
1249 1409 1382 1494 indiget
1420 1408 1542 1475 Statim
1563 1412 1764 1495 animatque
1781 1411 1821 1477 de
1839 1413 2232 1489 humanarumconstitu·

221 1502 344 1566 tionem
361 1498 469 1579 cedat3
492 1500 543 1564 sin
560 1500 608 1563 ita
625 1499 772 1581 proximo
794 1519 861 1562 non
878 1497 1039 1579 expediat,
1062 1518 1101 1561 ea
1118 1503 1199 1561 tunc
1249 1497 1376 1560 tionum
1393 1496 1601 1579 abrogatione
1619 1497 1756 1562 verbum
1772 1499 1896 1564 factum
1912 1506 1971 1577 est,
1993 1500 2143 1582 ingentes
2161 1508 2232 1564 tur·

223 1585 461 1652 abstinendum
509 1583 550 1672 [p.
568 1583 645 1670 416]
672 1583 761 1649 Sunt
782 1584 838 1665 qui
857 1583 1033 1648 Paulinam
1054 1581 1198 1666 pruden-
1250 1582 1310 1647 bae
1338 1583 1460 1665 partim
1487 1603 1507 1646 a
1535 1582 1711 1662 seditiosis,
1744 1585 1914 1667 partima
1945 1583 2232 1652 calumniatoribus

221 1673 303 1738 tiam
324 1671 482 1737 simulant
508 1672 544 1735 in
567 1671 763 1736 abstinentia
785 1669 960 1747 libertatis,
983 1668 1067 1732 nihil
1088 1669 1198 1733 minus
1250 1677 1505 1746 commoventur,
1528 1669 1622 1751 quasi
1644 1671 1798 1735 universa
1819 1669 1917 1735 simul
1939 1670 2073 1734 tollatur
2095 1692 2133 1737 ac
2155 1671 2232 1737 sub·

219 1779 319 1842 quam
337 1759 372 1822 in
390 1758 496 1822 officia
513 1755 657 1822 caritatis
675 1777 748 1820 eam
765 1754 977 1821 conferentes.
1008 1753 1097 1819 Suae
1110 1754 1198 1818 enim
1249 1760 1399 1819 vertatur
1420 1753 1590 1818 hominum
1612 1755 1803 1820 obedientia

221 1845 321 1928 quieti
344 1851 381 1908 ut
398 1842 579 1921 consulant,
602 1862 733 1906 ornnem
752 1839 911 1907 libertatis
929 1841 1130 1905 mentionem
1147 1862 1197 1905 so-
1335 1837 1390 1904 Ad
1418 1860 1495 1904 eum
1521 1861 1600 1923 ergo
1633 1840 1776 1923 lapidem
1803 1863 1846 1906 nc
1869 1842 1941 1924 quis
1962 1842 2132 1925 impingat,
2160 1846 2232 1908 ani-

220 1931 347 2013 pultam
368 1936 491 2011 optant,
515 1950 591 1993 oum
607 1950 675 1992 non
691 1929 801 1992 minus
818 1927 948 1992 intersit
964 1927 1197 2010 proximorum,
1250 1924 1503 2003 madvertamus,
1527 1925 1648 2008 duplex
1666 1947 1737 1991 esse
1758 1927 1793 1991 in
1815 1926 1948 1992 homine
1967 1928 2127 2011 regimen:
2151 1928 2232 1994 alte-

220 2016 405 2080 libertatem
425 2015 461 2078 in
484 2035 596 2079 eorum
617 2014 741 2079 bonum
762 2020 795 2077 et
817 2011 1074 2078 aedificationem
1095 2013 1198 2077 inter·
1250 2032 1325 2074 rum
1344 2011 1527 2093 spirituale,
1556 2033 1619 2094 quo
1642 2013 1840 2077 mnscientia
1864 2011 1907 2077 ad
1933 2013 2089 2095 pietatem
2108 2025 2142 2078 et
2162 2014 2232 2079 cul-

221 2100 301 2166 dum
327 2121 503 2183 usurpare,
531 2121 629 2182 quam
656 2121 714 2181 pro
740 2099 886 2181 ipsorum
914 2096 1097 2176 commodo,
1125 2119 1198 2165 eam
1250 2103 1322 2178 tum
1341 2096 1407 2162 Dei
1428 2096 1624 2176 instituitur,
1654 2097 1794 2162 alterum
1814 2098 1997 2180 politicum,
2020 2119 2084 2183 quo
2106 2099 2148 2165 ad
2170 2100 2232 2165 hu·

220 2187 291 2254 loco
312 2185 483 2251 moderari.
529 2183 696 2267 Quidquid
725 2190 835 2249 autem
857 2183 897 2248 de
919 2183 1073 2249 cavendis
1095 2184 1198 2248 offen·
1250 2182 1417 2247 munitatis
1446 2190 1480 2247 et
1505 2182 1671 2248 civilitatis
1697 2184 1819 2263 officia,
1854 2205 1938 2267 quae
1965 2185 2052 2250 inter
2084 2185 2232 2252 homines

222 2273 338 2351 dionlis
360 2271 469 2351 docui,
497 2270 610 2336 adres
633 2269 757 2335 medias
778 2277 812 2334 et
837 2268 1062 2334 indifferentes
1084 2270 1198 2335 referri
1251 2267 1414 2334 servanda
1435 2277 1520 2347 sunt,
1542 2268 1640 2333 homo
1667 2268 1823 2335 eruditur.
1867 2270 1978 2354 Vulgo
2001 2271 2159 2354 appellari
2180 2294 2232 2338 so-

222 2359 304 2425 volo.
349 2358 436 2422 Nam
466 2379 549 2442 quae
570 2357 755 2422 necessaria
776 2362 855 2421 sunt
875 2355 978 2434 facti,
1006 2355 1130 2420 nullius
1151 2355 1199 2419 of·
1250 2353 1328 2432 lent,
1351 2353 1529 2420 iurisdictio
1547 2355 1725 2437 spiritualis
1747 2363 1781 2421 ct
1801 2357 1989 2438 temporalis
1996 2380 2004 2435 ;
2026 2378 2093 2422 non
2112 2359 2232 2442 impro-

221 2444 377 2510 fendiculi
408 2444 525 2508 timore
551 2440 731 2507 omittenda
757 2448 845 2507 sunt
895 2440 1057 2522 Equidem
1086 2449 1119 2505 et
1144 2441 1199 2505 hic
1250 2441 1331 2523 priis
1357 2440 1558 2518 nominibus,
1591 2441 1708 2523 quibus
1733 2442 1936 2525 significatur
1967 2443 2109 2526 priorem
2141 2443 2233 2508 illam

221 2531 366 2597 coriatis
387 2530 547 2594 rationem
567 2527 684 2592 haberi
706 2528 813 2605 decet,
842 2526 901 2593 sed
922 2548 1024 2609 usque
1046 2527 1088 2591 ad
1110 2548 1197 2592 aras:
1251 2526 1420 2610 regiminis
1442 2526 1583 2608 speciem
1604 2525 1647 2590 ad
1664 2529 1792 2592 animae
1813 2529 1917 2592 vium
1938 2530 2116 2611 pertinere,
2146 2529 2231 2594 hanc

221 2616 284 2682 hoc
304 2623 363 2695 est,
385 2637 428 2680 nc
448 2616 485 2679 in
506 2615 645 2698 gratiam
667 2614 809 2695 proximi
830 2614 941 2678 Deum
963 2613 1175 2678 offendamus.
1252 2621 1377 2690 autem,
1406 2612 1441 2675 in
1468 2612 1534 2691 his,
1563 2632 1645 2694 quae
1672 2614 1854 2695 praesentis
1880 2615 1967 2678 vitae
1994 2621 2072 2681 sunt
2092 2615 2231 2694 versari3

307 2702 383 2766 Non
408 2702 509 2785 probo
539 2721 652 2764 corum
678 2700 920 2782 intemperiem,
949 2701 1005 2782 qui
1030 2699 1115 2763 nihil
1136 2699 1201 2764 nisi
1251 2720 1318 2762 non
1339 2697 1471 2781 quidem
1492 2699 1527 2761 in
1548 2698 1710 2780 pascendo
1733 2705 1791 2763 aut
1805 2698 1983 2778 vestiendo,
2006 2699 2063 2765 sed
2080 2701 2115 2764 in
2136 2722 2231 2783 prae-

220 2787 452 2853 tumultuando
469 2791 573 2870 agrmt
591 2793 625 2849 et
646 2786 701 2868 qui
718 2805 929 2868 perrumpere
947 2785 1057 2850 omnio
1073 2785 1201 2850 malunt
1253 2783 1432 2850 scribendis
1459 2784 1600 2866 legibus,
1630 2785 1747 2866 quibus
1773 2784 1872 2849 homo
1897 2787 1986 2851 inter
2013 2786 2160 2851 homines
2181 2787 2231 2852 vi·

220 2896 320 2956 quam
342 2873 496 2938 dissuere.
530 2873 578 2936 At
598 2892 660 2938 nec
682 2892 737 2936 eos
759 2869 864 2949 audio,
886 2872 940 2953 qui
963 2893 1038 2936 cum
1058 2872 1094 2934 in
1110 2871 1201 2935 mille
1252 2877 1321 2935 tam
1343 2869 1478 2934 honeste
1500 2868 1708 2953 modesteque
1730 2871 1849 2955 exigat.
1879 2871 1968 2935 Nam
1988 2870 2046 2937 illa
2065 2873 2102 2935 in
2122 2872 2231 2936 animo

220 2959 528 3043 impietatisformas
546 2957 690 3023 ducesse
707 2957 874 3041 praebent,
894 2958 940 3022 sic
958 2957 1019 3022 sibi
1037 2956 1201 3041 agendum
1252 2956 1398 3020 interiori
1420 2954 1530 3021 sedem
1552 2955 1665 3033 habet,
1695 2957 1780 3029 haec
1805 2963 1916 3021 autem
1944 2963 2096 3024 externos
2125 2979 2232 3023 mores

220 3047 365 3129 tingunt,
393 3065 436 3108 ne
456 3044 614 3126 proximis
636 3044 702 3108 sint
723 3041 925 3121 offendiculo,
948 3043 1041 3126 quasi
1062 3065 1129 3107 non
1150 3044 1201 3106 in·
1253 3041 1415 3105 duntaxat
1446 3042 1617 3123 componit.
1673 3042 1827 3107 Alterum
1858 3064 1976 3108 vocare
2006 3044 2100 3109 nobis
2136 3043 2233 3110 liceat

222 3131 320 3196 terim
340 3130 563 3212 proximorum
585 3130 797 3195 conscientias
815 3130 850 3193 in
870 3129 995 3194 malum
1015 3128 1199 3195 aedificent:
1252 3148 1392 3210 regnum
1413 3127 1590 3209 spirituale,
1611 3127 1753 3192 alterum
1773 3150 1913 3213 regnum
1929 3128 2106 3211 politieum
2139 3129 2249 3217 Haec,

221 3216 415 3300 praesertim
443 3215 498 3280 ubi
525 3215 617 3279 nulla
643 3237 700 3298 spe
722 3216 843 3294 exitiis,
870 3217 907 3280 in
934 3214 1048 3280 eodem
1074 3236 1202 3298 semper
1253 3221 1365 3278 autem
1385 3212 1458 3291 duo,
1480 3219 1519 3277 ιιι
1538 3213 1651 3296 partiti
1672 3236 1794 3293 sumus,
1817 3235 1965 3280 seorsum
1981 3215 2112 3367 Sinfflda
2133 3215 2232 3299 dispi-

222 3301 360 3367 haerent
375 3301 444 3366 lutc
463 3301 495 3387 (l
509 3300 584 3368 θοι.
597 3301 641 3385 8).
671 3302 716 3365 Et
732 3323 848 3367 suaves
870 3301 1028 3380 homines,
1051 3322 1108 3367 seu
1127 3301 1202 3367 doo-
1253 3299 1377 3377 cienda,
1401 3310 1434 3363 ct
1455 3298 1535 3363 dum
1556 3299 1697 3364 alterum
1713 3306 1883 3380 tractatur,
1906 3307 2030 3368 avocan
2055 3303 2232 3368 'averten-

222 3389 325 3471 tripa,
356 3409 415 3453 seu
435 3389 525 3453 vitae
552 3387 700 3470 exemplo
718 3388 761 3452 sit
781 3386 1001 3452 instituendus
1023 3389 1200 3471 proximus,
1255 3384 1350 3468 dique
1379 3382 1418 3472 [p.
1442 3382 1520 3471 419]
1544 3384 1585 3450 ab
1609 3385 1744 3453 alterius
1766 3387 1960 3469 cogitatione
1983 3385 2098 3453 animi!
2144 3385 2233 3453 Sunt

222 3476 315 3540 aiunt
334 3472 419 3540 lacte
435 3472 636 3558 pascendum
658 3495 744 3551 esse,
773 3495 870 3555 quern
890 3473 1040 3556 pessimis
1062 3473 1202 3538 exitiali·
1253 3472 1397 3541 enimin
1418 3472 1550 3536 homine
1571 3471 1674 3536 veluti
1700 3471 1815 3538 mundi
1843 3471 1922 3551 due,
1950 3473 2067 3555 quibus
2095 3480 2128 3538 et
2148 3475 2233 3538 varii

220 3561 345 3643 busque
366 3560 571 3644 opinionibus
592 3558 752 3624 imbuunt.
796 3559 908 3624 Laetis
929 3565 1009 3642 potu
1028 3582 1070 3638 sc,
1084 3559 1203 3625 aluisse
1253 3579 1347 3642 reges
1369 3565 1403 3622 et
1421 3558 1533 3622 variae
1560 3555 1649 3641 leges
1674 3579 1824 3641 praeesse
1852 3565 1997 3641 possunt
2041 3557 2126 3634 (irim
2152 3580 2231 3642 ergo

223 3645 410 3711 Corinthios
438 3647 564 3712 Paulus
592 3651 824 3711 commemorat
852 3644 884 3729 (1
900 3643 974 3710 Oor.
988 3644 1032 3731 3).
1078 3645 1146 3712 Sed
1174 3648 1202 3711 si
1254 3644 1296 3709 ad
1330 3644 1391 3709 boo
1423 3643 1590 3726 spirituale
1622 3665 1763 3728 regnum
1794 3644 1970 3728 pertineat,
2002 3642 2157 3727 quidquid
2189 3643 2231 3709 de

222 3739 295 3796 tum
311 3733 398 3797 inter
414 3755 469 3798 eos
485 3734 601 3798 fnisset
618 3732 727 3810 missa,
751 3752 794 3795 an
813 3731 1027 3796 sacrificasset
1044 3733 1085 3796 ad
1107 3754 1202 3815 prae·
1255 3731 1434 3796 christiana
1459 3728 1609 3794 libertate
1630 3751 1651 3793 a
1677 3730 1770 3795 nobis
1792 3731 1915 3796 dictum
1937 3737 2001 3808 est,
2022 3729 2058 3795 in
2079 3729 2140 3795 hoc
2162 3752 2231 3796 ser·

222 3816 366 3882 bendum
389 3815 429 3904 [p.
448 3817 633 3968 tlrhipsis
654 3818 748 3883 lactis
769 3817 931 3900 pastum‘l.
966 3819 1014 3882 At
1034 3818 1085 3884 lac
1102 3840 1202 3884 vcna-
1254 3837 1351 3882 mone
1373 3815 1502 3881 nullum
1522 3813 1680 3881 adversus
1700 3816 1869 3899 politicum
1889 3815 2000 3900 legum
2021 3823 2079 3881 aut
2100 3815 2231 3900 legisla-

223 3924 304 3966 num
324 3924 392 3967 non
413 3913 471 3968 est.
554 3905 724 3968 entiuntur
741 3924 836 3987 ergo,
863 3924 899 3968 se
926 3902 1013 3968 alere
1040 3925 1120 3987 quos
1141 3906 1201 3971 sub
1254 3911 1361 3967 torum
1388 3901 1536 3966 ordinem
1564 3901 1657 3968 nobis
1678 3909 1843 3967 certamen
1863 3908 1932 3982 est,
1961 3901 2019 3968 sed
2040 3908 2153 3968 eontm
2172 3922 2231 3985 po-
2310 3953 2322 3971 .

223 3986 472 4054 blanditiarum-
496 3991 602 4072 specie
634 3989 810 4055 crudeliter
841 3995 967 4054 necant.
1023 3990 1133 4073 Atque
1164 3998 1202 4056 ιιι
1253 3995 1406 4054 testatem
1424 4008 1524 4071 quam
1545 3996 1706 4070 usurpant
1726 3989 1802 4067 sibi,
1831 3988 1888 4072 qui
1908 3994 2056 4070 pastores
2077 3987 2232 4054 ecclesiae

223 4073 352 4154 demus,
379 4075 582 4158 probandam
599 4075 641 4140 a'd
663 4083 792 4159 tempus
813 4074 995 4140 istiusmodi
1017 4074 1201 4142 dissimula-
1253 4074 1358 4140 rideri
1378 4074 1508 4151 volunt,
1531 4094 1567 4137 re
1589 4081 1699 4138 autem
1719 4096 1800 4140 vera
1821 4074 2002 4142 saevissimi
2024 4082 2102 4140 sunt
2122 4075 2230 4140 carni-

221 4161 359 4237 tionem,
388 4182 554 4243 quousque
581 4169 692 4225 tamen
718 4183 764 4245 pu
821 4185 837 4225 s
866 4181 941 4226 suos
967 4160 1081 4226 codem
1107 4170 1200 4245 pota-
1252 4163 1338 4226 fioes.
1390 4159 1482 4241 Quas
1508 4160 1597 4224 enim
1624 4158 1713 4243 leges
1746 4159 1905 4238 condunt,
1941 4159 2127 4241 spirituales
2159 4181 2230 4226 esse

142 4307 150 4322 ,
220 4245 303 4310 bunt
323 4247 429 4312 lacte?
473 4247 560 4312 Nam
587 4247 615 4311 si
634 4182 1059 4332 nunquab⁰grandescunt‚
1087 4255 1126 4312 ut
1146 4247 1199 4312 vel
1253 4248 1360 4326 aiunt,
1386 4246 1430 4312 ad
1451 4245 1594 4310 animam
1615 4247 1830 4328 pertinentes,
1860 4252 1893 4311 et
1913 4266 1969 4311 eas
1987 4245 2030 4311 ad
2051 4246 2154 4312 vitam
2175 4267 2231 4310 ae-

221 4338 354 4397 tenuem
386 4332 502 4398 saltem
534 4332 675 4416 aliquem
709 4333 818 4399 cibum
850 4333 936 4398 ferre
967 4334 1106 4416 possint,
1139 4354 1199 4400 nec
1251 4339 1381 4398 ternam
1412 4331 1611 4397 neocesariae
1644 4332 1818 4397 affirmant
1864 4330 1921 4397 Sic
1953 4341 2063 4397 autem
2090 4352 2232 4415 regnum

220 4417 304 4484 lacte
325 4419 424 4485 fuisse
446 4440 590 4502 unquam
611 4418 764 4485 educatos
786 4425 912 4484 eertum
933 4425 991 4483 est
1251 4418 1377 4485 Christi
1397 4416 1579 4498 invaditur,
1608 4419 1654 4484 sic
1675 4418 1808 4484 libertas
1830 4417 1871 4483 ab
1894 4417 1964 4500 ipso
1989 4416 2137 4483 fidelium
2152 4437 2231 4484 eon·

305 4505 379 4570 Iam
400 4525 477 4570 vero
500 4526 575 4570 cum
595 4504 659 4571 hac
680 4505 839 4571 libertatis
859 4503 1097 4588 praegorativa,
1119 4525 1199 4586 qua-
1251 4505 1394 4571 soientiis
1416 4503 1502 4583 data,
1524 4505 1719 4587 opprimitur
1738 4505 1869 4587 penitus
1890 4525 1929 4569 ac
1950 4503 2118 4569 disiicitur.

220 4589 286 4654 lem
307 4599 404 4657 antea
425 4590 663 4673 descripsimus,
687 4589 826 4656 donatae
842 4588 956 4655 fideles
973 4588 1197 4670 conscientiae,
1337 4591 1442 4657 Taceo
1470 4611 1574 4669 nunc,
1608 4597 1730 4675 quanta
1762 4589 1929 4672 impietate
1957 4589 2069 4674 logum
2095 4609 2231 4655 sumum

221 4674 392 4742 inGhristi
407 4677 563 4743 beneficio
574 4683 766 4743 consecutae
777 4677 844 4742 sint
859 4696 903 4740 ne
914 4674 990 4740 ullis
1000 4674 1198 4741 observatio-
1250 4676 1510 4743 observationem
1537 4675 1672 4755 faciant,
1703 4676 1783 4741 dum
1807 4696 1850 4740 ex
1875 4675 1948 4757 ipsa
1968 4687 2002 4740 et
2022 4681 2231 4757 peccatorum

220 4782 302 4826 num
321 4762 445 4844 laqueis
462 4763 499 4828 in
520 4763 560 4828 iis
580 4763 677 4829 rebus
696 4762 919 4845 implicentur,
947 4761 983 4824 in
1004 4760 1121 4844 quibus
1142 4783 1198 4829 eas
1249 4763 1474 4829 remissionem
1501 4769 1535 4827 et
1552 4763 1710 4828 iustitiam
1736 4782 1893 4844 quaerere
1920 4760 2051 4840 docent,
2080 4761 2161 4827 dum
2179 4767 2231 4826 to·

221 4867 292 4912 esse
313 4847 432 4914 liberas
452 4849 615 4914 Dominus
635 4848 754 4927 voluit,
781 4847 929 4912 omnium
950 4845 1122 4912 hominum
1140 4870 1206 4935 po·¹
1249 4856 1319 4914 tam
1340 4849 1505 4932 religionis
1527 4854 1560 4914 et
1580 4848 1710 4930 pietatis
1731 4868 1895 4912 summam
1915 4848 1950 4911 in
1977 4848 2050 4930 ipsa
2071 4853 2228 4912 statuunt

220 4937 337 4998 testate
370 4942 516 5000 exemtus
544 4956 614 5000 esse
647 4934 881 5000 constituimus.
932 4931 995 4997 blst
1026 4934 1115 4998 enim
1145 4936 1198 5000 in-
1249 4936 1323 5002 Hoc
1344 4957 1449 5000 unum
1469 4932 1642 5013 contendo,
1670 4933 1897 4999 necessitatem
1917 4933 2044 5018 imponi
2062 4933 2230 4999 conscien-

221 5016 370 5102 dignum,
394 5026 451 5084 aut
472 5019 605 5086 Christo
626 5021 767 5104 gratiam
787 5026 899 5084 ιιιιιιιο
921 5039 1000 5085 suae
1020 5018 1197 5086 liberalita—
1249 5022 1303 5087 tiis
1323 5041 1390 5086 non
1410 5019 1542 5100 debere,
1569 5020 1743 5103 inquibus
1770 5019 1867 5084 rebus
1890 5041 1911 5084 a
1932 5018 2065 5085 Ohristc
2086 5018 2230 5089 liberan-

219 5105 265 5169 tis
289 5106 412 5188 perire:
446 5112 504 5171 aut
535 5105 739 5171 conscientiis
771 5106 850 5187 ipsis
881 5103 1033 5170 fructum.
1084 5105 1197 5191 Neque
1249 5114 1312 5188 tur,
1335 5127 1396 5172 nec
1416 5108 1481 5172 nisi
1501 5106 1665 5185 liberatae,
1687 5111 1726 5170 ut
1745 5111 1843 5170 antea
1864 5104 2042 5182 docuimus,
2063 5105 2230 5188 quiescere

221 5211 274 5257 res
300 5190 441 5258 levicula
465 5190 683 5257 existimanda
708 5190 801 5255 nobis
828 5198 893 5270 est,
921 5211 1021 5275 quam
1048 5191 1197 5262 videmus
1249 5193 1337 5276 apud
1365 5193 1476 5258 Deum
1510 5198 1654 5274 possunt
1715 5190 1859 5256 Unicum
1888 5211 2003 5274 regem
2039 5196 2228 5274 agnoscant,

220 5277 304 5342 tanti
331 5276 466 5344 Ohristo
492 5277 681 5342 constitisse.
731 5274 868 5358 Utpote,
897 5297 996 5359 quam
1023 5298 1090 5343 non
1117 5302 1196 5347 auro
1249 5300 1345 5346 suum
1372 5278 1580 5344 liberatorem
1601 5274 1786 5356 Christum,
1816 5283 1851 5341 et
1875 5296 1945 5341 nna
1964 5275 2124 5341 libertatis
2145 5275 2228 5360 lege,
