4770 6030
190 371 296 435 xxu
725 365 989 433 msrrrurro
1011 349 1286 432 asnieroms
1308 365 1634 433 esaisrmusn.

96 603 105 628 t
190 559 242 623 his
264 558 499 641 prolegomenis
520 556 760 620 nominabimus
781 577 824 618 ne
846 554 959 619 alienis
981 555 1153 632 laboribus,
1176 555 1294 619 iniusto
1316 555 1443 620 silentio
1465 555 1607 649 sepultis,
1630 554 1692 634 ipsi
1712 551 1869 618 invidiose
1892 553 1979 616 abuti
1997 552 2174 617 videamur.

190 670 263 735 Hoc
285 669 354 734 loco
376 670 411 731 in
432 670 622 732 universum
643 667 885 748 praemonuisse
907 666 1054 742 sufficiat,
1078 664 1164 747 apud
1186 666 1357 747 scriptores
1378 665 1449 731 illos
1471 666 1526 749 qui
1549 665 1679 730 Calvini
1700 665 1802 730 vitam
1824 670 2028 742 enarrarunt,
2052 663 2177 727 aBeaa

189 781 334 864 principe
356 779 398 843 ad
420 777 649 843 Staehelinum
675 800 786 860 usque,
808 799 867 840 nos
888 797 992 858 pauca
1018 783 1147 840 tantum
1168 778 1326 858 reperisse
1347 797 1429 859 quae
1451 778 1487 841 in
1508 765 1656 841 nostrum
1677 798 1774 841 usum
1795 782 1982 841 convertere
2003 776 2175 856 potuimus.

54 926 64 940 ν
188 891 318 956 Horum
338 911 475 954 numero
495 889 687 954 eximendus
707 911 793 953 unus
814 888 937 952 Paulus
959 887 1077 971 Henry
1103 889 1159 970 qui
1186 888 1384 970 singularem
1406 910 1518 954 curam
1539 889 1586 951 rei
1606 886 1880 970 bibliographicae
1901 886 2022 952 dicavit
2042 885 2099 951 sed
2120 908 2177 968 po-

189 1003 255 1066 tius
276 1002 310 1066 id
333 1003 437 1084 egisse
458 1000 589 1066 videtur
610 1007 647 1064 ut
668 1022 710 1064 ne
731 998 808 1081 quid
830 1000 1006 1077 omitteret,
1033 1019 1131 1081 quam
1153 1007 1190 1063 ut
1211 998 1352 1081 undiquc
1379 1020 1525 1064 corrasas
1553 1021 1628 1064 suas
1649 1000 1756 1080 copias
1779 1019 1891 1064 severo
1912 998 2056 1062 examini
2078 998 2177 1063 subii-

188 1121 284 1179 ceret.
328 1113 440 1176 Etiam
462 1112 548 1194 apud
570 1112 743 1193 scriptores
765 1110 918 1175 historiae
940 1111 1110 1174 literarum
1136 1111 1393 1194 theologicarum
1415 1111 1556 1193 alioquin
1582 1111 1840 1193 probatissimos,
1869 1108 2058 1188 Buddeum,
2086 1111 2177 1175 Paf-

186 1226 282 1303 fium‚
316 1223 521 1301 Walchium,
556 1223 635 1287 alios
661 1223 718 1287 vix
745 1223 880 1286 minoris
908 1223 1062 1299 nominis,
1089 1242 1156 1285 non
1178 1243 1217 1286 ea
1243 1221 1295 1286 vel
1317 1222 1536 1303 praesentium
1563 1222 1798 1303 exemplarium
1819 1221 1978 1304 supellex,
2007 1220 2061 1285 vel
2082 1230 2178 1287 cauta

186 1338 320 1400 testium
340 1336 501 1416 probatio,
530 1342 567 1398 ut
593 1328 706 1398 secure
728 1333 844 1415 aliquis
872 1333 908 1397 in
930 1319 1042 1396 eorum
1069 1332 1223 1417 symbolis
1245 1333 1419 1397 subsistere
1440 1340 1544 1414 queat
1590 1331 1717 1413 Quibus
1739 1333 1851 1397 eodem
1872 1333 2003 1398 nomine
2028 1332 2178 1399 addimus

188 1446 298 1532 Baylii
319 1446 462 1523 lexicon,
491 1443 671 1510 Senebierii
692 1445 861 1509 historiam
883 1465 1099 1526 genevensem
1119 1444 1312 1523 literariam,
1340 1451 1373 1508 et
1391 1445 1499 1526 ipsum
1519 1445 1561 1508 D.
1585 1442 1781 1510 Gerdesium
1801 1445 1856 1526 qui
1878 1444 2001 1524 primus
2023 1443 2101 1508 olim
2121 1466 2178 1527 pe·

132 1621 139 1635 ,
188 1558 343 1624 culiarem
365 1557 670 1642 commentationem
690 1556 730 1620 de
751 1556 826 1648 fatis
848 1556 953 1637 operis
971 1555 1145 1620 calviniani
1165 1555 1383 1621 Miscellaneis
1402 1557 1612 1639 groninganis
1629 1556 1774 1633 inseruit,
1798 1577 1884 1619 anno
1903 1559 1985 1618 1750
2004 1554 2110 1638 (Tem
2131 1557 2177 1621 H.

188 1670 226 1734 P.
245 1670 272 1733 Ι.
294 1690 325 1751 p.
346 1672 405 1731 451
428 1665 529 1751 seqq.)
552 1674 584 1731 et
605 1668 717 1732 multis
739 1667 971 1733 recentioribus
994 1671 1026 1731 et
1047 1667 1200 1732 scientiae
1222 1674 1255 1731 et
1276 1688 1424 1731 errorum
1445 1668 1516 1732 fons
1538 1667 1648 1732 evasit.
1689 1664 1837 1746 Quorum
1859 1667 2004 1731 omnium
2025 1667 2178 1733 eruditio-

188 1750 266 1846 hem
285 1802 324 1845 ea
345 1800 410 1862 qua
430 1801 490 1862 par
512 1786 562 1843 est
581 1779 678 1843 laude
699 1779 849 1861 prosequi
870 1800 939 1843 non
960 1778 1132 1842 abnuimus
1139 1801 1147 1857 ;
1174 1780 1232 1842 vix
1252 1785 1361 1842 tamen
1384 1786 1461 1843 sunt
1482 1800 1561 1861 quos
1589 1800 1630 1843 ex
1653 1801 1765 1844 eorum
1785 1778 1948 1843 laboribus
1969 1785 2114 1846 maturos
2135 1781 2178 1846 ad

189 1914 259 1957 rem
285 1899 432 1957 nostram
458 1890 662 1955 transtulisse
688 1891 813 1955 fruetus
834 1891 1053 1972 profiteamur.
1097 1889 1280 1968 Hactenus,
1310 1896 1420 1955 nostro
1441 1890 1573 1968 iudicio,
1595 1891 1736 1955 multum
1758 1896 1902 1955 caeteros
1923 1891 2089 1956 antecellit
2108 1893 2179 1957 Da-

188 2003 280 2070 vides
295 2003 454 2082 (ilement,
473 2004 527 2084 qui
545 2004 582 2066 in
599 1980 657 2066 suo
677 2002 781 2066 lexico
799 2000 1010 2080 Broteasque
1028 2000 1277 2079 accusation,
1297 2023 1321 2065 s.
1340 2001 1485 2084 catalogo
1509 2001 1665 2066 librorum
1682 2002 1843 2066 rariorum
1860 2001 1973 2066 T.'VI.
1993 2024 2024 2084 p.
2043 2007 2082 2066 64
2095 2024 2181 2087 seqq.

188 2121 257 2179 tam
280 2114 453 2197 diligenter
474 2120 507 2179 et
529 2119 679 2179 accurate
703 2112 921 2177 Institutionis
943 2110 1099 2176 editiones
1119 2119 1280 2190 recenset,
1303 2119 1340 2174 ut
1362 2112 1425 2176 nisi
1444 2112 1592 2194 pluribus
1614 2115 1713 2177 etiem
1734 2133 1832 2196 quam
1853 2112 1908 2176 ille
1930 2113 2080 2179 subsidiis
2102 2115 2182 2180 fiiis-

189 2248 298 2291 semus
320 2227 478 2304 instructi,
502 2225 589 2290 ultra
611 2246 686 2289 eum
708 2245 821 2306 sapere
842 2244 907 2288 non
929 2223 1152 2289 valuissemus.

343 2337 588 2402 Institutionem
619 2335 785 2418 religionis
818 2335 1014 2401 christianae
1042 2334 1259 2400 calvinianam
1285 2333 1410 2398 duabus
1432 2334 1624 2401 editionibus
1652 2337 1691 2400 ab
1718 2342 1830 2400 autore
1856 2338 1926 2419 ipso
1954 2337 2074 2418 publici
2100 2338 2183 2404 iuris

187 2450 307 2514 factam
327 2470 406 2527 esse,
431 2447 533 2512 altera
553 2446 665 2525 latina,
689 2447 792 2512 altera
814 2447 940 2529 gallica,
964 2467 1059 2529 nemo
1082 2447 1206 2528 estqui
1230 2446 1362 2510 nesciat.
1408 2445 1588 2529 Utramque
1609 2447 1710 2530 igitur
1730 2449 1765 2511 in
1785 2455 1933 2512 nostram
1954 2469 2088 2530 operum
2105 2446 2182 2514 eat

187 2561 256 2626 vini
284 2559 505 2626 collectionem
534 2557 753 2641 recipiendam
787 2580 857 2623 esse
889 2565 979 2640 patet
997 2563 1033 2621 et
1060 2558 1259 2639 praefatione
1280 2558 1392 2622 critica
1412 2557 1649 2622 illustrandam.
1696 2556 1773 2653 Sed
1786 2559 1825 2623 de
1847 2565 1984 2642 utraque
2006 2561 2182 2644 separatim

188 2671 348 2749 dicemus,
376 2693 419 2737 ne
441 2691 523 2753 quae
543 2670 660 2735 melius
682 2669 835 2735 distincta
856 2668 961 2734 discas
990 2690 1049 2751 per
1070 2669 1291 2733 confusionem
1313 2667 1421 2750 aliqua
1442 2669 1637 2734 obscuritate
1658 2670 1806 2735 laborare
1827 2671 2007 2735 videantur.
2051 2670 2182 2737 Prima·

186 2784 273 2848 rium
294 2804 371 2866 ergo
399 2783 460 2848 hoc
483 2784 545 2847 erit
567 2791 613 2860 ut,
638 2782 754 2865 quibus
779 2779 929 2845 subsidiis
951 2780 1001 2844 usi
1025 2801 1143 2844 novam
1165 2780 1301 2844 latinam
1324 2779 1499 2844 editionem
1520 2801 1635 2846 curare
1656 2801 1819 2859 conemur,
1842 2788 1874 2846 te
1896 2783 2066 2848 certiorem
2083 2783 2182 2849 facia-

187 2917 271 2972 mus,
294 2894 452 2960 benevole
473 2894 583 2972 lector,
607 2900 640 2957 et
662 2899 855 2975 apparatum
876 2912 972 2974 quern
994 2890 1106 2957 dicunt
1126 2898 1275 2956 nostrum
1295 2892 1355 2957 tibi
1376 2911 1602 2974 proponamus.

340 3005 460 3071 Decies
481 3005 627 3081 omnino,
651 3010 809 3087 quantum
831 3004 966 3080 scimus,
990 3002 1258 3068 haec'Institutio
1280 3002 1380 3067 latine
1402 3002 1528 3068 edenda
1549 3004 1721 3086 superstite
1741 3010 1856 3078 ,autore
1877 3005 2005 3089 prelum
2025 3007 2181 3087 exercuit,

173 3117 331 3199 primum
351 3116 511 3194 Basileae,
535 3120 647 3197 postea
668 3116 879 3199 Argentorati
901 3120 934 3179 et
955 3113 1118 3180 Genevae.
1165 3112 1323 3198 Singulae
1345 3119 1454 3178 autem
1475 3113 1551 3178 illae
1573 3113 1731 3179 editiones
1751 3117 1841 3180 varie
1858 3117 1944 3181 inter
1963 3139 1998 3182 se
2016 3116 2181 3197 differrmt,
2299 3142 2306 3154 ·

188 3233 222 3292 et
243 3225 409 3293 commode
431 3227 467 3290 in
488 3226 598 3309 plures
619 3226 774 3306 familias,
795 3248 875 3308 quas
897 3227 1100 3291 recensiones
1122 3225 1243 3290 dixeris
1263 3224 1419 3291 vocabulo
1441 3224 1536 3290 hodie
1558 3226 1777 3305 usitatissimo,
1800 3225 2045 3294 distribuuntur.
2090 3228 2182 3310 Qua—

187 3360 263 3404 rum
283 3338 408 3422 primae
437 3338 550 3432 solam,
565 3328 746 3420 principem
774 3339 919 3403 Th0mae
948 3337 1087 3402 Platteri
1108 3343 1142 3402 et
1162 3339 1239 3403 socii
1260 3337 1488 3414 basileensem,
1519 3358 1604 3401 anno
1630 3340 1711 3401 1536
1733 3337 1934 3422 evulgatam,
1963 3353 2181 3407 aocememus.

188 3447 343 3516 Secunda
376 3471 434 3515 sex
462 3449 702 3532 exemplaribus
730 3456 1006 3531 repraesentatur,
1035 3450 1171 3514 arctiore
1198 3448 1338 3531 quadam
1364 3449 1450 3511 inter
1477 3469 1511 3513 se
1539 3447 1776 3514 necessitudine
1804 3451 1999 3530 coniunctis,
2031 3451 2089 3518 sed
2115 3475 2183 3518 non

188 3562 337 3626 omnibus
364 3562 509 3627 numeris
538 3562 600 3638 sibi
625 3561 766 3627 invicem
795 3561 961 3626 similibus.
1011 3560 1137 3642 Nempe
1163 3560 1374 3625 materiarum
1403 3565 1472 3623 tam
1494 3561 1603 3642 copiae
1632 3582 1730 3643 quam
1751 3559 1874 3627 ordinis
1901 3569 2050 3645 respectu
2070 3565 2182 3630 habito

187 3679 254 3737 tres
280 3673 421 3754 potiores
448 3681 482 3738 et
506 3673 654 3740 diversae
681 3673 751 3737 eius
779 3671 935 3737 editiones
963 3671 1119 3755 distingui
1150 3678 1288 3754 possunt
1313 3693 1394 3753 quas
1421 3672 1563 3753 pressius
1590 3680 1771 3754 sequuntur
1791 3679 1858 3740 tres
1880 3675 1962 3740 aliae
1993 3675 2183 3760 simpliciter

188 3782 337 3848 iteratae:
366 3785 641 3868 argentoratensis
663 3783 854 3851 Wendelini
881 3783 1004 3849 Rihelii
1029 3784 1136 3866 prima
1157 3783 1235 3847 anni
1259 3786 1339 3846 1539
1346 3806 1354 3861 ;
1383 3781 1528 3878 eiusdem
1550 3782 1692 3849 secunda
1719 3784 2023 3871 anni1543(quae
2051 3789 2185 3854 tertiam

169 3895 269 3959 ¹anni
294 3898 373 3958 1545
395 3896 496 3960 fidam
517 3896 616 3962 habet
640 3894 879 3982 pedissequam)
885 3919 894 3977 ;
923 3904 956 3961 et
983 3895 1174 3981 genevensis
1200 3894 1334 3987 Ioannis
1356 3894 1498 3960 Gerardi
1519 3916 1605 3960 anno
1631 3899 1712 3961 1550
1738 3897 1775 3961 in
1801 3898 1967 3979 publicum
1989 3901 2107 3966 emissa
2128 3901 2182 3965 oui

188 4011 370 4089 postremae
399 4006 482 4071 duae
515 4008 597 4073 aliae
624 4015 822 4090 genevenses
849 4007 1032 4091 iungendae
1059 4013 1151 4085 sunt,
1181 4004 1284 4070 altera
1309 4006 1444 4071 Roberti
1467 4004 1629 4090 Stephani
1657 4008 1735 4072 anni
1761 4012 1857 4088 1553,
1888 4011 1991 4076 altera
2017 4013 2182 4095 sequentis

190 4118 269 4182 anni
295 4117 504 4182 Riveriorum
529 4119 677 4182 fratrum.
728 4119 873 4183 Tertiam
900 4119 1058 4183 familiam
1079 4117 1171 4183 ducit
1197 4115 1342 4182 eiusdem
1364 4116 1526 4200 Stephani
1553 4118 1695 4185 secunda
1723 4120 1821 4185 editio
1841 4142 1924 4204 quae
1952 4122 2072 4205 prodiit
2093 4145 2181 4189 anno
2268 4111 2276 4124 ⁸

192 4232 289 4306 1559,
318 4228 410 4294 euius
438 4249 530 4293 mera
558 4228 745 4313 apographa
771 4236 850 4293 sunt
877 4228 959 4293 duae
982 4229 1059 4294 anni
1084 4232 1179 4306 1561,
1210 4228 1312 4294 altera
1332 4229 1437 4293 maior
1459 4232 1731 4313 argentoratensis
1752 4232 1927 4313 riheliana,
1948 4234 2052 4301 altera
2074 4236 2182 4300 minor

189 4340 382 4426 genevensis
403 4339 543 4405 Rebulii.

343 4450 435 4532 Quas
464 4451 620 4516 editiones
639 4474 750 4517 omnes
773 4473 850 4516 mox
876 4452 979 4516 fusius
1001 4451 1163 4515 delineare
1196 4452 1398 4532 conabimur,
1431 4453 1493 4518 hoc
1523 4453 1627 4519 officio
1655 4477 1693 4520 eo
1721 4455 1847 4520 facilius
1875 4455 2067 4536 defuncturi,
2096 4458 2183 4541 quod

189 4568 321 4630 cunctas
340 4564 402 4646 ipsi
425 4564 635 4646 possidemus,
658 4554 946 4646 incomparabilem
967 4563 1169 4641 thesaurum,
1191 4562 1282 4627 cuius
1303 4564 1427 4627 nemini
1449 4586 1592 4647 unquam
1614 4567 1669 4649 qui
1691 4565 1731 4630 de
1752 4566 1814 4632 hoc
1831 4587 1927 4649 opere
1943 4569 2071 4653 scripsit
2092 4569 2186 4654 copia

189 4675 258 4752 fuit,
278 4683 311 4739 et
327 4697 423 4758 quem
440 4675 494 4740 vel
513 4676 548 4739 in
566 4674 818 4757 locupletissima
833 4673 1027 4739 bibliotheca
1047 4672 1169 4738 hustra
1185 4674 1391 4755 quaesiveris.
1427 4676 1564 4742 Praeter
1578 4677 1661 4756 illas,
1684 4676 1764 4743 alias
1785 4677 1884 4742 etiam
1899 4686 2029 4746 exstare
2045 4702 2185 4764 quarum

110 4767 118 4845 Ἰ,
191 4786 307 4850 notitia
328 4787 473 4852 nondum
501 4785 542 4851 ad
570 4807 629 4851 nos
655 4786 857 4868 pervenerit,
886 4806 983 4869 aegre
1004 4785 1097 4851 nobis
1118 4784 1365 4868 persuademus3
1388 4795 1475 4852 certe
1496 4789 1533 4852 in
1553 4789 1702 4872 plurimis
1723 4810 1804 4872 quas
1825 4790 2031 4858 visitavimus
2052 4792 2185 4858 urbium

190 4902 224 4961 et
245 4917 422 4980 regnorum
443 4897 694 4976 collectionibus,
717 4917 897 4980 quarumve
919 4880 1081 4980 catalogos
1102 4898 1260 4979 inspicere
1282 4898 1375 4963 nobis
1392 4877 1539 4983 'contigit
1562 4899 1685 4964 nullius
1707 4899 1789 4965 alius
1806 4921 1911 4983 neque
1928 4902 2103 4986 vestigium
2124 4925 2183 4969 ne-

192 5026 254 5088 que
275 5010 472 5074 mentionem
493 5010 612 5075 factam
634 5008 818 5073 invenimus
823 5031 832 5088 ;
854 5008 901 5072 ita
921 5016 959 5073 ut
978 5030 1032 5074 eas
1054 5030 1134 5092 quas
1155 5009 1248 5074 nobis
1269 5010 1396 5093 ignotas
1418 5011 1539 5092 passim
1560 5017 1730 5075 recensent
1751 5012 1931 5096 scriptores,
1951 5013 2030 5079 dum
2047 5015 2183 5080 meliora

192 5117 392 5197 edoceamur,
416 5120 529 5187 dubias
552 5121 739 5194 habeamus,
761 5120 827 5183 imo
849 5121 976 5203 spurias
997 5127 1032 5186 et
1049 5121 1187 5186 fictitias.
1222 5118 1397 5187 Caeterum
1417 5121 1456 5186 de
1479 5122 1529 5186 his
1551 5141 1676 5203 quoque
1697 5123 1791 5203 infra,
1814 5124 1892 5206 quid
1911 5126 2004 5191 nobis
2021 5126 2180 5208 videatur,

192 5227 358 5313 sigillatim
379 5251 586 5314 exponemus.
677 5250 680 5254 ’
