4770 6030
31 5088 46 5122 0

220 329 281 391 587
792 318 1057 387 INSTITU'PIO
1080 322 1184 386 REL.
1207 317 1387 386 efflans.
1414 323 1642 386 loss-1554.
2157 322 2220 384 588

529 443 531 449 ¹
1984 434 2098 502 B1843
2115 431 2219 488 6166·

218 514 335 580 babent.
381 513 453 576 Non
473 510 626 587 abiiciam,
648 509 771 574 verbnm
791 508 856 573 Dei
876 507 987 589 ubique
1007 507 1191 572 reclamare:
1243 506 1407 588 quidpiam
1430 507 1552 588 publici
1573 509 1712 572 rrrnneris
1730 528 1834 591 perere
1854 419 2047 590 praesnbnat.
2094 509 2219 592 Neperd,

219 601 300 682 qnod
319 601 384 662 iam
400 596 526 678 pridern
548 596 640 659 desiit
660 595 747 675 apud
764 615 812 658 666
829 593 937 658 babere
957 593 1114 658 tantillum
1130 614 1192 656 mo
1243 592 1273 655 si
1296 597 1453 672 poterunt,
1483 598 1624 672 apertum
1645 614 1710 664 esse
1732 593 1795 657 Dei
1814 594 2067 672 ludibrium,·in
2089 594 2141 659 6666
2161 595 2220 658 666-

218 686 320 751 menti.
366 683 439 747 Non
460 681 619 758 abiiciam,
645 681 761 744 multus
788 681 1002 745 severissimas
1022 680 1192 743 sanctiones
1243 697 1332 757 quem
1353 677 1567 759 presbyterum
1591 681 1678 760 deri,
1706 684 1740 742 66
1761 700 1782 742 6
1803 701 1871 744 nero
1898 686 1925 744 et
1950 700 2096 763 permane
2118 681 2219 762 afficio

218 773 254 836 66
274 768 422 850 pluribus
454 767 594 833 muciliis
624 771 728 831 666666
759 765 838 831 lianc
871 765 1096 846 improbitatem
1127 784 1192 829 6666
1243 762 1410 842 abstineat,-
1439 768 1466 828 et
1493 785 1577 842 eum,
1605 766 1660 846 oui
1686 785 1795 828 nomen
1822 765 1923 843 babet,
1952 787 2017 830 rem
2044 787 2106 831 666
2127 786 2220 847 posse

215 856 332 938 factas:
359 875 433 917 nam
454 852 513 916 6666
533 873 664 934 qnoque,
686 851 905 933 quotieslibet,
925 851 1045 932 fortitu
1066 855 1192 915 666666·
1243 848 1360 913 babere.
2197 890 2199 899 «

217 947 302 1005 nunt.
348 939 411 1004 Sed
432 938 498 1002 dico
520 943 683 1019 66666666
704 959 768 1002 esse
790 938 1006 1019 pradipiosum
1024 937 1193 1018 stapitium,
1330 938 1379 997 75.
1402 944 1406 952 “
1432 933 1525 998 Venio
1545 935 1588 1000 ad
1609 935 1797 1002 saeculares:
1820 938 1874 1017 qui
1890 938 2012 1017 partim
2033 937 2219 1018 6666666666

217 1028 299 1108 quad
325 1025 407 1103 Dea,
434 1028 579 1103 naturae,
616 1024 866 1088 decelesiastica
893 1023 1037 1104 repimini
1058 1041 1192 1103 prorsus
1242 1024 1328 1098 sunt,
1362 1019 1604 1100 alloquuntur,
1634 1023 1669 1086 id
1695 1027 1752 1100 est,
1785 1022 1895 1086 6666666
1915 1023 2087 1087 sacerdotia
2108 1023 2220 1103 quibus

217 1114 411 1179 adversetur:
431 1115 467 1174 66
486 1130 570 1174 6666
580 1110 700 1190 praedo
717 1109 865 1191 pluribus
880 1108 977 1172 simul
993 1108 1126 1171 ecclesiis
1144 1108 1192 1170 in
1242 1107 1384 1183 alantur;
1411 1108 1533 1184 partim
1564 1109 1764 1187 quotidiams
1796 1129 1906 1188 operas
1932 1109 2030 1173 locant
2054 1104 2218 1174 'missando

217 1198 317 1276 mrbet;
338 1202 372 1260 ut
383 1201 494 1277 pastor
509 1197 689 1273 nominetur,
712 1194 768 1275 qui
786 1195 872 1278 prepi
888 1215 945 1258 666
961 1195 1077 1272 adesse,
1099 1194 1192 1256 etiam
1242 1191 1288 1256 ael
1309 1191 1452 1270 coeundo,
1476 1197 1504 1255 66
1525 1195 1618 1272 qnasi
1639 1194 1757 1258 colleda
1777 1195 1850 1258 inde
1870 1196 1949 1276 stipe
1969 1195 2114 1259 victitant.
2156 1194 2219 1259 Be·

217 1285 249 1350 si
269 1283 348 1361 66666,
370 1285 497 1364 nequeat
504 1306 513 1359 ;
538 1287 566 1345 et
586 1286 688 1345 tannn
709 1280 787 1364 (quo
806 1285 879 1345 6666
899 1276 1106 1362 impudentia)
1128 1283 1192 1342 tam
1241 1277 1359 1358 666666,
1381 1281 1437 1363 666
1457 1297 1565 1342 amam
1587 1279 1768 1343 animarum
1786 1279 1904 1358 liabent,
1927 1285 1962 1343 ut
1979 1280 2171 1362 episcopatus
2192 1286 2219 1345 et
2333 1352 2342 1372 ι

218 1367 442 1434 abominandas
478 1367 636 1448 foeditates
673 1367 814 1431 ecclesiae
846 1365 968 1429 6666666
996 1367 1190 1446 praedamini,
1236 1361 1424 1444 parocbiae,·
1456 1368 1512 1427 aut
1543 1365 1699 1446 stipendia
1726 1370 1799 1429 sunt
1826 1365 1984 1431 bominum
2010 1366 2218 1445 ddicatorum,

126 1517 133 1536 ,
218 1476 277 1536 qno
298 1453 336 1519 ab
359 1453 442 1517 omni
466 1451 697 1534 reprehensione
723 1452 891 1517 ecimarda
915 1450 997 1532 Quin
1023 1451 1131 1527 etiam,
1160 1450 1191 1513 si
1244 1449 1300 1529 qui
1321 1447 1506 1512 cordillanda
1528 1449 1641 1514 6666666
1661 1452 1833 1530 americum,
1855 1457 1890 1515 nt
1907 1451 2108 1532 praebendae,
2131 1472 2220 1517 6666

211 1541 286 1607 ‚Deo
312 1539 428 1620 placet,
465 1539 500 1601 66
531 1538 602 1602 istis
627 1538 774 1618 nequitiis
801 1538 968 1602 continetm
997 1541 1191 1600 sacrosancta
1242 1535 1379 1612 6666666,
1399 1541 1585 1613 personatus
1606 1556 1643 1600 ac
1666 1537 1845 1618 dipnitates,
1874 1537 2063 1618 capellaniae
2083 1544 2112 1603 et
2131 1539 2220 1602 simi-

216 1625 279 1690 illav
305 1624 467 1702 successio,
500 1624 591 1689 cuius
616 1624 723 1689 666666
751 1623 887 1704 effectum
913 1642 978 1688 esse
998 1623 1126 1700 6666666,
1153 1642 1191 1685 ue
1242 1619 1296 1684 lia.
1343 1619 1541 1699 Quamnam,
1572 1605 1662 1685 rebus
1689 1642 1817 1687 sursum
1843 1623 1987 1687 deorsum
2014 1625 2080 1688 iam
2101 1644 2220 1688 66666·-

217 1711 342 1776 eodesia
356 1711 482 1792 periret.
1242 1706 1302 1783 sis,
1336 1704 1475 1769 abbatiae
1508 1711 1535 1770 66
1566 1708 1732 1787 prioratus
1764 1728 1824 1772 uon
1856 1713 1975 1772 tardum
2006 1709 2220 1774 saecularibus

304 1800 354 1860 74.
401 1796 508 1872 Num,
530 1815 609 1874 6666
629 1794 764 1860 66666666
784 1799 856 1857 noto
878 1798 923 1858 est
943 1793 978 1856 in
1000 1791 1190 1857 aestimarodo
1236 1789 1439 1873 presbyteris,
1467 1792 1521 1855 sed
1543 1794 1656 1874 pueris
1683 1813 1799 1874 666666
1819 1795 2000 1877 6666666666,
2026 1796 2062 1860 id
2087 1801 2131 1860 est
2153 1796 2219 1858 md»

217 1883 350 1966 lepitimo
367 1886 502 1962 pastore,
524 1882 686 1946 uideanrus
706 1901 801 1961 quam
819 1879 1082 1960 fidelitermunus
1098 1898 1191 1942 suum
1239 1877 1312 1959 pari
1340 1881 1366 1940 et
1392 1875 1510 1940 6666666
1537 1880 1769 1959 corrsuetudine,
1802 1880 2010 1961 6666666666.
2062 1882 2219 1961 Quantum

217 1972 381 2034 6666666666.
430 1965 485 2030 Eu
511 1965 732 2045 sacerdotibus,
765 1966 820 2045 qui
851 1965 917 2029 illic
944 1969 1102 2043 66666666,
1132 1964 1190 2027 alii
1242 1963 1285 2026 ad
1305 1963 1509 2026 rnmcenarios
1530 1964 1650 2044 6666666,
1679 1966 1791 2045 quiin
1812 1966 1894 2029 66666
1918 1967 2032 2052 nictum
2056 1971 2216 2048 6666666,

220 2058 293 2120 sunt
314 2051 472 2130 66666666,
493 2051 562 2130 alii,
583 2071 660 2132 quos
678 2056 783 2133 666666
802 2050 985 2114 saeculares.
1022 2049 1119 2114 Prior
1140 2049 1192 2112 ille
1243 2048 1319 2129 auid
1345 2047 1435 2111 aliud
1459 2048 1607 2128 facerent,
1637 2070 1731 2130 qnam
1751 2051 1832 2131 qnod
1856 2053 2001 2133 fadum?
2044 2052 2163 2134 Nempe
2184 2058 2219 2116 ut

215 2159 292 2223 pren
312 2138 484 2220 inmpnitus
506 2139 681 2217 sododem
708 2135 857 2201 ecclesiae.
900 2135 945 2200 Et
971 2135 1079 2200 babere
1100 2135 1191 2200 talem
1242 2133 1389 2198 illiberali
1416 2151 1453 2196 66
1473 2135 1620 2214 pudendo
1640 2136 1729 2200 66666
1755 2157 1821 2201 sese
1843 2140 2035 2217 prostituant
2064 2140 2106 2203 ad
2127 2160 2219 2220 quae-

217 2225 258 2288 in
284 2224 409 2288 ecclesia
439 2223 551 2301 666666,
590 2223 664 2287 adeo
701 2242 771 2286 cum
803 2223 972 2286 monastica
998 2222 1192 2303 professione
1243 2224 1341 2283 stum:
1368 2220 1555 2298 praesertim
1582 2222 1617 2283 66
1645 2225 1732 2286 tarda
1758 2222 1967 2302 multitudine,
1996 2229 2219 2303 quartanum

211 2313 350 2393 pnprmt,
377 2314 412 2372 66
431 2329 528 2389 quum
549 2307 622 2372 alirn
643 2328 680 2372 66
701 2309 897 2373 monasteriis
918 2308 953 2371 in
973 2306 1087 2372 6666666
1108 2326 1192 2386 caop-
1243 2305 1325 2369 orbis
1344 2308 1443 2368 scatet.
1488 2304 1601 2385 666666
1626 2328 1722 2388 mmm
1745 2308 1858 2389 palam
1885 2309 2142 2383 merrdiaarenon
2162 2331 2218 2374 au·
2286 2360 2292 2365 .

217 2400 371 2473 66666666,
397 2394 538 2458 monacbi
565 2414 630 2459 esse
656 2393 834 2458 desinerent.
878 2393 981 2474 Atque
1008 2394 1083 2457 adeo
1115 2391 1191 2457 Gre-
1243 2391 1342 2469 66666,
1364 2389 1410 2454 666
1430 2389 1487 2454 bac
1508 2393 1561 2455 666
1581 2398 1719 2475 reputent
1736 2415 1769 2457 66
1780 2415 1899 2475 parum
1914 2396 2116 2476 profecturos,
2138 2397 2220 2461 66666

215 2483 333 2564 parius,
347 2478 371 2564 ¹)
404 2481 495 2544 cuius
522 2484 640 2560 666666
668 2479 799 2543 multum
829 2479 928 2560 taems
960 2478 1080 2556 babuit,
1114 2478 1192 2540 6666
1243 2496 1333 2541 caries
1361 2475 1499 2556 tamdici
1525 2477 1726 2558 circumeant,
1754 2485 1781 2544 et
1806 2500 1867 2545 sua
1886 2481 2129 2563 importunitate,
2157 2504 2217 2546 666

217 2571 320 2632 lamen
346 2566 552 2646 confusiorum
576 2566 648 2646 fieri
669 2585 788 2644 passus
814 2585 875 2628 666
902 2569 953 2628 666.
1010 2563 1084 2629 Vult
1109 2564 1190 2628 enim
1242 2582 1330 2626 secus
1345 2580 1382 2625 ac
1402 2561 1528 2640 latratu,
1551 2569 1725 2645 6666666666
1745 2565 1783 2629 ab
1804 2567 1912 2631 invitis
1932 2567 2113 2646 bominibus,
2136 2569 2217 2648 quad

218 2652 361 2718 ennato
381 2651 536 2728 abdicari,
558 2653 614 2732 qui
635 2651 757 2714 abbates
775 2650 852 2731 facti
872 2651 1007 2732 fuerinl5
1029 2649 1109 2730 qnod
1129 2669 1192 2711 ma-
1242 2650 1277 2712 66
1303 2648 1430 2711 aridum
1457 2653 1588 2713 uentrem
1611 2651 1759 2732 inperaret.
1809 2652 1873 2716 Hic
1899 2652 2049 2718 sioerbis
2071 2655 2216 2734 persequi

216 2737 334 2802 nucius
360 2736 456 2800 simul
482 2757 546 2801 esse
573 2742 600 2800 ct
621 2737 748 2801 66666666
773 2737 831 2800 rite
857 2757 943 2800 nemo
964 2740 1067 2816 queat,
1095 2756 1191 2815 quum
1243 2754 1330 2800 coner
1356 2738 1506 2813 quartum
1531 2736 1573 2798 666
1592 2737 1720 2801 6666666
1741 2736 1896 2816 ecclesiae,
1924 2759 1957 2802 66
1977 2739 2106 2804 rediisse
2126 2739 2217 2804 66666-

217 2823 348 2888 alterum
375 2823 466 2886 alteri
493 2823 535 2885 sit
560 2822 780 2903 impedimento.
832 2822 924 2885 Nunc
945 2823 976 2886 si
1001 2823 1190 2903 interrepern,
1242 2841 1308 2884 rem
1335 2824 1362 2882 66
1388 2839 1503 2883 marrus
1520 2821 1720 2903 presbyterii,
1746 2823 1852 2887 nullus
1874 2825 1932 2888 erit
1950 2825 2034 2905 pinis.
2080 2825 2152 2888 Non
2173 2831 2218 2889 est

217 2909 364 2990 66666666
384 2928 500 2971 munus
521 2928 613 2988 66666
635 2907 706 2972 bene
722 2906 855 2988 impleat,
877 2927 966 2987 quem
986 2926 1114 2971 canones
1130 2927 1191 2970 666
1242 2906 1340 2988 666666
1361 2925 1416 2968 car
1437 2926 1458 2968 6
1475 2925 1522 2969 me
1540 2913 1706 2988 exspectnt
1722 2909 1843 2974 lectores
1862 2911 2038 2990 orationem,
2060 2932 2138 2992 quae
2153 2915 2218 2976 um

218 3015 283 3061 6666
299 2995 444 3058 idoneum
463 2993 629 3070 deda-rant,
647 2995 731 3073 quid,
753 2993 879 3071 obsecro,
901 2992 1192 3074 responsurisunt?
1239 2992 1413 3073 stapitiosae
1444 2991 1624 3073 indipnitati
1652 2995 1840 3075 respondeat.
1895 2994 2039 3061 Breviter
2071 2997 2156 3062 dica:
2188 2999 2219 3062 si
2266 3006 2268 3012 '

221 3079 365 3144 Oitabnnt
383 3079 476 3155 mibi,
497 3078 623 3156 scilicet,
646 3079 784 3143 abortiva
804 3079 861 3143 illa
882 3079 1000 3144 6666666
1022 3077 1192 3143 1666666666
1237 3077 1409 3158 presbyteri
1433 3076 1571 3157 61666666
1597 3083 1642 3142 666
1671 3080 1765 3163 (quod
1786 3086 1813 3144 et
1832 3081 1957 3145 oubam
1977 3081 2042 3146 Dei
2062 3084 2219 3164 praescri-

218 3169 247 3228 66
267 3163 438 3245 Batifacii,
461 3163 573 3244 quibus
592 3164 732 3229 66666666
757 3165 799 3229 ad
819 3164 982 3230 sacerdotii
1002 3164 1144 3229 bormrcm
1164 3168 1192 3227 et
1243 3163 1298 3240 bit,
1326 3167 1354 3226 et
1374 3163 1484 3226 6666666
1505 3182 1634 3228 cationes
1659 3166 1834 3249 requirunt)
1863 3167 2020 3232 ecclesiam
2041 3189 2171 3250 pascere
2192 3174 2219 3233 66

214 3254 393 3332 potestatem
414 3250 685 3330 sicrem'piuntur,
707 3250 797 3313 utin
816 3250 1103 3323 666666666666666
1125 3270 1191 3312 ma-
1241 3248 1406 3330 spirituale
1434 3246 1552 3312 Christi
1578 3270 1705 3333 repnum
1736 3253 1973 3332 administrare,
2007 3254 2083 3318 tales
2115 3273 2219 3319 ornnes

157 3363 161 3379 ·
217 3339 318 3401 66666.
363 3333 426 3400 Sed
445 3356 524 3415 6666
545 3337 607 3398 ista
624 3341 668 3400 est
688 3337 777 3415 ratio,
795 3342 830 3400 ut
850 3337 990 3401 indamus
1006 3337 1111 3416 quivis
1128 3335 1191 3398 asi-
1242 3330 1377 3415 sacrifici
1405 3334 1460 3414 qui
1487 3334 1624 3415 nullum,
1653 3337 1718 3401 nisi
1738 3338 1774 3400 iu
1794 3340 1966 3403 missarum
1985 3341 2216 3418 imminutione,

217 3441 287 3498 nus,
310 3421 406 3484 666666
427 3441 464 3485 aa
481 3441 646 3484 romanam
667 3422 767 3485 sedem
790 3423 993 3501 occupaverit,
1022 3427 1115 3487 totam
1136 3441 1191 3484 66-
1242 3440 1320 3502 opus
1346 3424 1401 3484 666
1420 3419 1609 3500 stipendium
1629 3421 1750 3500 baben,
1776 3444 1838 3488 666
1865 3424 1952 3488 niodo
1974 3431 2093 3490 cessant
2119 3427 2154 3490 in
2175 3428 2219 3508 at-

217 3508 388 3595 tiquitatem
410 3506 531 3570 verbula
552 3528 614 3572 666
636 3507 771 3571 euertat?
816 3508 930 3571 Verum
950 3508 987 3572 de
1008 3507 1065 3571 bac
1086 3527 1119 3570 re
1134 3526 1191 3588 pa
1240 3507 1324 3586 ficia,
1352 3506 1406 3570 sed
1426 3505 1547 3569 nullum
1568 3508 1650 3587 quod
1670 3514 1824 3573 coerceant
1853 3509 2021 3592 6666666666
2042 3510 2154 3576 babent
2174 3513 2219 3594 of-

217 3598 290 3658 stea.
327 3591 421 3657 Istud
442 3612 523 3656 6666
542 3592 694 3673 sufficiat.-
709 3613 771 3674 pra
791 3614 906 3676 mapna
925 3593 1115 3658 absurditate
1137 3592 1190 3655 ba-
1240 3593 1355 3672 fnium.
1400 3591 1500 3655 Lamos
1527 3594 1609 3657 urim
1630 3593 1756 3659 dacertdi
1782 3595 1848 3659 illis
1874 3596 1979 3661 nullus
2010 3597 2121 3662 datur:
2149 3599 2219 3661 666-

217 3677 314 3745 bitum
335 3699 399 3742 esse
420 3679 455 3743 in
476 3678 601 3742 66666666
621 3679 764 3759 puriori,
786 3680 816 3742 si
836 3679 1003 3743 mmaclus
1023 3678 1190 3743 sacerdotio
1242 3676 1306 3740 lam
1334 3677 1452 3758 plebem
1483 3677 1592 3741 liabent
1617 3700 1712 3760 quam
1740 3680 1912 3763 puberuent.
1961 3682 2104 3762 Denique
2135 3683 2217 3747 nibil

215 3763 402 3844 fnnperetur.
454 3763 539 3827 Nam
566 3763 776 3846 Hieronymus
803 3786 836 3829 se
861 3765 996 3845 affieimn
1022 3764 1189 3829 sacerdotis
1241 3763 1308 3828 illis
1335 3764 1489 3843 reliquum
1510 3769 1554 3828 est
1572 3770 1700 3845 praeter
1725 3767 1823 3832 altare
1849 3768 1884 3831 in
1905 3788 1965 3849 pua
1987 3766 2144 3833 Christum
2166 3788 2218 3834 sa·

218 3869 307 3930 apere
327 3855 432 3931 nepot,
460 3845 557 3929 quum
575 3849 656 3914 inter
676 3851 840 3915 mandebas
858 3851 955 3933 depit;
981 3872 1071 3931 seque
1092 3869 1190 3914 66666
1242 3849 1388 3930 66666666,
1417 3850 1498 3930 qnod
1518 3871 1578 3914 non
1605 3857 1650 3915 est
1671 3850 1754 3930 Deo,
1782 3853 1836 3918 sed
1856 3854 2026 3918 daenmniis
2047 3853 2154 3920 litare:
2181 3860 2218 3920 ut
2247 3868 2250 3874 ’

87 3927 90 3933 ’
218 3936 256 3997 eo
271 3932 358 4013 plebe
378 3934 462 4015 facit,
484 3935 539 4015 qni
560 3957 580 3998 a
601 3936 807 4000 sacerdotibus
827 3942 959 4018 repatur.
1011 3936 1133 4014 Verum,
1155 3939 1191 3999 ut
1242 3935 1319 3999 alibi
1339 3934 1518 4000 uidebimus.

218 4019 272 4083 boc
293 4018 358 4082 illis
379 4019 495 4097 demus,
517 4021 594 4099 quid
615 4026 717 4085 tamen
738 4022 832 4103 oflicii
850 4023 996 4104 faciunt?
1034 4022 1088 4087 Eu
1107 4042 1190 4086 6666-
1328 4025 1377 4084 76.
1424 4021 1497 4086 Non
1514 4023 1628 4104 attinpo
1644 4023 1694 4087 leia
1714 4029 1860 4087 extranea
1877 4026 1971 4089 uitia:
1992 4025 2046 4090 sed
2062 4026 2215 4090 66666666

217 4103 392 4170 6666666666
423 4106 563 4169 66666666
594 4109 822 4185 666666666666,Ι
854 4108 968 4190 reliqui
994 4129 1098 4174 ornnes
1128 4128 1190 4172 mo-
1241 4107 1418 4172 intestinmn
1439 4107 1572 4186 malum,
1601 4109 1682 4188 quod
1703 4109 1737 4172 in
1757 4110 1899 4190 ipsorum
1919 4112 2108 4176 institutione
2128 4112 2216 4176 radi-

218 4189 312 4255 66666
338 4189 385 4255 666
410 4190 570 4255 6666666666
595 4192 641 4255 666
660 4193 893 4258 6666666666666
917 4196 1032 4258 missas
1061 4196 1095 4258 in
1120 4193 1190 4257 suis
1242 4193 1321 4256 66666
1341 4193 1452 4257 lederet
1495 4193 1624 4258 Addam
1645 4215 1750 4272 666666,
1774 4217 1853 4276 6666
1873 4198 1953 4261 66666
1973 4197 2092 4262 sonabit
2113 4199 2148 4262 66
2168 4218 2214 4263 66-

217 4275 363 4340 latibulis.
411 4275 509 4355 Quasi
531 4277 572 4339 ad
593 4277 646 4342 bac
663 4279 734 4359 deri
748 4278 946 4361 presbyteros,
970 4285 1025 4344 666
1047 4279 1190 4345 Christus
1241 4300 1313 4342 rum
1334 4278 1480 4358 auribus,·
1501 4281 1556 4344 sed
1577 4281 1653 4360 quia
1675 4302 1748 4345 6666
1769 4286 1819 4358 666,
1842 4283 1943 4346 dicere
1963 4288 2091 4363 oportet:
2112 4283 2214 4347 eodem

217 4361 353 4440 oduerit,
375 4365 431 4424 aut
447 4363 586 4425 6666666
601 4367 876 4444 noturapatiatar.
914 4367 1016 4446 Quum
1033 4367 1189 4445 scriptura
1242 4365 1302 4429 6666
1323 4363 1474 4430 habendos
1491 4385 1556 4430 esse
1572 4367 1741 4445 cananeas,
1763 4368 1900 4444 decanos,
1922 4368 2103 4450 capellanos,
2120 4389 2214 4450 prae-

211 4447 324 4527 palam
352 4452 489 4525 testetur,
511 4447 681 4528 presbyteri
709 4470 773 4513 esse
798 4453 964 4532 propriam
978 4451 1006 4534 ²)
1034 4450 1189 4515 ecclesiam
1235 4451 1363 4532 positos,
1386 4456 1414 4514 66
1433 4452 1714 4534 66666666666666
1735 4454 1915 4518 sacerdotiis
1935 4455 2071 4518 aluntur.
2117 4454 2215 4535 Quale

216 4553 333 4615 repere:
361 4554 403 4597 an
429 4553 490 4597 non
517 4532 617 4612 impia
643 4539 687 4598 est
707 4535 901 4616 presumtio,
928 4537 991 4601 6666
1010 4536 1188 4616 transferre,
1240 4537 1322 4600 euim
1347 4536 1487 4602 ecclesiae
1519 4539 1727 4602 ministerium
1751 4544 1914 4620 praestare
1945 4541 2083 4620 aueum?
2127 4540 2215 4605 Nam

217 4619 279 4681 imo
295 4620 421 4698 penitus
442 4620 608 4683 immutare
628 4640 753 4683 6666666
775 4620 838 4684 Dei
861 4622 1058 4685 institutam?
1103 4621 1189 4686 Nam
1240 4621 1324 4687 verbi
1339 4622 1615 4704 praedicationem,
1642 4644 1750 4688 curam
1770 4625 1968 4706 disciplinae,
1994 4631 2213 4702 etsacrcrnen·

217 4723 313 4782 quum
334 4705 526 4783 ordinantur,
548 4705 1189 4788 666666666666666666666666666166-
1240 4715 1340 4772 66666
1366 4708 1679 4788 administrationem,
1709 4715 1857 4791 tanquam
1885 4732 1976 4775 onero
2003 4712 2100 4776 nimis
2126 4711 2213 4777 mole·

216 4789 322 4852 666666
348 4790 538 4871 presbyteris
564 4790 708 4855 amnibus
740 4792 883 4876 minnpit.
937 4792 1097 4875 Siquidem
1123 4793 1189 4858 illis
1240 4799 1298 4872 sta,
1320 4816 1341 4858 a
1361 4814 1394 4858 66
1415 4794 1603 4874 depulerunt.
1650 4796 1733 4876 Quid
1752 4817 1822 4878 erpo
1842 4796 1952 4861 labem
1969 4797 2132 4878 reliquum,
2153 4817 2212 4878 qna

216 4873 290 4939 boec
310 4876 461 4940 cantilena
482 4878 621 4942 canitur:
646 4878 814 4942 mumolus
839 4898 895 4943 suo
917 4879 1048 4945 66666666
1074 4885 1189 4945 666666-
1240 4900 1273 4944 66
1293 4900 1380 4944 aeros
1399 4880 1594 4961 presbyteros
1619 4902 1683 4946 esse
1705 4883 1837 4946 66666666
1882 4882 2212 4963 comminuenda

217 4960 276 5038 tus,
297 4980 349 5025 nec
366 4960 478 5041 docere,
501 4983 554 5028 nec
572 4968 765 5028 sacramenta
782 4963 1011 5046 administrare,
1030 4986 1082 5030 nec
1099 4966 1189 5030 aliud
1240 4966 1503 5030 caeremoniarum
1522 4988 1679 5047 pompam.
1722 4968 1769 5032 At
1794 4969 1870 5048 quid
1896 4969 1950 5033 bac
1971 4970 2014 5034 ad
2040 4969 2129 5033 rem?
2174 4968 2213 5035 Si

1240 5052 1499 5130 minentudinem
1527 5053 1557 5116 si
1578 5073 1684 5131 66666,
1712 5055 1742 5116 66
1767 5053 1848 5134 66696
1870 5055 2016 5136 temporis
2036 5056 2213 5138 praescrip

1240 5138 1351 5201 tionem
1379 5137 1528 5219 allepard:
1555 5158 1606 5219 epo
1633 5143 1736 5202 autem
1761 5136 1878 5202 Obristi
1905 5140 2122 5220 definitionem,
2149 5162 2214 5223 qna

288 5229 316 5296 1)
334 5232 421 5299 Epist.
441 5234 482 5286 11.
501 5235 546 5288 lib.
564 5234 589 5288 3.
680 5236 711 5305 2)
729 5239 867 5308 propriam
885 5236 954 5293 1553
970 5255 1023 5309 ⁸⁶4·
1240 5227 1266 5286 66
1288 5243 1375 5288 aeros
1390 5222 1582 5305 presbyteras
1602 5223 1690 5288 nobis
1710 5225 1868 5306 expressit,
1889 5230 1917 5288 et
1937 5227 2014 5306 qnid
2033 5226 2144 5292 babere
2163 5228 2215 5294 de-
