4770 6030
202 340 269 403 411
780 332 1049 401 mummulo
1070 335 1176 402 111.
1199 334 1380 403 cumea
1407 338 1640 402 reae-1554.
1882 346 1885 352 ¹
2155 335 2219 397 411
2341 405 2352 413 ,

1914 445 2219 516 A95313933093.

207 546 284 592 mus
307 524 386 609 quid
413 525 449 589 in
477 523 490 587 1
531 524 616 588 1111
642 524 852 608 abrogatum,
880 523 958 607 quid
978 524 1112 588 firmum
1132 524 1190 590 ad·
1241 524 1340 591 Pauli
1366 525 1481 603 verba,
1515 526 1717 609 perspiciunt
1746 526 1781 589 in
1813 435 1921 609 legali
1948 522 2219 594 caeremonialem

208 611 275 678 hnc
301 616 442 676 maneat.
531 631 613 673 uum
646 616 787 674 testatur
812 611 975 675 Dominus
1003 609 1188 694 (11111115,
1240 612 1371 695 proprie
1392 618 1584 694 competere,
1607 619 1640 676 et
1660 610 1845 690 ostendunt,
1868 608 1904 673 id
1924 629 1991 672 non
2009 609 2110 673 semel
2132 608 2219 690 apud

212 697 267 783 1⁷)
290 718 326 762 se
346 716 414 761 non
434 695 564 762 venisse
587 695 629 760 ad
657 695 766 780 legem
786 695 979 760 abolendam
1006 695 1064 761 sed
1086 696 1190 761 adim-
1241 697 1385 762 Paulum
1410 718 1527 763 sonare
1552 698 1748 764 vocabulum
1775 696 1910 774 decreti;
1937 715 2016 758 nam
2044 694 2085 758 ad
2106 695 2219 776 Ephe·

208 782 372 867 piendam,
395 803 457 848 nec
478 782 742 864 praeteriturum,
768 782 871 847 donec
892 781 1019 846 coelum
1042 803 1080 847 ac
1101 789 1191 848 terra
1243 784 1307 848 sios
1329 804 1455 866 quoque
1476 786 1524 848 ita
1543 780 1832 867 loquitur(2,14):
1853 774 1925 863 lpse
1945 790 1994 844 est
2013 801 2080 861 pax
2096 787 2218 860 nostra,

207 875 393 948 1111111111,
424 869 550 950 apicem
573 868 724 952 exlege,
753 869 833 950 quin
851 869 964 932 omnia
983 869 1079 933 fiant:
1105 869 1190 934 nihil
1242 870 1303 955 qui
1319 869 1396 935 fecit
1422 877 1560 952 utraque
1582 891 1699 948 unum,
1726 869 1757 933 le
1781 889 1834 933 em
1854 865 2085 930 mandatorum
2106 867 2141 930 in
2163 867 2219 931 de-

207 954 248 1019 de
270 954 479 1020 observantia
505 951 587 1037 legis
608 975 784 1036 persuum
807 953 986 1019 adventum
1008 954 1191 1020 detractum
1243 956 1340 1021 oretis
1367 956 1464 1020 sitam
1487 976 1664 1035 evacuans,
1695 963 1733 1019 ut
1754 890 1835 1019 duos
1857 951 2010 1019 conderet
2034 953 2070 1016 in
2092 973 2127 1017 se
2149 954 2219 1035 ipso

203 1041 262 1119 iri,
298 1041 380 1106 satis
412 1040 593 1106 confirmat.
643 1040 690 1105 Et
716 1040 849 1119 merito,
877 1039 1007 1121 quando
1039 1041 1076 1104 in
1102 1041 1190 1107 hunc
1242 1042 1278 1106 in
1306 1064 1410 1106 unum
1441 1063 1564 1107 novum
1592 1042 1768 1106 hominem.
1825 1040 1878 1104 De
1908 1040 2120 1104 caeremoniis
2152 1039 2219 1104 illic

106 1157 113 1167 ’
206 1127 309 1191 finem
331 1126 439 1212 potius
461 1127 567 1203 venit,
590 1133 627 1190 ut
652 1126 722 1191 eius
743 1126 1058 1210 transgressionibus
1078 1126 1190 1191 mede·
1243 1128 1306 1210 agi,
1326 1127 1462 1192 minime
1484 1128 1688 1212 ambiguum:
1712 1127 1788 1209 quia
1805 1125 2018 1190 interstitium
2029 1132 2132 1204 vocat,
2155 1147 2219 1208 quo

207 1222 308 1276 retur.
354 1213 472 1277 Manet
491 1213 593 1296 igitur
614 1233 674 1295 per
695 1211 867 1278 Christum
889 1211 1086 1278 inviolabilis
1107 1212 1190 1296 legis
1241 1212 1356 1278 Iudaei
1383 1234 1403 1278 a
1429 1213 1582 1298 gentibus
1607 1213 1816 1279 dissidebant.
1862 1210 1974 1292 Quare
1999 1212 2124 1293 priores
2145 1212 2219 1277 illos

208 1298 372 1364 doctrina:
402 1319 485 1380 quae
507 1319 567 1363 nos
590 1298 748 1378 docendo,
772 1297 991 1378 admonendo,
1014 1298 1190 1382 obiurgan-
1242 1299 1283 1364 ab
1311 1299 1363 1364 his
1390 1300 1462 1364 iure
1489 1299 1684 1382 reprehendi
1712 1299 1830 1364 fateor:
1860 1296 1917 1362 sed
1944 1296 1985 1361 ab
2013 1296 2066 1361 his
2091 1317 2219 1380 quoque

209 1385 268 1465 do,
303 1384 509 1467 corrigendo,
543 1382 586 1448 ad
613 1405 709 1448 omne
737 1405 818 1467 opus
846 1384 969 1449 bonum
1001 1384 1120 1449 formet
1153 1406 1191 1450 ac
1240 1385 1387 1449 nondum
1408 1385 1491 1450 bene
1512 1386 1669 1468 explicari
1689 1406 1783 1450 mens
1809 1382 1946 1467 apostoli
1972 1382 2055 1446 mihi
2079 1383 2217 1448 videtur.

206 1478 380 1554 comparet.
1241 1470 1329 1536 Nam
1356 1470 1429 1534 illos
1456 1470 1537 1536 duos
1564 1472 1651 1537 locos
1679 1471 1776 1536 simul
1807 1491 1866 1553 per
1895 1469 2005 1533 omnia
2037 1472 2220 1551 comparari

295 1562 367 1620 104.
420 1553 515 1636 Quae
542 1577 622 1620 vero
658 1556 698 1620 de
730 1556 957 1622 maledictione
990 1556 1143 1621 dicuntur
1170 1579 1191 1621 a
1242 1556 1456 1621 nullomodo
1482 1557 1598 1639 placet.
1642 1557 1805 1639 Ephesios
1833 1577 1935 1638 quum
1962 1554 2002 1619 de
2031 1576 2090 1619 sua
2110 1556 2147 1619 in
2170 1577 2222 1620 so-

205 1642 327 1720 Paulo,
361 1663 429 1707 non
450 1641 492 1706 ad
520 1642 759 1706 institutionem
786 1643 893 1725 ipsam
919 1644 1098 1724 pertinere,
1132 1642 1190 1708 scd
1243 1643 1394 1708 oietatem
1415 1643 1549 1709 Israelis
1576 1645 1777 1726 cooptatione
1790 1643 1815 1726 ¹)
1843 1642 1997 1707 certiores
2023 1640 2222 1706 111111111-

207 1727 313 1792 solum
335 1726 609 1811 constringendae
631 1729 847 1795 conscientiae
868 1729 1029 1811 vigorem,
1053 1735 1188 1793 constat.
1243 1727 1297 1808 let,
1320 1727 1604 1812 impedimentum,
1634 1751 1696 1812 quo
1719 1730 1914 1794 arcebantur
1935 1726 2028 1804 clim,
2056 1726 2222 1791 sublatum

204 1813 282 1878 Non
319 1815 408 1878 enim
441 1813 547 1880 solum
576 1813 669 1880 docet
696 1814 767 1893 lex,
800 1814 858 1879 sed
884 1815 1057 1896 imperiose
1089 1816 1192 1899 exigit
1244 1813 1345 1879 docet.
1390 1815 1479 1879 Illud
1501 1817 1628 1880 eratin
1650 1815 1870 1881 caeremoniis.
1904 1813 2003 1878 Ritus
2023 1813 2111 1876 enim
2128 1812 2222 1878 ablu·

206 1900 292 1982 quod
322 1899 468 1965 mandat.
520 1897 558 1964 Si
585 1922 653 1964 non
681 1901 888 1978 exhibeatur,
918 1901 984 1967 imo
1010 1902 1037 1964 si
1064 1921 1129 1982 qua
1155 1902 1191 1964 in
1243 1902 1370 1965 tionum
1392 1909 1425 1965 11
1446 1903 1688 1980 sacrificiorum,
1710 1902 1828 1983 quibus
1848 1899 1963 1963 Iudaei
1980 1899 2122 1963 Domino
2144 1920 2222 1964 con-

205 1993 299 2068 parte
324 1986 365 2051 ab
390 1986 496 2050 officio
517 1995 671 2065 cessetur,
694 1985 931 2051 maledictionis
949 1985 1075 2050 fidmeu
1093 1987 1192 2051 strin-
1244 1988 1472 2066 sacrabantur,
1506 2009 1561 2052 eos
1594 2009 1614 2052 1
1645 1987 1798 2071 gentibus
1831 1985 2057 2070 segregabant.
2107 1986 2155 2050 At
2185 1987 2221 2049 in

206 2072 263 2155 git.
309 2070 384 2136 Hac
408 2073 534 2137 ratione
557 2072 637 2137 dicit
658 2071 822 2154 apostolus
840 2071 930 2155 (Gal.
951 2075 979 2150 3,
1002 2070 1056 2155 10)
1078 2094 1192 2137 omnes
1245 2073 1381 2155 epistola
1399 2073 1441 2137 ad
1463 2072 1672 2139 Colossenses
1694 2072 1865 2138 sublimius
1886 2072 2080 2156 mysterium
2104 2072 2222 2155 attingi

206 2158 262 2239 qui
296 2164 375 2223 sunt
408 2179 450 2222 ex
484 2158 636 2240 operibus
667 2157 750 2240 legis
788 2178 859 2223 esse
894 2158 1108 2223 exsecrationi
1135 2159 1192 2223 ob·
1244 2159 1317 2241 quis
1349 2179 1416 2223 non
1448 2158 1579 2224 videat?
1636 2158 1812 2224 Certamen
1844 2165 1894 2223 est
1920 2156 2066 2240 quidem
2084 2157 2151 2222 illio
2181 2157 2221 2222 de

205 2244 334 2323 noxios,
361 2244 439 2326 quia
450 2245 608 2326 scriptum
621 2245 677 2308 sit:
700 2243 908 2309 exsecrabilis
926 2245 1032 2308 omnis
1053 2245 1107 2326 qui
1125 2266 1192 2308 non
1243 2246 1394 2310 mosaicis
1432 2246 1725 2322 observationibus,
1766 2244 1807 2308 ad
1845 2265 1926 2326 quas
1961 2242 2221 2325 pseudoapostoli

206 2329 349 2412 complet
378 2331 498 2395 omnia.
548 2330 616 2394 Eos
645 2335 755 2394 autem
783 2331 843 2395 sub
866 2330 1017 2413 operibus
1038 2330 1120 2414 legis
1142 2329 1192 2394 di·
1244 2330 1461 2395 christianum
1481 2332 1638 2414 populum
1659 2331 1791 2416 adigere
1812 2327 1987 2394 studebant
1994 2352 2002 2408 ;
2031 2328 2088 2393 sed
2108 2350 2221 2410 quem-

205 2416 258 2494 cit,
283 2417 340 2497 qui
363 2416 400 2479 in
422 2416 613 2480 remissione
634 2422 842 2498 peccatorum
863 2417 1022 2480 iustitiam
1040 2421 1192 2481 111111-
1245 2415 1421 2480 admodum
1448 2417 1484 2481 in
1511 2417 1647 2500 epistola
1675 2416 1717 2480 ad
1739 2416 1876 2482 Galatas
1905 2415 2160 2480 controversiam
2181 2416 2222 2479 il-

205 2509 318 2580 tuunt,
357 2523 417 2584 per
449 2522 548 2583 quam
577 2523 597 2565 a
629 2501 712 2585 legis
745 2502 853 2585 rigore
882 2502 1048 2567 solvimur.
1099 2500 1193 2568 Solvi
1244 2501 1312 2567 lam
1340 2502 1438 2568 altius
1468 2502 1565 2582 ducit,
1590 2510 1623 2567 et
1649 2500 1886 2585 quodammodo
1912 2499 1954 2564 ad
1980 2501 2104 2564 fontem
2125 2523 2222 2564 suum

205 2607 283 2671 ergo
305 2608 365 2652 nos
389 2608 421 2652 a.
437 2587 520 2671 legis
542 2586 683 2653 vinculis
704 2595 852 2670 oportere
880 2587 987 2666 docet,
1014 2588 1077 2653 nisi
1098 2589 1192 2653 volu·
1244 2594 1392 2665 revocat,
1425 2589 1530 2653 itaet
1558 2589 1619 2654 hoc
1645 2589 1723 2654 loco.
1774 2587 1863 2652 Nam
1891 2587 1918 2651 si
1941 2586 1977 2650 in
1999 2586 2115 2650 ritibus
2138 2586 2221 2648 nihil

203 2693 279 2737 mus
302 2672 362 2738 sub
389 2673 454 2738 illis
476 2675 596 2738 misere
624 2674 739 2757 perire.
791 2671 858 2738 Sed
884 2675 1002 2757 quibus
1028 2674 1191 2740 vinculis?
1246 2674 1335 2738 aliud
1371 2674 1572 2754 consideras,
1610 2696 1709 2757 quam
1748 2672 1946 2756 defirngendi
1984 2672 2219 2749 necessitatem,

206 2758 296 2823 illius
320 2767 472 2824 austerae
495 2766 528 2823 et
549 2761 687 2825 infestae
709 2760 902 2839 exactionis,
933 2782 1016 2843 quae
1038 2782 1080 2824 ex
1102 2782 1192 2825 sum-
1244 2782 1400 2844 quorsum
1427 2762 1587 2826 attinebat
1611 2761 1720 2826 vocari
1750 2757 2022 2842 chirographum,
2055 2765 2088 2821 et
2114 2757 2221 2822 chiro-

210 2865 264 2912 mo
286 2845 357 2909 iure
379 2846 463 2910 nibil
485 2847 632 2925 remittit,
653 2867 714 2911 neo
736 2846 1028 2931 transgressionem
1042 2847 1067 2930 ¹)
1089 2847 1193 2912 ullam
1245 2846 1409 2931 graphum
1436 2848 1636 2914 contrarium
1660 2845 1776 2911 nobis?
1803 2852 1975 2928 praeterea
2001 2845 2036 2908 in
2059 2864 2096 2907 eo
2118 2848 2221 2907 totam

210 2931 408 3013 impunitam
432 2933 519 2996 sinit.
564 2932 618 2997 Ab
640 2933 712 3011 hac,
733 2933 883 3015 inquam,
905 2932 1133 2998 maledictione
1154 2940 1206 3016 ut,
1244 2954 1344 3016 prope
1366 2931 1598 3016 redemptionis
1619 2939 1750 2998 nostrae
1772 2951 1934 2997 summam
1954 2950 2088 3012 ponere,
2113 2935 2149 2992 ut
2169 2931 2221 2992 in-

144 3068 146 3073 .
210 3037 271 3080 nos
295 3016 472 3081 redimeret
493 3014 661 3096 Christus,
690 3019 795 3084 factus
817 3025 867 3084 est
894 3039 954 3102 pro
975 3019 1068 3083 nobis
1089 3019 1192 3084 male-
1245 3018 1439 3084 duceretur?
1492 3017 1604 3099 Quare
1625 3041 1680 3107 rep
1706 3020 1778 3101 ipsa
1799 3017 1919 3082 clamat
1945 3016 2000 3082 hio
2027 3015 2148 3097 aliquid
2170 3016 2221 3079 in-

212 3101 318 3167 dictio.
371 3101 539 3186 Scriptum
568 3111 617 3168 cst
644 3105 746 3168 enirn:
772 3104 966 3170 maledictus
999 3106 1104 3169 omnis
1136 3106 1191 3188 qui
1243 3106 1346 3169 terius
1379 3105 1599 3188 reputandum
1630 3126 1709 3170 esse.
1759 3103 1833 3187 Ego
1866 3108 1976 3166 autem
2009 3101 2135 3167 confido
2167 3123 2221 3165 me

209 3187 332 3270 pendet
365 3189 400 3252 in
436 3190 526 3273 ligno
555 3188 781 3274 (111113).
834 3189 950 3274 Capite
980 3191 1112 3274 quidem
1140 3212 1191 3256 se·
1243 3212 1436 3341 {germanam
1456 3191 1708 3275 intelligentiam
1730 3196 1955 3272 assequutum,
1978 3189 2006 3253 si
2027 3198 2139 3252 tamen
2159 3188 2221 3251 mi-

209 3274 323 3356 quenti
361 3273 412 3358 (4,
431 3274 467 3360 4)
495 3275 611 3353 tradit,
641 3274 813 3341 Christum
844 3277 909 3361 legi
938 3277 1039 3342 firisse
1066 3277 1175 3343 subisc
1307 3298 1423 3342 verum
1452 3298 1523 3343 esse
1549 3277 1761 3355 concedatur,
1791 3274 1878 3359 quod
1905 3274 2023 3340 alicubi
2051 3274 2221 3339 uerissime

209 3367 298 3438 tum,
321 3368 360 3424 ut
381 3382 436 3426 eos
457 3363 512 3444 qui
534 3362 593 3426 sub
615 3361 688 3444 lege
711 3370 818 3440 erant,
841 3363 1030 3443 redimeret;
1059 3362 1116 3428 sed
1139 3385 1192 3428 eo·
1245 3364 1285 3428 ab
1308 3364 1494 3446 Augustino
1522 3364 1763 3446 scriptumest:
1792 3363 1829 3426 in
1851 3361 2063 3427 caeremoniis
2084 3358 2219 3424 iudaicis

209 3444 285 3509 dem
315 3468 422 3512 sensu.
475 3445 596 3512 Subdit
623 3449 711 3512 enim
740 3449 906 3513 continuo:
941 3471 1004 3532 quo
1030 3450 1082 3514 ius
1108 3450 1192 3514 filio·
1244 3450 1479 3516 confessionem
1500 3471 1554 3515 ma
1580 3451 1606 3515 's
1628 3448 1820 3514 delictorum
1842 3447 2020 3526 exstitisse,
2043 3467 2141 3529 quam
2164 3467 2221 3510 ex-

209 3552 283 3594 rum
305 3532 478 3615 adoptione
496 3534 724 3616 reciperemus.
756 3527 845 3615 Quid
858 3535 941 3601 istuc
960 3535 1029 3600 est?
1053 3557 1096 3600 ne
1116 3557 1191 3619 per-
1243 3535 1429 3619 piationcm.
1486 3534 1552 3617 Qui
1614 3536 1702 3600 enim
1741 3535 1907 3600 sacrificiis
1942 3533 2030 3597 aliud
2070 3532 2221 3615 agebant,

209 3623 309 3697 petua
336 3620 493 3684 servitute
520 3641 759 3703 premeremur,
787 3642 870 3703 quae
897 3623 1111 3688 conscientias
1133 3643 1192 3687 no·
1245 3643 1344 3705 quam
1375 3643 1410 3686 se
1437 3623 1552 3688 mortis
1578 3623 1723 3687 conscios
1749 3621 1951 3698 fatebantur,
1979 3620 2035 3701 qui
2066 3619 2220 3681 insnum

210 3708 297 3767 stras
320 3707 486 3771 anxietate
513 3707 628 3772 mortis
650 3728 852 3791 compressas
874 3713 1008 3772 teneret.
1052 3709 1193 3773 Interim
1244 3708 1351 3773 locum
1380 3708 1584 3773 catharmata
1616 3705 1878 3773 substituebant?
1913 3704 1992 3789 quid
2022 3702 2220 3787 purificatio-

210 3795 324 3852 manet
345 3789 427 3855 illud
450 3815 578 3876 sempor
596 3795 835 3874 inconcussum,
858 3793 1000 3877 exlegis
1018 3795 1192 3859 autoritate
1244 3794 1356 3875 nibus,
1390 3794 1456 3858 nisi
1482 3793 1569 3877 quod
1604 3815 1639 3859 se
1670 3792 1857 3858 immundos
1888 3788 2117 3857 testabantur?
2168 3788 2221 3852 Ita

210 3871 296 3937 nihil
309 3874 494 3958 decessisse,
517 3880 595 3962 quin
609 3879 724 3945 eadem
742 3901 872 3962 semper
889 3881 1098 3945 veneratione
1115 3881 1191 3946 obe·
1244 3881 1402 3948 edebatur
1428 3880 1470 3945 ab
1496 3879 1561 3945 illis
1583 3879 1755 3962 et'piaculi
1778 3886 1811 3943 et
1837 3878 2035 3960 impuritatis
2064 3897 2143 3940 suae
2165 3874 2221 3938 de·

211 3957 396 4042 dientiaque
417 3964 523 4045 ipsam
546 3967 665 4049 suscipi
688 3987 708 4029 a
729 3966 823 4031 nobis
844 3967 1025 4032 conveniat.
1243 3966 1362 4031 bitum:
1393 3967 1510 4032 solutio
1537 3966 1574 4030 in
1601 3964 1659 4030 illa
1684 3965 1910 4031 testificatione
1932 3985 1999 4027 non
2020 3970 2099 4026 erat.
2145 3958 2220 4040 Qua

300 4050 371 4111 105.
421 4050 527 4114 Paulo
554 4051 629 4133 plus
656 4063 706 4116 ost
733 4051 935 4116 difficultatis
963 4053 997 4116 in
1027 4052 1089 4117 alio
1111 4052 1190 4131 loco,
1244 4053 1370 4117 ratione
1392 4053 1505 4118 scribit
1526 4052 1690 4134 apostolus
1712 4050 1829 4136 (Hebr.
1847 4048 1946 4135 9,15)
1966 4055 2070 4113 morte
2089 4047 2220 4111 demum

206 4148 247 4196 cx
279 4133 417 4215 epistola
453 4136 494 4200 ad
527 4134 736 4202 Colossenses
766 4135 901 4222 (2,13):
936 4145 969 4202 et
1000 4159 1058 4202 101
1091 4159 1192 4221 quum
1244 4136 1369 4203 Christi
1387 4138 1618 4218 intercedente,
1637 4137 1893 4220 redemptionem
1903 4134 2220 4219 praevaricationum

205 4219 322 4284 essetis
344 4222 466 4284 mortui
486 4244 545 4305 per
567 4222 699 4301 delicta,
722 4229 755 4287 ct
776 4223 983 4306 praeputium
1005 4224 1112 4288 carnis
1135 4246 1191 4289 ve·
1243 4245 1313 4289 esse
1330 4232 1506 4307 peractam,
1528 4245 1611 4306 quae
1628 4225 1805 4289 manebant
1822 4224 1882 4288 sub
1893 4221 1997 4287 veteri
2013 4227 2217 4286 testamento.

205 4309 311 4385 strae,
343 4306 584 4373 convivificavit
610 4330 685 4374 oum
712 4309 785 4387 illo,
820 4308 945 4374 donans
967 4309 1059 4376 vobis
1081 4310 1191 4373 omnia
1242 4309 1362 4375 Merito
1385 4331 1463 4394 ergo
1484 4309 1704 4394 chirographa
1724 4314 1819 4374 vocat
1845 4308 2008 4390 apostolus
2029 4307 2096 4371 suis
2117 4302 2219 4369 culto·

173 4471 175 4473 Ι
205 4388 337 4472 delicta,
361 4390 473 4458 delens
494 4392 581 4476 quod
603 4394 760 4459 adversus
788 4395 887 4477 nos²)
914 4402 998 4475 erat,
1022 4394 1190 4477 ehirogra—
1243 4396 1333 4462 ribus
1355 4396 1507 4462 adversa:
1535 4395 1665 4479 quando
1693 4416 1753 4480 per
1778 4393 1837 4458 illa
1859 4415 1953 4458 suam
1976 4392 2218 4458 damnationem

207 4475 312 4557 phum
339 4478 376 4542 in
403 4477 554 4557 decretis,
583 4479 669 4563 quod
696 4488 767 4544 erat
794 4480 887 4545 nobis
909 4481 1124 4559 contrarium;
1158 4487 1191 4544 et
1243 4468 1280 4547 a'c
1313 4481 1554 4547 immunditiem
1586 4481 1696 4566 palam
1723 4479 1967 4563 consignabant.
2015 4478 2085 4543 Nec
2118 4477 2217 4552 obest,

207 4562 316 4643 ipsrun
346 4563 422 4628 tulit
448 4564 615 4645 emedio,
644 4566 700 4630 affi
724 4586 782 4630 ens
811 4566 915 4646 cruci,
944 4575 1003 4631 etc.
1048 4564 1190 4631 Videtur
1242 4568 1328 4651 quod
1355 4568 1404 4632 illi
1426 4588 1552 4652 qnoque
1574 4567 1719 4633 eiusdem
1742 4564 1912 4631 nobiscum
1940 4565 2065 4648 gratiae
2086 4561 2218 4645 partici-

207 4648 297 4712 enim
324 4649 408 4735 legis
441 4650 648 4718 abolitionem
717 4652 886 4733 'quantum
921 4652 1009 4717 ultra
1041 4652 1188 4732 dilatare,
1241 4674 1299 4737 pes
1326 4655 1467 4719 fuerunt.
1524 4654 1565 4719 Id
1592 4655 1679 4720 enim
1707 4658 1785 4718 sunt
1817 4651 1983 4733 assequuti
2013 4651 2048 4713 in
2075 4646 2216 4720 Christe,

207 4740 245 4798 ut
265 4734 349 4799 nihil
370 4737 437 4802 iam
457 4738 551 4803 nobis
578 4738 621 4802 sit
642 4759 718 4805 cum
742 4736 830 4802 illius
852 4736 999 4803 decretis.
1045 4736 1188 4820 Quidam
1241 4761 1309 4805 non
1336 4741 1371 4804 in
1399 4741 1626 4819 caeremoniis,
1654 4759 1736 4822 quas
1766 4736 1834 4802 illic
1861 4735 2035 4801 aChn'ste
2062 4731 2218 4797 discernit

207 4820 400 4903 simpliciter
429 4822 469 4889 de
496 4824 569 4909 lege
600 4823 718 4890 morali
744 4823 921 4907 accipiunt:
957 4825 1049 4892 cuius
1077 4831 1189 4890 tamen
1242 4825 1420 4908 apostolus:
1441 4827 1597 4910 quoniam
1618 4824 1743 4891 Christi
1765 4822 1917 4908 gloriam,
1939 4827 2010 4885 tum
2031 4825 2216 4900 usurpatae,

205 4905 442 4974 inexorabilem
474 4912 581 4995 magis
613 4910 835 4990 severitatem,
875 4931 974 4993 quam
1006 4911 1188 4977 doctrinam
1241 4912 1467 4978 obscurabant.
1511 4911 1681 4977 Habemus
1702 4907 1982 4987 caeremonias,si
2027 4923 2217 4970 1111101-

205 4993 363 5058 abolitam
384 4996 652 5080 interpretantur.
697 4996 765 5063 Alii
792 4997 919 5062 acutius
945 4998 1187 5081 pensiculantes
1242 4997 1435 5078 siderentur,
1459 4997 1629 5082 eleganter
1645 5004 1678 5063 et
1699 4995 1844 5080 apposite
1860 4994 2005 5061 1111111
2032 4989 2215 5076 ‘ograpba

200 5158 406 5177 *Q*

278 5264 308 5333 1)
327 5271 538 5324 transactionem
556 5270 746 5327 1539-1545.
808 5269 998 5342 2)1011539.
1310 5271 1339 5340 1)
1358 5271 1500 5341 coopticne
1518 5267 1588 5324 155⁰
1603 5284 1673 5341 Md·
