4770 6030
202 355 265 416 437
972 350 1072 418 OAP.
1094 352 1146 417 IV
1147 402 1156 417 .
1205 353 1270 419 Du
1292 351 1442 420 VO'HS.
2156 361 2223 423 438

201 453 708 620 bobiibinirbl'sglbiiloontrarim
734 541 812 624 qiiia
832 541 925 606 velut
951 540 1099 606 solennia
1124 539 1176 604 in-
1227 541 1263 606 in
1284 561 1361 606 enm
1389 541 1523 607 modum
1544 542 1585 607 ab
1612 542 1692 624 ipsis
1714 542 1804 624 passi
1824 549 1942 609 essent
1987 539 2098 608 Simul
2119 545 2211 613 enim

200 635 383 694 stramenta
408 635 517 705 erent,
545 649 628 710 qnae
654 629 801 710 ipsorum
822 626 1054 711 obligationem
1074 633 1175 691 testa-
1226 627 1291 691 illis
1314 628 1539 692 excutiebatur
1556 626 1683 694 Christi
1710 628 1918 694 beneficium:
1940 636 2111 711 quamnus,
2133 651 2211 713 per·
2324 621 2330 643 '

200 722 324 780 rentur.
369 713 441 778 Illis
462 735 564 796 quum
585 713 707 778 vellent
728 734 862 778 rursum
886 712 1101 778 christianam
1122 733 1174 777 ec-
1227 721 1300 778 eota
1321 713 1423 778 semel
1444 721 1579 778 aeterna
1599 715 1800 796 expiatione,
1828 713 2034 796 quotidianas
2054 715 2129 781 illas
2150 717 2210 782 ob-

199 801 333 866 olesiam
358 801 539 883 astringere
565 799 840 881 pseudoapostoli,
879 820 945 863 non
978 799 1049 863 sine
1076 819 1176 863 causa
1226 800 1427 865 servationes
1449 799 1606 879 abolevit;
1632 821 1730 882 quae,
1759 799 1803 864 ad
1830 808 1964 882 peecata
1985 801 2211 885 musignandn

199 886 339 964 Paulus,
368 886 466 953 altius
490 886 628 968 repetita
649 906 764 950 earum
785 885 1039 968 significatione,
1062 881 1174 949 Colos-
1226 893 1356 950 tanturn
1378 885 1515 964 validae,
1539 885 1581 951 au
1603 884 1719 951 eadem
1740 886 1880 952 delenda
1901 886 1986 951 nihil
2007 893 2168 970 poterant

199 993 311 1039 censes
339 971 509 1037 admonuit
535 992 597 1054 quo
621 971 860 1047 relaberentur,
889 972 916 1036 si
944 968 1113 1053 subiugari
1139 992 1174 1035 se

905 1692 1110 1779 onear
1142 1692 1464 1801 cumana
1479 1693 1504 1776 ¹)

1043 1899 1137 1996 DE
1164 1898 1362 1997 VOTIS

846 2066 929 2134 usi
956 2067 1021 2132 aa
1047 2065 1342 2134 nounouaru
1370 2067 1558 2134 nomm.

285 2248 311 2307 1.
361 2239 431 2306 lain
457 2239 683 2304 trameundmn
704 2240 746 2304 ad
772 2238 847 2320 fidei
875 2239 1107 2321 replicationem
1128 2259 1173 2305 es·
1224 2239 1378 2322 quidquid
1399 2260 1459 2321 per
1483 2239 1639 2305 somnium
1667 2239 1829 2304 arrisisset
1857 2241 1968 2306 iiisano
1989 2241 2100 2322 Istudio
2125 2249 2209 2310 totus

196 2335 253 2408 set,
276 2328 341 2392 nisi
363 2347 401 2392 er
424 2326 511 2393 tertio
533 2326 644 2408 eapite,
666 2325 799 2408 qualiter
817 2329 984 2389 tractatum
1004 2331 1063 2403 est,
1086 2324 1174 2390 nobis
1220 2326 1378 2408 domaret.
1430 2323 1510 2390 Nolo
1537 2325 1640 2390 odiose
1666 2345 1864 2408 erapperare,
1891 2347 1945 2390 nee
1970 2329 2136 2410 sipiliatim
2157 2352 2206 2396 re·

196 2420 371 2480 irasceretur
396 2433 475 2476 uoen
501 2412 651 2492 quaetio,
681 2432 760 2493 quae
786 2431 869 2474 uuiie
889 2411 971 2475 uelut
992 2412 1174 2494 appendicis
1224 2432 1356 2489 masere,
1389 2432 1484 2493 quam
1508 2412 1649 2493 praviter
1676 2431 1713 2476 oe
1742 2416 1815 2492 quot
1842 2413 1944 2476 undis
1970 2413 2020 2477 iiie
2042 2422 2206 2496 peceatum

196 2503 273 2579 eice,
300 2500 394 2565 obiter
421 2499 583 2562 tradenda
608 2503 660 2563 est.
711 2497 887 2562 Docuimus
913 2497 996 2560 enim
1018 2497 1171 2579 primum,
1223 2499 1281 2563 sit:
1301 2498 1356 2562 sed
1376 2496 1431 2562 lice
1451 2496 1546 2562 obiter
1565 2497 1667 2562 dicere
1687 2498 1791 2561 uisum
1812 2502 1868 2575 est,
1891 2518 1951 2577 quo
1972 2500 2083 2565 meiius
2104 2524 2204 2585 appa-

195 2586 349 2668 pui'rlquid
376 2585 418 2650 ad
451 2584 547 2648 uuam
576 2585 633 2666 pie
660 2588 819 2664 sancteque
845 2581 1069 2647 instituendam
1093 2583 1173 2647 desi·
1223 2589 1305 2660 reat,
1334 2603 1392 2648 iios
1418 2603 1615 2664 irequupucm
1648 2583 1686 2648 de
1712 2604 1747 2648 re
1772 2603 1968 2664 superuacua
1995 2589 2203 2666 quaestionem
2278 2578 2284 2594 ⁸

195 2673 302 2739 derari
318 2676 431 2753 potest,
459 2671 494 2734 i'n
515 2670 577 2753 lupe
604 2691 670 2735 esse
696 2669 953 2752 comprehensum.
997 2667 1174 2734 Doeuimus
1222 2670 1392 2747 instituere,
1416 2690 1513 2749 quum
1533 2669 1571 2734 de
1592 2670 1671 2735 uotis
1691 2674 1870 2734 tractamus.

194 2779 309 2824 rursus
331 2756 519 2835 Dominum,
541 2777 600 2838 quc
621 2756 734 2821 melius
753 2776 810 2820 nos
830 2754 870 2819 ab
891 2754 1100 2837 eampitandi's
1120 2775 1173 2820 iio·
1310 2759 1338 2819 2.
1355 2784 1360 2793 ·
1375 2753 1485 2834 Porro,
1507 2755 1699 2821 ricciarius
1714 2775 1830 2833 errare,
1851 2755 2020 2820 induendo
2037 2777 2117 2836 puae
2134 2763 2205 2823 uota

195 2846 244 2910 iis
268 2843 413 2926 operibus
438 2847 594 2920 avocaret,
623 2847 716 2906 totum
737 2841 876 2905 iustitiae
896 2840 1021 2906 modern
1041 2840 1077 2904 i'n
1096 2841 1172 2905 sini·
1221 2841 1286 2906 sint
1312 2840 1465 2924 lepitima,
1494 2862 1574 2922 puae
1589 2846 1805 2924 praepostera,
1828 2843 1893 2906 tria
1913 2842 2082 2924 expendere
2101 2863 2205 2909 eonce-

190 2931 269 3014 pliei
296 2929 463 2994 aoluntmis
492 2949 569 2994 suae
601 2927 770 2993 obedientia
802 2926 974 2992 inclusisse.
1029 2926 1117 2991 Haec
1142 2927 1172 2991 si
1222 2927 1285 2992 uit:
1306 2947 1415 3010 nempe
1435 2926 1508 3009 puis
1528 2928 1571 2992 sit
1591 2929 1622 2992 is
1642 2929 1694 2993 eui
1714 2932 1816 2993 ictum
1838 2933 2054 3010 nuncupatum
2083 2929 2139 3010 qui
2159 2930 2204 2994 si·

194 3038 269 3082 aera
288 3021 375 3094 sunt,
397 3015 539 3080 iudicare
560 3019 744 3097 promptum
765 3018 822 3091 est,
843 3013 965 3094 buitim
985 3033 1089 3078 omnes
1110 3012 1172 3078 oui-
1222 3033 1294 3077 mus
1315 3033 1372 3078 nos
1392 3013 1448 3095 qui
1468 3033 1629 3092 vovemus;
1655 3035 1715 3096 pua
1742 3015 1848 3079 animo
1874 3013 2004 3095 deumne
2030 3036 2207 3082 voveamus.

194 3109 261 3179 tus,
287 3121 364 3182 quos
389 3101 477 3166 iubis
501 3101 566 3183 ipsi
593 3101 636 3166 ad
657 3100 896 3183 promerendum
917 3098 1023 3164 Deum
1049 3099 1173 3164 commi·
1224 3099 1374 3166 Primum
1395 3119 1428 3164 m
1449 3104 1576 3182 spectat
1604 3104 1639 3164 ut
1660 3100 1823 3184 mpitemus
1846 3099 1935 3164 iubis
1957 3120 2027 3165 oiim
2049 3099 2117 3167 Deo
2140 3122 2207 3168 esse

196 3188 365 3264 iiisei'mur,
388 3187 517 3252 minime
536 3207 601 3252 esse
622 3187 673 3251 iili
693 3191 842 3268 acceptos,
865 3185 1066 3266 quantumuis
1085 3184 1174 3251 nobis
1222 3186 1394 3269 amodum
1431 3205 1521 3266 quem
1546 3186 1621 3251 adeo
1653 3185 1778 3251 mutim
1810 3191 1917 3252 iiostra
1948 3187 2136 3268 obedientia,
2170 3193 2207 3253 ut

196 3274 367 3338 arrideant.
417 3272 462 3336 Et
488 3278 563 3337 certe
593 3271 751 3338 Dominus
777 3273 845 3355 ipse
876 3271 986 3337 mutis
1011 3272 1086 3336 loeis
1112 3291 1173 3337 non
1223 3275 1606 3356 tdrtcdppuritceomnes,
1623 3271 1790 3354 puerilibet
1806 3272 2206 3357 inoculisiiomiuurnspe-

195 3365 316 3424 tardum
343 3364 446 3440 aperte
477 3379 527 3423 eos
557 3360 693 3441 respuit,
725 3358 779 3424 sed
803 3359 942 3441 marite
969 3357 1173 3423 abominatur.
1223 3359 1324 3423 ousae
1350 3359 1414 3422 sint
1439 3377 1477 3423 ac
1502 3357 1698 3440 spbndidae,
1726 3359 1908 3424 maledictas
1935 3378 2000 3423 esse
2021 3362 2206 3440 pronuntiet

196 3444 283 3509 Hinc
303 3446 442 3508 ararim
463 3444 501 3508 de
521 3447 599 3510 amis
618 3445 783 3524 dubitatio,
805 3465 884 3526 puae
906 3450 1032 3526 praeter
1052 3463 1174 3527 expres-
1224 3441 1308 3528 (Ool.
1329 3446 1358 3522 2,
1379 3443 1445 3528 23).
1498 3442 1537 3508 Si
1563 3444 1734 3510 edumarii
1759 3465 1863 3510 omnm
1890 3443 2004 3521 euius,
2033 3464 2110 3525 quos
2136 3446 2205 3528 ipsi

197 3551 269 3594 sum
289 3529 352 3594 Dei
372 3529 497 3594 aerbiun
516 3531 604 3610 fiurd,
627 3553 686 3612 quc
708 3531 770 3596 loco
786 3533 850 3595 sint
865 3529 1013 3609 bamma
1036 3550 1079 3594 au
1095 3550 1173 3594 uun·
1222 3531 1290 3594 sirie
1310 3529 1457 3595 niuadmo
1477 3531 1699 3614 eampitamus,
1722 3528 1790 3596 Dec
1811 3535 1884 3596 sunt
1905 3529 2134 3609 abomiiuibiies,
2157 3552 2205 3597 se-

198 3617 310 3700 eupari
335 3616 393 3680 rite
416 3615 540 3698 possint
561 3616 599 3681 ab
625 3617 801 3682 bominibus
828 3616 1022 3695 mristianis,
1048 3621 1076 3680 et
1097 3636 1173 3697 eua-
1222 3616 1329 3697 quitur
1355 3615 1478 3680 iiiiiium
1504 3617 1534 3681 ei
1560 3622 1717 3699 capum
1737 3637 1802 3682 esse
1823 3636 1931 3697 posse,
1961 3615 2027 3680 uisi
2054 3617 2111 3696 qui
2134 3618 2206 3684 eius

197 3709 286 3767 tenus
311 3722 362 3767 eos
382 3701 579 3784 obstriupant.
624 3703 712 3767 Nam
732 3704 814 3785 quod
834 3704 913 3768 inter
938 3702 1075 3768 immines
1095 3702 1172 3768 diei-
1222 3701 1310 3767 uerbo
1331 3701 1525 3784 approbetur.
1568 3701 1664 3786 Erpo,
1686 3723 1725 3767 ue
1744 3707 1865 3767 tautum
1886 3701 2026 3766 licentiae
2046 3702 2136 3768 rioms
2151 3725 2207 3768 su·

198 3793 251 3854 tur
265 3789 445 3871 periissio,
467 3788 502 3853 id
523 3786 587 3853 Dei
607 3795 744 3871 respedu
765 3795 867 3854 uotum
889 3789 1073 3871 appellatur.
1107 3786 1172 3853 Hc
1222 3808 1361 3867 ominus,
1388 3794 1424 3852 ut
1451 3789 1625 3854 audmmiis
1644 3787 1712 3854 Deo
1732 3808 1853 3866 meere,
1876 3787 1957 3869 quod
1975 3787 2099 3853 nullum
2120 3791 2206 3856 testi·

198 3875 336 3939 minibus
362 3879 465 3938 autern
487 3873 671 3955 pollicemur
696 3896 733 3939 ea
758 3897 838 3957 puae
864 3874 912 3940 uel
932 3880 1086 3958 putamus
1105 3874 1173 3941 iilis
1222 3875 1363 3939 neonium
1394 3873 1503 3938 babeat
1533 3874 1667 3955 piiaiiter
1698 3874 1737 3939 ab
1772 3874 1842 3956 ipso
1874 3873 2060 3938 aestimetur.
2116 3875 2205 3942 Nam

197 3961 263 4042 fore
282 3966 390 4042 prata,
410 3961 457 4026 cei
477 3981 556 4042 quae
576 3981 614 4025 ea
634 3961 735 4042 officio
755 3962 905 4027 Munus.
950 3961 1054 4044 Lonpe
1073 3961 1173 4043 ipitm
1222 3961 1304 4042 qued
1326 3959 1451 4025 Paulus
1471 3960 1554 4026 dccet
1574 3957 1685 4046 (Rom.
1708 3965 1757 4040 14,
1776 3959 1832 4045 23)
1845 3964 2006 4044 mactum
2027 3981 2093 4027 esse
2114 3963 2206 4042 puid-

199 4048 348 4111 maiman
368 4049 404 4111 i'u
423 4047 501 4111 iotis
520 4045 745 4111 observantiam
765 4069 830 4114 esse
850 4049 938 4126 decet,
960 4068 1040 4129 quae
1060 4048 1103 4111 ad
1124 4048 1172 4130 ip
1223 4046 1300 4127 quid
1318 4047 1355 4128 su
1374 4045 1489 4127 absque
1505 4046 1578 4128 fide,
1600 4067 1697 4126 quum
1719 4046 1762 4111 ad
1782 4047 1916 4112 uniones
1937 4047 2088 4126 quaslibet
2105 4053 2205 4113 ueteri·

198 4153 269 4197 sum
291 4132 409 4212 Deum,
439 4139 509 4197 eum
529 4154 588 4213 quo
609 4134 745 4197 inarime
770 4135 852 4199 serio
873 4135 1026 4218 apendum
1047 4139 1104 4213 est,
1126 4133 1173 4199 di-
1222 4133 1334 4212 datur,
1355 4137 1427 4198 tune
1447 4137 1523 4221 epte
1538 4133 1709 4218 praecipue
1729 4132 1830 4198 meum
1850 4132 1953 4210 baba,
1974 4132 2029 4197 ubi
2050 4135 2206 4216 capitatio·

198 4220 353 4303 imitar.
407 4219 471 4284 Hie
500 4220 617 4284 mirum
647 4220 683 4283 in
714 4219 1008 4286 muniminibus
1041 4219 1174 4285 suendis
1223 4240 1293 4286 neni
1324 4224 1412 4284 tuam
1443 4223 1526 4284 reda
1556 4219 1593 4283 in
1625 4218 1731 4284 Deum
1762 4219 1886 4302 diripis.
1933 4217 2095 4300 Siquidem
2121 4218 2204 4285 iiiiii

196 4309 345 4388 praesuta
366 4311 411 4370 est
431 4307 626 4387 superstitio:
651 4310 687 4369 ut
706 4305 844 4371 homines
864 4309 932 4372 siue
952 4306 1083 4384 iudicio,
1105 4306 1173 4371 sine
1224 4306 1329 4389 mcpis
1354 4306 1475 4371 serimu
1495 4325 1561 4371 esse
1587 4304 1676 4370 nobis
1696 4306 1777 4371 deret
1803 4305 1964 4388 reiipionis
1984 4304 2105 4387 otidis
2151 4303 2204 4369 su

199 4391 326 4471 deledia
355 4391 509 4474 quidquid
536 4392 573 4455 ia
598 4397 727 4456 mentem
747 4392 793 4457 uei
813 4393 907 4457 etium
928 4394 964 4458 iu
981 4392 1106 4458 meeum
1126 4413 1173 4457 ue-
1222 4391 1322 4476 ipitur
1341 4391 1415 4456 iraee
1428 4392 1540 4475 prima
1560 4391 1595 4455 iii
1616 4392 1696 4457 iotis
1716 4392 1826 4471 mutio,
1847 4397 1883 4456 ut
1903 4411 2064 4472 animuum
2080 4390 2124 4455 ad
2142 4390 2202 4455 aii-

199 4478 294 4555 iiiret,
327 4476 395 4543 Deo
429 4478 578 4560 protinus
615 4482 759 4543 aereum.
814 4477 900 4544 isiae
929 4479 1005 4545 illue
1035 4483 1173 4544 rourum
1223 4479 1301 4560 quid
1326 4479 1500 4549 emendum,
1526 4478 1760 4558 duceridamus,
1793 4478 1871 4559 puin
1900 4482 1977 4544 certo
2003 4476 2102 4558 prius
2133 4495 2205 4542 cori-

199 4561 349 4647 iaeptiae,
376 4565 439 4629 iuro
460 4563 662 4647 modipusae
689 4563 897 4630 absurditates
917 4565 1006 4648 apud
1031 4564 1173 4644 ethnicos,
1223 4564 1353 4630 seientia
1373 4565 1571 4643 condduerit,
1592 4584 1626 4631 se
1644 4564 1727 4629 nibil
1747 4570 1857 4630 tenum
1877 4568 1999 4630 tenure.
2035 4560 2124 4626 Tune
2144 4583 2204 4628 au

199 4645 313 4730 punis
338 4650 436 4714 nimis
461 4650 624 4715 insolerter
651 4670 721 4718 cum
748 4650 814 4716 diis
833 4651 904 4714 suis
923 4652 1072 4716 luserunt.
1115 4648 1174 4714 At
1224 4655 1283 4714 tem
1304 4672 1326 4715 a
1347 4651 1528 4717 teineritatis
1543 4651 1685 4732 pmieutr
1711 4656 1779 4716 tuto
1799 4650 1872 4728 erit,
1895 4668 1992 4729 quum
2013 4646 2118 4712 Deum
2140 4648 2203 4715 sibi

200 4754 258 4815 pue
278 4737 402 4800 utinam
422 4734 502 4800 lianc
522 4735 648 4801 morum
670 4737 838 4802 mdmiam
858 4754 919 4799 non
939 4737 1057 4802 imitati
1077 4739 1176 4803 asserit
1224 4735 1343 4802 babebit
1368 4742 1583 4819 praeeuntem,
1610 4742 1638 4802 et
1659 4737 1753 4817 quasi
1778 4757 1817 4801 ei
1837 4734 1924 4800 uerbo
1953 4752 2010 4799 suo
2035 4733 2202 4803 imiimi

199 4821 293 4884 etiam
316 4819 499 4888 Oiuistiam.
531 4820 667 4888 Minime
685 4823 721 4888 id
741 4823 866 4906 quiden
885 4821 1003 4900 decuit5
1023 4824 1078 4888 sed
1094 4822 1175 4888 uide-
1225 4822 1303 4903 pui'd
1321 4822 1407 4903 iaetu
1427 4822 1539 4888 berum
1559 4822 1603 4888 sit
1622 4823 1668 4888 uel
1688 4821 1808 4886 incutite.

200 4925 273 4971 mus
291 4907 409 4990 aliqud
433 4907 566 4974 suendis
586 4909 668 4974 iiiiii
691 4909 792 4990 fuisse
811 4906 870 4973 iae
896 4906 1090 4991 improbitate
1110 4907 1177 4973 usi·
1313 4911 1342 4972 3.
1388 4907 1431 4972 Iu
1456 4908 1566 4986 altero,
1593 4907 1675 4989 prod
1700 4907 1751 4972 iiic
1768 4906 1911 4973 dicimus
1932 4904 2201 4988 comiduauduin,

200 4993 312 5058 tatius:
332 5000 368 5058 ut
382 4995 521 5078 populus
541 5000 711 5080 corumptu
724 4994 852 5079 passim
868 4990 933 5060 Dei
953 4991 1025 5077 iepe,
1047 4992 1178 5062 amendi
1227 4993 1262 5060 id
1282 4993 1464 5073 moliretur,
1497 4999 1532 5060 ut
1552 4994 1721 5060 radiemur
1741 4992 1825 5057 aues
1845 4995 1982 5069 nostras,
2010 4996 2046 5055 ut
2072 4993 2202 5058 mimic-

1225 5101 1297 5146 nem
1315 5084 1454 5149 metrum
1473 5080 1667 5159 intueamur,
1689 5099 1727 5144 ue
1747 5077 1925 5160 benaiamn
1939 5077 2099 5157 libertatis,
2120 5079 2204 5160 quod

203 5168 231 5175 “
247 5170 264 5173 ”
277 5171 300 5254 f‘
329 5172 406 5177 “‘'‘'
1226 5165 1316 5231 nobis
1334 5161 1426 5231 Deus
1445 5166 1578 5247 cumdii,
1597 5165 1799 5249 nepiipanms.
1833 5164 1921 5236 Nam
1941 5164 1997 5246 pai
2017 5169 2101 5230 iaci
2119 5165 2203 5247 piiod

271 5266 904 5339 lirinumiiipeiicaiaceuu.1css.
1027 5346 1030 5352 ι
1228 5250 1830 5335 odmumtmaetaciiitctis,iel
1859 5251 2204 5323 summationem

791 5366 797 5376 ·
1942 5351 2004 5407 28*
