4770 6030
189 367 251 430 aas
736 361 835 428 aar.
858 361 955 428 vm.
977 359 1069 445 (lv.)
1113 357 1330 425 srrcaonr
1350 360 1648 429 uxrnrcnrro.
2126 370 2189 431 554

188 473 551 547 A14631316330163.

187 555 222 618 in
243 554 284 618 iis
306 550 508 634 recipiendis,
538 463 574 614 ir]r
601 551 719 634 quibus
744 551 961 633 poenitentiae
990 551 1084 632 signa
1105 548 1162 613 de·
1301 552 1350 628 23.
1396 548 1563 634 Mapnifice
1582 549 1632 614 itti
1657 550 1782 631 quidem
1807 571 1898 615 22222
1924 551 2013 616 nobis
2033 552 2190 618 ecclesiam

186 637 370 723 prehendit.
421 636 496 700 Non
525 637 613 702 enim
640 637 800 719 permittit
826 645 864 700 ut
893 637 991 700 nimis
1022 634 1162 718 rigidam
1213 635 1436 713 commendant,
1469 655 1508 699 ne
1539 656 1602 716 quo
1629 636 1696 701 alia
1728 637 1763 700 in
1791 638 1906 701 mundo
1938 658 2003 703 esse
2029 639 2191 706 rideatur:

188 725 396 791 severitatem
429 729 593 803 exerceat,
627 729 666 786 ut
691 724 742 787 ius
775 743 871 786 suum
903 720 944 785 ad
977 727 1163 785 extremum
1210 725 1325 801 postea,
1348 722 1495 802 quasirc
1516 722 1663 804 musceta,
1685 742 1789 786 munes
1809 722 2019 787 sciisrncticos
2037 743 2102 788 esse
2123 746 2190 790 con·

187 816 415 894 persequatur,
443 817 481 872 ut
503 808 676 874 difficulter
701 830 736 873 se
765 807 965 872 exorabilem
990 808 1162 889 praebeat;
1214 806 1353 883 stituunt,
1376 807 1432 886 qui
1453 805 1492 871 ab
1513 808 1590 886 eius,
1611 828 1707 888 quam
1723 809 1871 892 pingunt,
1894 809 2190 877 emendantium

188 895 245 962 sed
264 896 357 961 iubet
385 901 589 959 antevertere
611 902 645 959 et
665 894 794 960 obviam
815 892 990 974 procedere
1012 891 1098 955 ultro
1120 889 1163 955 ad
1214 891 1262 955 tia
1293 891 1458 956 subducere
1490 913 1537 971 se,
1566 913 1670 957 onmes
1695 893 1874 971 haereticae,
1908 896 1963 975 qui
1990 900 2093 960 centra
2123 897 2191 961 eius

188 982 282 1046 illum
305 979 567 1062 amplexandum,
589 1000 632 1044 ue
654 980 769 1043 maiori
791 979 925 1043 tristitia
942 978 1161 1042 absorbeatur.
1215 976 1386 1042 doctrinam
1412 980 1526 1043 mutire
1550 979 1672 1043 222222.
1726 977 1787 1043 Sed
1812 980 1925 1060 quibus
1951 980 2123 1046 rucanas
2137 1003 2191 1048 aa·

187 1068 281 1132 Haec
308 1065 487 1130 moderatio
509 1066 574 1130 nisi
596 1072 745 1130 accurato
767 1065 980 1147 religioseque
1002 1070 1161 1139 servatur,
1214 1084 1285 1126 rani
1307 1082 1340 1127 se
1360 1063 1516 1128 mdmiam
1541 1063 1651 1129 babere
1672 1065 1877 1145 confirmant?
1919 1065 2065 1149 Aiiepant
2085 1088 2124 1132 cn
2143 1089 2191 1134 ce
2302 1056 2308 1079 ⁹

188 1152 370 1236 periculum
399 1158 450 1216 est
476 1173 519 1216 nc
548 1173 589 1216 ex
611 1151 782 1233 disciplina
809 1172 886 1214 mox
909 1149 1100 1214 delabamur
1121 1147 1163 1212 ad
1215 1149 1307 1213 tustis
1334 1149 1500 1214 annalibus
1527 1151 1604 1230 qunti
1624 1150 1698 1214 olm
1724 1152 1759 1214 in
1787 1150 1901 1231 Italia,
1935 1154 1971 1215 in
2006 1154 2122 1232 Gallio,
2155 1155 2191 1219 in

189 1239 419 1305 carnificinam.
1216 1234 1379 1316 Hispania
1397 1235 1509 1317 fuerim
1530 1257 1551 1298 2
1569 1237 1685 1300 sannis
1702 1236 1768 1301 iltis
1786 1237 1866 1301 ciris
1882 1239 1937 1318 qui
1953 1258 2033 1302 sana
2049 1240 2190 1305 domnina

277 1327 326 1388 21.
352 1320 502 1403 ¹Quanti
536 1322 622 1404 apud
650 1343 710 1386 nos
736 1321 847 1387 valere
874 1320 965 1386 verbi
993 1328 1026 1383 et
1055 1339 1163 1384 saera
1214 1320 1390 1402 fundarunt
1415 1318 1646 1402 acutarumque
1671 1321 1811 1387 emicans
1838 1323 2066 1404 communnione
2085 1327 2190 1407 ipismu

189 1417 374 1474 mentorum
400 1409 633 1485 ministerium,
657 1414 691 1471 et
711 1427 875 1490 quousque
898 1405 1072 1489 proaedere
1094 1405 1163 1469 eius
1215 1411 1244 1470 et
1263 1406 1404 1471 ecciesiae
1423 1406 1663 1488 aedificationum
1683 1428 1739 1473 suo
1760 1409 1911 1492 eaupuiu
1932 1410 2135 1489 stabilierunt,
2156 1432 2191 1477 se

190 1495 373 1561 reverentia
406 1494 535 1572 debeat,
572 1500 611 1557 ut
648 1494 692 1557 sit
724 1493 818 1557 nobis
852 1500 1010 1575 perpetua
1040 1497 1164 1555 tessera
1215 1492 1365 1575 cripinem
1397 1493 1506 1558 ducere
1513 1516 1523 1571 ;
1556 1493 1712 1558 centenam
1745 1515 1814 1559 cero
1840 1495 1886 1560 sic
1916 1500 1944 1559 et
1971 1497 2191 1578 spiritualibus

191 1579 430 1665 dignoscendae
451 1579 613 1658 ecclesiae,
636 1578 834 1661 explicatum
853 1585 911 1643 est.
945 1578 1070 1659 Nempe
1092 1577 1164 1641 ubi·
1215 1578 1307 1643 donis
1326 1582 1354 1642 et
1373 1583 1548 1661 martynum
1568 1580 1720 1663 sanpuim
1736 1581 1822 1662 apud
1838 1600 1871 1645 se
1887 1586 2100 1663 consecratam,
2117 1605 2191 1665 per-

191 1687 317 1749 cunque
345 1667 512 1749 integrum
533 1671 642 1730 exstat
663 1672 697 1728 et
716 1664 892 1743 illibatum,
914 1663 1013 1728 nullis
1034 1683 1164 1726 morum
1211 1669 1307 1744 pana
1333 1664 1543 1754 episcoporum
1570 1666 1759 1731 2222222222
1789 1672 1996 1731 consecratam
2020 1668 2120 1748 fuism
2150 1690 2190 1735 ne

109 1774 113 1790 ·
190 1753 278 1818 vitiis
307 1759 365 1815 aut
396 1751 517 1816 morbis
538 1750 703 1832 impediri,
734 1752 907 1832 quominus
929 1749 1083 1814 ecclesiae
1104 1768 1163 1811 no·
1215 1750 1411 1814 22222222.
1464 1749 1705 1815 &memmerunt
1729 1753 1840 1833 quanti
1866 1752 1945 1817 banc
1970 1756 2189 1820 2222922222

190 1859 266 1902 men
289 1839 456 1903 maducat.
500 1836 644 1915 Deinde,
672 1835 754 1899 illud
776 1837 883 1918 ipsum
904 1833 1091 1900 leviusculis
1113 1855 1165 1898 er-
1213 1836 1338 1916 fecerint
1360 1834 1526 1915 IrenaeuS,
1556 1836 1768 1920 Amusicus,
1791 1837 1907 1902 etalii.
1946 1838 2048 1919 Quam
2072 1841 2188 1921 frivola

190 1924 317 1988 roribus
338 1944 405 1987 nou
426 1923 544 2002 vitiari,
567 1923 739 2004 quominus
760 1921 944 2004 legitimum
964 1921 1162 1985 aestimetur.
1214 1921 1278 1984 sint
1297 1921 1360 1985 cn
1381 1927 1409 1985 et
1429 1920 1525 2001 ptam
1546 1921 1683 2002 ludicra,
1703 1923 1822 2006 faciam
1842 1928 1878 1987 ut
1898 1924 1982 1989 nullo
2002 1926 2118 2008 nepotio
2139 1928 2187 1990 in·

132 2045 138 2051 ·
189 2009 293 2074 Porro
315 2029 455 2086 errores,
477 2009 594 2090 quibus
615 2008 690 2072 talis
711 2006 868 2072 debeatur
889 2008 994 2083 venia,
1016 2027 1071 2070 eos
1093 2027 1163 2070 esse
1214 2006 1351 2089 teltipant
1377 2006 1404 2070 ii
1424 2008 1480 2088 qui
1500 2027 1618 2072 nucum
1640 2029 1678 2071 eo
1700 2009 1870 2089 paulutum
1890 2010 2057 2092 expertam
2082 2012 2187 2077 cotem.

190 2094 369 2160 indicatum
396 2101 459 2170 est,
488 2095 604 2175 quibus
629 2094 803 2176 praecipua
827 2092 994 2174 religionis
1016 2092 1164 2157 doctrina
1215 2092 1370 2173 qucictem
1395 2113 1445 2156 eos
1471 2113 1588 2174 quoque
1608 2093 1762 2174 hortarer,
1789 2100 1825 2158 ut
1852 2092 1912 2159 huc
1937 2096 2079 2160 animum
2106 2095 2188 2163 sirio

190 2202 256 2244 non
278 2180 436 2258 laedatur,
470 2180 587 2262 quibus
614 2201 680 2243 non
702 2179 942 2260 opprimantur,
972 2198 1055 2260 quae
1076 2178 1164 2240 inter
1214 2179 1416 2256 advmtercnt,
1448 2179 1479 2242 si
1510 2179 1588 2260 quid
1615 2179 1744 2244 2222222
1771 2181 1920 2262 propicem
1951 2203 1999 2246 nce
2025 2183 2112 2263 apud
2138 2203 2189 2248 coe
2268 2194 2296 2229 '-

189 2265 301 2330 fideles
334 2288 446 2330 omncs
478 2265 653 2330 convenire
687 2263 819 2341 debent,
853 2263 1018 2347 religionis
1046 2263 1160 2345 capita.
1209 2284 1301 2345 posse
1327 2263 1514 2345 confiderem
1565 2263 1626 2328 Sec
1650 2266 1774 2344 quando
1800 2266 1880 2345 iuis,
1909 2269 2027 2332 emissa
2048 2270 2189 2335 veriatis

189 2351 231 2414 In
253 2352 464 2417 sacramentis
485 2371 579 2429 vero,
608 2371 692 2432 quae
718 2349 899 2432 legitimam
924 2350 1046 2413 autoris
1068 2349 1162 2414 insti·
1213 2351 1347 2429 ratione,
1370 2349 1424 2414 mc
1444 2370 1543 2413 unmn
1563 2351 1758 2430 propositum
1780 2356 1837 2430 cst,
1859 2372 2039 2433 quacunque
2054 2359 2188 2437 possunt

190 2431 348 2502 tutionem
376 2458 442 2500 non
469 2437 620 2501 aboleant
646 2457 706 2500 nec
732 2435 936 2500 labefactent.
980 2435 1095 2517 Atqui,
1119 2435 1162 2499 si·
1213 2437 1266 2500 nia
1286 2455 1352 2500 rem
1371 2455 1464 2499 mann
1485 2455 1583 2518 apere,
1599 2455 1707 2518 pauca
1727 2441 1846 2502 tannim
1862 2438 1972 2516 dicam,
1995 2439 2106 2518 quibus
2122 2460 2188 2505 sese

189 2523 260 2586 mul
280 2525 313 2586 in
336 2544 444 2588 arcem
465 2522 631 2605 religionis
649 2520 857 2585 mendacium
877 2521 1010 2603 irrupit,
1033 2541 1162 2586 summa
1213 2522 1283 2585 beni
1307 2521 1371 2584 viri
1397 2525 1425 2584 et
1450 2523 1516 2585 ueri
1536 2522 1671 2586 mudicsi
1695 2521 1734 2586 ab
1759 2542 1865 2586 carum
1890 2524 2080 2604 captionibus
2101 2546 2188 2608 eupe-

190 2610 390 2674 neccssariae
426 2608 591 2674 doctrinae
623 2608 756 2674 inversa
782 2613 844 2683 est,
884 2613 1162 2671 sacramentorum
1213 2608 1281 2670 ctire
1302 2611 1420 2687 queant.
1466 2605 1612 2671 Primum
1633 2607 1672 2671 ab
1698 2608 1765 2672 iltis
1785 2628 1911 2688 quaero,
1939 2628 1995 2672 cur
2015 2630 2075 2674 non
2096 2612 2187 2693 Afri-

190 2715 267 2760 usus
293 2695 430 2773 corruit,
459 2701 546 2760 certe
574 2693 728 2759 ecclesiae
759 2693 910 2756 interitus
938 2692 1145 2773 consequitur
1152 2714 1160 2770 ;
1213 2713 1281 2757 cam
1312 2693 1421 2770 211222,
1452 2697 1480 2755 et
1511 2692 1698 2776 Aeppptum,
1728 2699 1757 2757 et
1787 2699 1880 2759 totam
1911 2693 2051 2759 Asiam?
2081 2717 2187 2777 neuma

190 2780 323 2862 perinde
356 2787 453 2862 atquc
481 2779 521 2844 de
548 2779 617 2845 vita
642 2779 783 2842 hominis
815 2786 925 2842 actum
953 2785 1015 2857 est,
1049 2777 1161 2860 iugulo
1213 2779 1289 2859 quia
1320 2778 1355 2840 iu
1385 2777 1527 2842 omnibus
1557 2779 1624 2842 iltis
1657 2779 1833 2862 cepionitms
1867 2781 1958 2845 desiit
1989 2800 2081 2845 sacra
2113 2781 2187 2846 iaec

189 2868 357 2943 transfixo,
379 2865 432 2931 vel
453 2863 650 2948 praecordiis
671 2863 837 2928 lethaliter
857 2863 1018 2928 sauciatis.
1058 2864 1163 2942 Atque
1213 2864 1424 2945 episcopcrum
1444 2864 1609 2942 22222222,
1632 2867 1723 2929 cums
1743 2864 1881 2946 benefida
1903 2886 1936 2931 se
1956 2866 2096 2930 cedenac
2116 2868 2187 2931 reti

189 2952 224 3014 id
243 2972 281 3014 en
300 2950 398 3014 Pauli
414 2951 514 3015 verbis
530 2950 649 3032 liquido
668 2950 826 3028 evincitur,
847 2970 942 3029 qumn
959 2949 1040 3014 cocu
1059 2948 1160 3033 (Eph.
1213 2949 1320 3013 numae
1342 2949 1525 3032 pioriantur,
1569 2949 1618 3014 Eo
1640 2951 1738 3033 ipitur
1758 2951 1911 3030 recidunt,
1938 2972 1971 3016 sc
1992 2953 2059 3017 ideo
2080 2973 2187 3018 ceram

190 3040 218 3114 2,
240 3035 295 3120 20)
323 3036 478 3101 auectam
503 3037 668 3117 fundatam
693 3056 759 3099 esse
783 3055 878 3115 super
898 3034 1069 3098 doctrinam
1090 3055 1163 3116 apo-
1213 3034 1322 3099 meae
1348 3033 1518 3113 cadmum,
1547 3036 1624 3116 quia
1651 3055 1689 3100 ec
1707 3057 1767 3117 pue
1793 3058 1858 3102 esse
1879 3039 1984 3119 coepit,
2011 3058 2072 3102 non
2091 3038 2187 3119 fuerit

189 3122 335 3187 stotormn
356 3127 384 3187 et
400 3121 629 3206 prophetarum,
650 3123 719 3204 ipsc
738 3118 860 3185 0222212
880 3141 998 3184 canuno
1014 3117 1165 3203 anputmi
1213 3121 1363 3202 episcopis
1379 3120 1541 3185 dmtitiam
1556 3126 1709 3203 perpetua
1729 3123 1811 3187 mim
1829 3125 1909 3187 serie
1929 3124 2010 3189 otios
2027 3124 2103 3189 aliis
2118 3143 2187 3189 sue

189 3208 301 3290 lapide.
347 3207 385 3272 Si
411 3208 551 3273 amictiae
568 3208 803 3290 fundamentum
824 3211 868 3270 est
887 3205 1163 3287 prophetarumet
1213 3207 1347 3271 cessisse.
1383 3204 1444 3270 Sed
1465 3206 1541 3287 quid
1562 3207 1592 3269 si
1612 3206 1780 3272 arcemn
1798 3208 1866 3273 illis
1881 3210 2043 3292 ceperam?
2066 3211 2187 3292 Quaero

189 3293 393 3374 apostolerum
414 3295 568 3372 doctrina,
590 3315 653 3375 qua
674 3293 805 3357 salutem
825 3312 916 3356 mmm
937 3293 972 3355 in
992 3311 1054 3355 ceno
1073 3290 1162 3356 01νί-
1213 3293 1311 3376 ipitm
1330 3292 1443 3356 iterum
1464 3291 1504 3355 ab
1523 3291 1618 3373 ipsis,
1648 3295 1812 3377 cur-apud
1834 3295 1968 3360 Graecos
1989 3297 2126 3377 periisse
2144 3314 2188 3361 ec·

189 3385 234 3444 sto
260 3400 403 3462 reponere
432 3380 537 3461 fideus
575 3379 732 3460 iuberuur,
769 3379 859 3442 111222
889 3378 1059 3442 dodi-inam
1084 3377 1161 3457 totle,
1213 3379 1337 3443 ebriam
1369 3377 1488 3441 dicam:
1518 3377 1605 3459 apud
1637 3399 1714 3458 quos
1739 3400 1899 3461 nunquam
1925 3381 2100 3463 interrupta
2124 3382 2188 3463 fuit

190 3466 336 3545 quomodo
357 3465 494 3545 amptius
520 3466 696 3547 aedificium
717 3464 888 3546 conatu?
933 3462 1066 3528 022222
1091 3484 1162 3547 erpo
1212 3465 1270 3528 illa
1291 3464 1498 3544 episcopcrum
1518 3464 1683 3543 successio,
1704 3467 1812 3544 unica,
1841 3486 1946 3530 eorum
1966 3466 2122 3547 omnium,
2144 3486 2187 3532 eo·

148 3545 151 3555 ‘
190 3551 314 3616 mutia
339 3571 457 3615 necesse
478 3556 535 3629 eat,
563 3551 618 3614 ubi
646 3552 802 3616 intercidit
821 3549 879 3613 itta
899 3549 1059 3632 relipimiis
1078 3569 1161 3614 ann-
1213 3549 1323 3614 ctesiae
1341 3553 1442 3613 runos
1467 3551 1752 3615 etcomermtric?
1797 3551 1931 3616 (1222222
1950 3551 2072 3633 faciunt
2092 3551 2187 3616 22122-

190 3657 250 3716 mo,
273 3657 351 3716 puae
377 3636 443 3700 sota
471 3637 622 3701 sustinere
645 3658 713 3702 eum
735 3641 842 3718 potest.
885 3634 1009 3702 Deinde
1036 3635 1162 3700 21222
1212 3636 1348 3699 matites.
1382 3634 1448 3715 Quo
1468 3635 1562 3700 iure?
1583 3636 1659 3717 quia
1680 3658 1701 3699 2
1722 3637 1792 3700 sede
1812 3637 1981 3719 apostolica
1998 3637 2193 3702 dmciscendo.

190 3722 312 3786 materia
334 3722 474 3787 mtumnu
494 3727 538 3786 est
558 3742 595 3787 ac
613 3723 843 3804 finnamentum
862 3721 1002 3786 2222222
1022 3720 1055 3806 (l
1076 3723 1159 3786 Tim.
1207 3720 1409 3804 pieiepimn
1430 3721 1641 3801 perdiderunt.
1693 3721 1801 3802 Quid?
1831 3743 1935 3786 annon
1964 3723 2060 3787 mutto
2084 3723 2188 3807 mapis
2312 3771 2317 3787 ,

191 3806 311 3890 3,15)‚
338 3813 452 3872 certum
472 3812 516 3872 est
535 3828 596 3872 non
616 3829 682 3873 esse
701 3809 870 3887 ecclesiam,
892 3807 947 3872 ubi
967 3827 1095 3891 repnum
1115 3827 1162 3871 oc-
1207 3807 1338 3890 perdere
1362 3811 1542 3904 merentur,
1559 3807 1615 3888 qui
1639 3828 1661 3870 a
1684 3805 1805 3872 Glirieto
1833 3808 1902 3888 ipso
1923 3808 2089 3890 deficimit?
2134 3807 2188 3875 Se·
2246 3874 2249 3880 ,
2300 3833 2302 3838 ’

190 3895 312 3975 cupavit
332 3895 526 3958 mmdamum
547 3894 726 3975 etfateitas.
1212 3893 1319 3974 quitm
1350 3911 1421 3975 erpo
1452 3891 1617 3956 mumdum
1653 3912 1719 3957 esse
1749 3898 1944 3974 praetemum
1976 3896 2186 3974 successionis,
2283 3938 2287 3944 -

276 3981 325 4043 22.
380 3980 423 4043 12
455 4001 530 4044 eum
566 3979 699 4044 modum
731 3997 832 4062 quum
864 4001 917 4045 res
949 3979 1068 4044 habeat
1100 3979 1160 4045 sub
1210 3979 1278 4050 nisi
1306 3975 1424 4042 amun
1450 3979 1621 4057 22112222,
1650 3999 1745 4059 quam
1766 4000 1788 4042 a
1809 3979 1956 4061 pacibus
1978 4001 2038 4062 per
2058 4000 2188 4045 peanum

189 4067 348 4147 papismc;
376 4065 559 4149 intelligere
585 4065 661 4131 licet
682 4063 760 4147 quid
781 4064 935 4130 ecclesiae
960 4065 1026 4130 illic
1047 4085 1160 4147 super·
1213 4065 1390 4145 acceperint,
1408 4063 1530 4128 salvam
1551 4069 1579 4129 et
1599 4065 1810 4147 incorruptam
1824 4066 1944 4148 posteri
1965 4067 2128 4146 reticeant,
2150 4085 2188 4131 ac

190 4153 239 4214 sit.
287 4152 354 4215 Pro
387 4152 477 4216 verbi
516 4152 695 4216 ministerio
732 4172 887 4233 perversa
918 4157 951 4216 22
982 4151 1161 4216 mendaciis
1212 4150 1247 4213 in
1268 4169 1304 4214 ea
1318 4154 1529 4230 pemmneant.

189 4238 328 4301 mndata
358 4237 424 4302 illic
457 4245 574 4321 regnat
605 4238 774 4302 institutio.
829 4237 871 4300 In
904 4236 1013 4302 locum
1040 4257 1159 4301 coenae
1298 4237 1348 4298 24.
1389 4233 1680 4382 1ΞΙ229222221221
1691 4235 1780 4301 bodie
1791 4238 1998 4319 praetendam
2015 4238 2187 4302 Romarm·

189 4323 324 4386 Domini
345 4321 566 4387 foedissimum
589 4322 796 4406 sacrilegium
817 4323 924 4387 subiit
959 4321 1077 4387 Cultus
1095 4322 1159 4386 Dei
1211 4341 1268 4399 ees,
1284 4341 1378 4402 quarn
1414 4319 1529 4385 udaeos
1542 4321 1616 4386 alim
1627 4321 1941 4404 obtendisseapponet,
1954 4323 2186 4403 2222222212-

188 4408 281 4473 varia
302 4416 335 4472 et
353 4429 420 4472 non
440 4407 575 4473 ferenda
596 4409 863 4491 superstitionum
884 4409 1033 4492 congerie
1053 4407 1159 4473 defor-
1211 4407 1261 4485 tis,
1279 4406 1456 4488 impietatis,
1472 4405 1699 4471 idololatriaea
1709 4406 1870 4490 prophetie
1880 4407 2013 4472 Domini
2023 4428 2187 4490 arpueren·

188 4501 305 4558 matus.
354 4494 514 4559 Doctrina
551 4493 649 4579 (citra
675 4514 774 4575 quam
805 4493 1065 4559 christianismus
1092 4514 1159 4558 non
1211 4496 1272 4556 tur.
1303 4492 1390 4556 Nam
1405 4496 1441 4554 ut
1459 4492 1509 4555 tili
1526 4492 1680 4573 uniplum,
1705 4495 1919 4572 memnonias,
1938 4494 2110 4558 succum
2123 4493 2187 4576 pto-

188 4580 329 4663 constat)
351 4586 419 4644 tota
439 4580 566 4662 sepulta
588 4587 621 4645 et
647 4579 788 4662 explosa.
832 4580 961 4645 Publici
981 4585 1160 4646 conventus
1210 4576 1706 4659 meermannianam
1723 4579 2009 4661 2222222292,
2025 4578 2186 4644 utsubici-

188 4665 387 4730 idololatriae
410 4672 443 4730 et
463 4666 639 4747 impietatis
661 4664 799 4732 scholae.
834 4663 946 4745 Quare
963 4665 1093 4730 nullum
1110 4674 1164 4741 est
1211 4664 1368 4743 dabantur,
1381 4668 1558 4746 arcanae
1567 4662 1774 4743 2211222222,
1790 4664 2187 4746 itaproecclesiaeatemac

188 4752 382 4833 periculum,
411 4772 454 4815 ne
482 4751 522 4816 ab
544 4752 667 4816 exitiali
689 4759 738 4816 tot
759 4753 804 4816 fla
837 4752 958 4817 tiorum
1008 4750 1159 4834 articipass
1212 4750 1364 4831 quaedam
1388 4748 1494 4813 turcae
1516 4748 1555 4813 at
1576 4748 1628 4813 tiis
1652 4755 1862 4832 opponuntur,
1884 4770 1962 4831 puae
1989 4750 2074 4832 tcnpc
2095 4771 2187 4834 saepe

188 4840 275 4902 tione
308 4836 530 4915 desciscendo,
564 4838 604 4902 ab
637 4837 773 4903 ecclesia
804 4772 928 4902 &bristi
956 4837 1158 4903 divellamur.
1212 4835 1324 4901 absunt
1354 4834 1392 4899 ab
1415 4834 1551 4912 maesia,
1580 4836 1710 4898 22122
1732 4855 1812 4916 qums
1835 4835 1959 4900 ecclesia
1981 4838 2093 4917 optirue
2119 4856 2187 4901 cort-

187 4923 352 4989 Ecclesiae
384 4925 567 4988 communio
599 4944 665 4987 non
693 4945 733 4988 ea
758 4923 830 5007 lege
859 4924 1011 4989 instituta
1037 4931 1100 5001 est,
1123 4930 1162 4987 ut
1212 4927 1294 4986 stare
1316 4925 1424 5003 potest.
1477 4921 1580 5002 Quare
1609 4927 1705 5000 neque
1737 4920 1799 4985 alio
1823 4925 2001 5004 arpumentc
2027 4921 2186 5004 refutandi

187 5009 353 5075 vinculum
381 5010 438 5087 sit,
466 5029 528 5090 quo
549 5007 745 5087 idololatria,
774 5009 953 5090 impietate,
975 5008 1161 5092 ignorantia
1213 5061 1416 5070 Ἣ
1576 5090 1580 5098 ¹

187 5093 259 5193 De
283 5095 417 5193 aare
438 5094 600 5201 aaa-n
617 5094 790 5193 ganemu
806 5094 1007 5192 asama
1029 5093 1086 5192 ced
1103 5115 1160 5192 rr
1284 5143 1312 5212 1)
1333 5143 1410 5212 aa
1433 5143 1476 5196 u
1500 5143 1523 5209 ς.
1547 5139 1583 5195 2
1610 5146 1636 5195 a
1652 5125 1686 5194 2
1708 5141 1835 5212 aaut,
1857 5159 1891 5196 a
1916 5142 1979 5196 aa
2004 5159 2028 5196 a.
2053 5141 2128 5196 aa.
2152 5159 2186 5199 a

187 5186 266 5258 trus,
290 5201 352 5262 quo
374 5202 409 5244 m
433 5191 548 5245 timore
570 5179 634 5245 Der
657 5188 690 5245 et
709 5186 857 5246 veritatis
879 5177 1062 5245 obedientia
1083 5185 1160 5243 retr·
1210 5219 1290 5280 pam
1314 5212 1439 5265 mm
1462 5219 1540 5274 m
1565 5209 1665 5265 ,cm
1691 5213 1777 5279 capici
1793 5211 1866 5281 qm
1883 5212 1924 5266 ὦ,
1944 5212 2038 5278 sm,
2055 5212 2185 5268 &dmm

188 5287 333 5330 neamur.
1213 5288 1339 5350 222222
1354 5297 1381 5348 p.
1394 5279 1453 5333 362.
1472 5283 1576 5334 inserta
1593 5279 1666 5350 quod
1682 5281 1814 5386 mugnus
1832 5282 1883 5335 tibi
1899 5281 2040 5348 effecum
2057 5296 2106 5336 222
2120 5282 2185 5337 loco.
