4770 6030
164 332 180 361 ⁶
209 338 269 403 187
651 331 653 338 ’
855 327 1121 398 mattiarlo
1143 329 1248 396 ΗΕΒ.
1269 328 1450 398 cflalsr.
1478 333 1568 396 1536.
2154 334 2216 398 188

203 526 271 593 Dei
303 543 510 606 praeconem,
545 520 586 586 ad
615 521 792 606 regendam
819 520 989 586 ecclesiam
1019 528 1179 597 vocatum,
1234 541 1351 584 verum
1372 526 1434 584 est:
1459 520 1621 584 incertum
1643 519 1746 585 scindi
1768 520 1876 586 studia
1898 522 1933 585 in
1956 524 2120 587 contraria
2140 524 2213 588 vul-

206 631 303 695 quem
324 631 411 675 nunc
433 609 628 703 episcopum,
650 629 739 672 nunc
756 608 992 692 presbyterum
1016 605 1182 671 interdum
1235 626 1304 688 gns,
1318 604 1343 689 ¹)
1371 607 1473 670 satius
1501 604 1584 670 mihi
1605 604 1735 671 videtur
1756 627 1793 669 eo
1815 605 1957 690 eligendi
1981 629 2132 687 munere,
2161 609 2214 674 vel

205 698 305 763 etiam
325 703 490 778 pastorem
511 693 654 777 appellat
675 692 763 778 (Act.
786 697 834 756 14.
854 697 904 757 20.
938 694 1061 757 lPetr.
1083 692 1127 776 5).
1234 692 1477 774 magistratum,
1508 691 1561 756 vel
1584 700 1747 768 senatum,
1771 693 1824 756 vel
1846 693 1990 757 seniores
2012 693 2135 776 aliquot
2157 695 2213 759 de-

291 782 364 880 Iam
385 802 463 880 pero
482 781 512 879 ‚si
542 780 722 878 excipiunt:
752 780 929 844 canonibus
951 779 1089 878 yetitum
1111 797 1181 842 esse
1234 776 1336 860 iungi,
1360 776 1525 843 advocatis
1543 798 1681 876 semper,
1704 784 1742 841 ut
1759 777 1836 855 dixi,
1860 778 2025 844 nonnullis
2044 781 2212 931 episcogis,

204 864 1180 1035 ttttitfflttttttttttt’tt-tttttttttt
1233 862 2213 1034 ttttttttttttttttttttttmt

203 1041 321 1105 Nonne
347 1039 461 1103 melior
488 1060 564 1121 pars
593 1037 762 1101 titulorum
789 1045 867 1101 sunt
889 1036 1077 1119 dignitates,
1108 1057 1181 1117 per·
1229 1035 1409 1116 principes,
1440 1043 1497 1099 aut
1523 1034 1644 1099 liberae
1666 1036 1828 1113 civitates,
1858 1036 1975 1118 quibus
1996 1037 2100 1119 pietas
2121 1038 2211 1103 cordi

205 1134 348 1204 senatus,
367 1124 575 1190 canonicatus
593 1130 626 1187 et
636 1123 849 1205 praebendae,
868 1123 1076 1206 capellaniae,
1095 1122 1182 1205 prio-
1234 1127 1291 1184 est.
1326 1120 1425 1185 Oea-te
1444 1128 1567 1187 rectam
1587 1120 1824 1187 ordinationem
1845 1123 1975 1204 penitus
1996 1132 2212 1206 corrupenmt

204 1219 311 1288 ratus,
339 1210 554 1276 monachatus
584 1210 696 1286 etiam,
725 1230 807 1290 quae
833 1209 954 1291 partim
976 1230 1018 1273 ex
1038 1208 1182 1273 ecclesiis
1234 1207 1361 1271 cornuti
1382 1206 1557 1289 praesules,
1580 1208 1648 1272 suis
1670 1208 1794 1272 iuribus
1816 1206 2034 1287 collationum,
2056 1230 2210 1291 praesen-

204 1296 455 1372 cathedralibns,
475 1296 596 1378 partim
618 1294 805 1378 collegiatis,
828 1295 949 1377 partim
970 1293 1107 1359 desertis
1125 1293 1181 1357 de-
1233 1292 1407 1369 tationum,
1435 1294 1784 1376 repraesentationum,
1817 1300 2051 1376 patronatuum
2078 1303 2111 1360 et
2138 1295 2210 1361 aliis

204 1384 317 1462 labris,
340 1383 489 1465 partime
507 1381 658 1455 damtris
674 1379 854 1463 petuntur?
889 1378 983 1460 Quae
1003 1381 1113 1444 omnia
1128 1400 1181 1444 sa-
1233 1377 1267 1441 id
1290 1399 1392 1461 genus
1414 1380 1595 1463 tyrannicis
1617 1378 1776 1444 dominiis.
1822 1379 1949 1444 Verum
1970 1380 2025 1458 ita,
2046 1381 2208 1463 inquiunt,

205 1476 303 1535 tanae
325 1489 395 1534 esse
416 1467 587 1550 lupanaria
607 1468 803 1549 interpretor
825 1472 859 1530 et
875 1466 1075 1531 confidenter
1092 1466 1181 1530 affir-
1233 1464 1386 1547 exigebat
1413 1471 1598 1547 temporum
1625 1465 1804 1548 corruptio,
1829 1462 1871 1551 [p.
1891 1463 1968 1552 885]
1990 1474 2028 1530 ut
2055 1468 2211 1550 quoniam

205 1577 268 1620 mo.
292 1557 417 1620 Omnes
428 1554 516 1619 enim
537 1554 751 1635 illi,inquam
761 1552 961 1617 functionem
978 1551 1180 1629 ordinantur,
1234 1549 1321 1631 apud
1349 1550 1477 1632 plebem
1504 1557 1537 1614 et
1562 1552 1774 1635 magistratum
1800 1550 1874 1634 plns
1901 1551 2056 1617 valebant
2081 1552 2157 1618 odia
2177 1560 2212 1618 et

206 1642 270 1707 nisi
292 1648 330 1705 ut
350 1641 520 1706 Christum
541 1640 724 1704 sacrificent
746 1647 779 1703 et
800 1637 989 1703 immolent?
1029 1637 1180 1718 Denique
1234 1635 1341 1700 studia
1357 1635 1607 1702 inassumendis
1629 1638 1795 1720 episeopis,
1818 1659 1917 1720 quam
1934 1645 2060 1704 reatum
2078 1636 2212 1705 sanum-

206 1728 372 1794 neminem
399 1726 552 1791 ordinant
577 1722 617 1810 [p.
644 1722 720 1810 383]
751 1725 814 1788 nisi
839 1722 881 1787 ad
914 1723 1178 1789 sacrificandum:
1233 1743 1296 1804 que
1316 1721 1486 1799 iudicium,
1515 1724 1585 1787 eius
1612 1724 1660 1787 rei
1682 1724 1854 1788 arbitrium
1881 1725 1994 1807 paucis
2014 1725 2211 1806 primoribus

207 1813 293 1898 quod
312 1835 378 1877 non
401 1821 450 1877 est
466 1813 547 1887 Deo,
572 1810 628 1875 sed
651 1810 830 1875 daemoniis
847 1831 1045 1876 consecrare.
1080 1809 1181 1891 Atqui
1233 1809 1390 1890 episcopis
1413 1808 1601 1873 deferretur.
1646 1809 1763 1873 Fuerit
1790 1831 1868 1875 sane
1890 1809 1952 1876 hoc
1971 1811 2110 1875 extremi
2131 1811 2211 1876 mali

206 1920 286 1966 vera
307 1919 435 1981 unaque
457 1897 617 1961 ordinatio
639 1902 703 1974 cst,
727 1917 844 1962 vocare
866 1895 908 1960 ad
930 1895 1108 1979 regendam
1129 1916 1182 1959 ec·
1233 1894 1269 1957 in
1290 1894 1387 1959 rebus
1409 1894 1584 1977 deploratis
1606 1895 1795 1960 remedium.
1829 1896 1956 1960 Verum
1977 1896 2034 1961 ubi
2049 1895 2211 1963 medicina

207 1986 340 2052 alesiam
367 2005 456 2060 eum,
485 1984 576 2049 cuius
599 1984 668 2047 vita
690 2004 727 2047 aa
749 1982 897 2047 doctrina
916 1982 1053 2065 probata
1073 1981 1180 2059 iurarit,
1233 1980 1346 2044 morbo
1369 1981 1438 2063 ipso
1455 1981 1622 2046 nocentior
1639 1983 1797 2063 apparuit,
1821 2003 1880 2046 cur
1896 2003 1963 2046 non
1981 1989 2015 2047 et
2031 2004 2116 2048 novo
2133 1983 2210 2048 huie

207 2072 315 2155 ipsmn
337 2090 378 2134 ne
409 2070 588 2134 ministerio
622 2067 803 2132 admovere.
854 2066 963 2149 Quam
991 2069 1026 2131 in
1055 2074 1182 2149 partem
1234 2065 1320 2129 malo
1342 2065 1562 2132 succurritur?

206 2157 293 2222 locos
317 2157 323 2170 '
351 2177 387 2221 os
403 2155 501 2219 Pauli
523 2155 667 2236 accipere
685 2155 845 2233 convenit,
869 2175 1055 2237 quanquam
1073 2174 1181 2218 caere·
1322 2149 1390 2215 Sed
1422 2173 1561 2217 canones
1589 2153 1794 2217 exactissime
1809 2227 1811 2231 ¹
1827 2160 1957 2231 cavent,
1991 2176 2034 2220 ne
2062 2176 2121 2220 sua
2152 2176 2211 2243 po-

206 2243 350 2308 moniam
371 2248 404 2305 et
424 2242 525 2305 ritum
545 2239 691 2319 vocandi,
713 2239 810 2304 simul
832 2261 908 2305 cum
922 2240 1090 2306 vocatione
1112 2239 1183 2321 ipsa
1234 2242 1350 2301 testate
1387 2239 1422 2302 in
1455 2239 1608 2303 ecclesiae
1639 2239 1817 2320 perniciem
1850 2238 2029 2305 abutantur
2059 2241 2208 2325 episcopi.

175 2330 382 2395 'continent
428 2325 496 2392 Sed
519 2325 559 2390 de
581 2327 785 2391 caeremonia
807 2327 919 2391 statim
940 2347 998 2390 suo
1019 2324 1098 2390 loeo.
1235 2319 1446 2405 Quanquam,
1474 2325 1646 2389 siveram
1665 2325 1820 2404 fatemur,
1849 2346 1990 2391 canones
2019 2327 2083 2410 ipsi
2103 2328 2210 2428 potius

292 2414 389 2480 Nune
406 2411 492 2495 qnod
512 2413 546 2476 in
564 2412 715 2476 manibus
733 2419 791 2490 est,
814 2418 1005 2477 tractemus:
1029 2411 1182 2493 aquibus
1233 2407 1320 2474 faces
1347 2416 1424 2474 sunt
1451 2410 1486 2474 in
1512 2409 1716 2475 universum
1734 2411 1821 2476 orbis
1853 2410 2018 2477 excidium
2043 2433 2207 2491 accensae,

118 2516 131 2541 ·‘
208 2499 330 2566 scilicet
349 2497 530 2575 ordinandi,
554 2497 615 2563 hoc
638 2504 696 2576 est,
719 2497 857 2563 vocandi
879 2498 946 2562 sint
966 2497 1107 2561 ministri
1129 2517 1181 2560 ec-
1232 2514 1332 2575 quam
1358 2494 1400 2559 ad
1434 2495 1639 2561 retinendam
1664 2496 1768 2561 bonae
1801 2496 1989 2579 disciplinae
2014 2498 2209 2564 moderatio-

207 2586 332 2652 clasiae.
377 2583 467 2666 Quid
487 2582 611 2667 igitur?
657 2585 712 2648 An
733 2583 858 2649 Paulus
879 2584 953 2647 iura
973 2582 1181 2647 collationum
1233 2601 1310 2643 nem
1337 2582 1510 2647 cautiones.
1563 2583 1637 2647 Hoc
1668 2589 1780 2647 tamen
1809 2584 1930 2648 omitto.
1981 2581 2071 2664 Quid
2097 2591 2209 2649 tamen

208 2672 379 2736 Timotheo
401 2679 434 2735 et
456 2671 529 2734 Tito
552 2670 730 2747 deferebat,
760 2670 869 2752 qualia
890 2690 977 2734 nunc
1000 2669 1041 2733 ab
1062 2667 1180 2731 infula·
1233 2666 1315 2729 mihi
1341 2688 1480 2732 canones
1505 2670 1684 2747 iactantur,
1713 2670 1768 2750 qui
1790 2670 1859 2735 suis
1880 2669 2060 2748 autoribus,
2083 2669 2208 2752 quoties

206 2757 249 2822 tis
277 2758 416 2839 satrapis
445 2756 668 2838 usmpantur‘l
713 2756 858 2820 Minime.
904 2752 971 2820 Sed
999 2776 1074 2820 com
1100 2753 1181 2817 utri-
1232 2751 1321 2828 libet,
1343 2774 1436 2818 mera
1456 2761 1533 2818 sunt
1548 2753 1711 2819 ludibria?
1744 2755 1800 2818 An
1816 2776 1895 2820 vero
1912 2753 2107 2833 dubitamus,
2129 2756 2208 2837 quin

206 2864 269 2927 que
290 2842 483 2907 mandatum
503 2841 645 2906 dedisset
671 2841 712 2906 de
733 2840 966 2907 constituendis
987 2861 1181 2923 componen·
1234 2839 1447 2904 sanctissimis
1474 2839 1506 2904 le
1531 2840 1602 2905 'bus
1623 2840 1702 2904 olim
1730 2839 1822 2923 plebs
1851 2863 1886 2906 se
1907 2839 2067 2926 adstlingi
2088 2841 2208 2905 intelli-

207 2929 320 3012 disque
340 2929 597 3011 provinciarum,
625 2928 660 2991 in
689 2929 805 3009 quibus
826 2927 929 2992 relicti
949 2935 1057 3003 erant,
1081 2925 1182 2990 eccle-
1234 2931 1340 3006 garet,
1371 2946 1446 2990 cum
1466 2861 1594 2991 viddret
1620 2926 1682 2990 sibi
1708 2946 1744 2991 re
1802 2948 1856 2991 am
1884 2928 2024 2993 everbo
2043 2928 2108 2993 Dei
2135 2948 2211 3010 pro-

207 3016 278 3093 siis,
302 3015 442 3079 alterum
459 3013 618 3091 hortatur,
641 3035 683 3078 ne
701 3014 852 3079 molesios
869 3013 1013 3078 desertas
1029 3013 1181 3094 patiatur,
1234 3011 1388 3159 gositam,
1415 3006 1498 3075 dum
1519 3011 1561 3075 ad
1582 3013 1768 3095 episcopmn
1792 3011 1981 3097 eligendum
2000 3013 2220 3090 conveniret?

208 3101 349 3165 alterum
378 3106 502 3177 monet,
536 3120 578 3163 ne
606 3120 702 3180 quem
730 3099 881 3164 admittat
905 3099 968 3164 nisi
999 3098 1180 3181 probatum.
1262 3095 1405 3177 iquidem
1427 3097 1474 3161 illi
1496 3119 1563 3162 una
1584 3119 1650 3163 vox
1670 3099 1735 3163 Dei
1756 3099 1873 3163 merito
1893 3099 1998 3182 pluris
2026 3120 2096 3164 esse
2114 3099 2211 3165 debe·

207 3187 263 3250 An
291 3186 417 3252 Paulus
443 3192 486 3272 et.
501 3185 688 3263 Barnabas,
721 3206 780 3250 ceu
806 3182 1047 3268 metropolitani
1073 3183 1181 3266 aliqui,
1235 3182 1305 3256 bat,
1334 3203 1432 3265 quam
1457 3184 1605 3262 infinitae
1637 3184 1892 3249 canunculorum
1919 3184 2094 3271 myriades.
2142 3182 2212 3251 Sed

207 3272 417 3338 ecclesiarum
438 3272 656 3353 possessiones
677 3269 905 3336 conferebant?
949 3269 1043 3336 Nihil
1064 3269 1181 3334 minus.
1236 3267 1448 3335 nihilominus
1469 3269 1609 3353 pessimo
1631 3270 1751 3334 affectu
1772 3277 1941 3354 corrupta,
1964 3271 2090 3336 nullam
2111 3271 2211 3337 habe·

207 3357 383 3425 Caeterum
404 3378 471 3421 non
492 3357 642 3421 existimo
659 3356 731 3421 illos
749 3378 871 3434 omnes,
894 3377 952 3421 suo
971 3356 1104 3421 arbitrio
1120 3355 1182 3418 im-
1235 3353 1292 3417 bat
1318 3354 1401 3437 legis
1429 3363 1486 3419 ant
1513 3356 1684 3438 aequitatis
1711 3357 1880 3422 rationem.
1936 3354 1993 3423 Sic
2023 3356 2120 3422 hodie
2150 3357 2212 3422 etsi

206 3445 353 3528 posuisse
380 3443 524 3508 ecclesiis
552 3443 669 3507 nesciis
696 3464 734 3507 ac
761 3442 951 3506 inconsultis
973 3463 1054 3523 quos
1074 3442 1183 3507 visum
1226 3440 1376 3520 optimae
1398 3442 1537 3525 scriptae
1559 3451 1637 3506 sunt
1657 3442 1755 3526 leges,
1778 3451 1914 3508 manent
1935 3450 2045 3508 tamen
2062 3444 2097 3508 in
2115 3443 2210 3509 char-

207 3538 301 3605 esset,
325 3528 382 3594 sed
404 3530 642 3595 communicato
663 3551 739 3594 cum
761 3527 903 3593 ecclesiis
921 3528 1073 3605 consilio,
1086 3526 1127 3591 ad
1148 3525 1183 3590 id
1235 3525 1277 3588 tis
1299 3526 1459 3608 sepultae;
1486 3527 1619 3592 interim
1639 3527 1777 3611 publicis
1798 3529 1942 3595 moribus
1964 3536 2130 3611 receptum
2150 3535 2208 3607 est,

206 3637 326 3680 munus
353 3637 485 3681 vocasse
512 3636 592 3697 quos
621 3636 661 3679 ex
688 3614 844 3679 fratribus
873 3614 1057 3697 exploratos
1082 3613 1182 3677 habe·
1235 3617 1272 3674 ut
1300 3612 1360 3676 soli
1386 3612 1455 3677 iere
1479 3620 1640 3691 tonsores,
1668 3614 1751 3692 coci,
1779 3615 1953 3694 muliones,
1983 3615 2087 3699 spurii
2113 3622 2209 3698 atque

206 3700 288 3764 bant
307 3703 437 3782 puriore
460 3702 607 3767 doctrina
627 3709 661 3766 et
681 3702 750 3765 vita
778 3701 961 3784 integriore.
1007 3700 1115 3783 Atque
1137 3700 1183 3762 ita
1235 3697 1306 3768 eine
1332 3699 1431 3763 faecis
1452 3698 1615 3779 homines,
1648 3699 1859 3766 eeclesiarum
1879 3709 2024 3783 pastores
2046 3708 2210 3779 oreontnr;

208 3785 340 3869 quidem
360 3788 483 3851 factum
504 3789 654 3868 oportuit,
677 3788 705 3852 si
727 3787 879 3852 ccclesias
901 3795 988 3851 stare
1005 3785 1183 3851 incolumes
1234 3805 1352 3865 parum
1380 3783 1467 3863 dico,
1496 3794 1533 3850 ut
1561 3782 1602 3871 [p.
1633 3784 1710 3872 386]
1740 3788 1943 3870 episcopatus
1978 3788 2212 3853 lenociniorum

208 3871 401 3950 voluissent,
424 3893 523 3954 penes
545 3895 625 3955 quos
647 3895 758 3939 rerum
776 3873 949 3938 arbitrium
970 3879 1049 3950 erat,
1072 3878 1110 3935 ut
1131 3892 1183 3936 ec·
1236 3876 1269 3932 et
1296 3868 1530 3937 adulteriorum
1564 3873 1632 3936 sint
1657 3874 1811 3954 praemia.
1861 3873 1948 3937 Nam
1976 3895 2052 3939 cum
2077 3879 2211 3939 venato-

208 3957 308 4023 clesia
336 3979 418 4040 qnae
448 3957 487 4021 de
509 3959 659 4042 eligendo
685 3961 835 4024 ministro
862 3959 1081 4024 deliberatura
1102 3964 1181 4034 erat,
1235 3955 1325 4021 ribus
1352 3964 1386 4020 et
1415 3958 1593 4040 aucupibus
1621 3957 1755 4036 dantur,
1788 3958 1954 4041 praeclare
1980 3981 2034 4024 res
2058 3957 2211 4025 cecidisse

209 4052 384 4124 antequam
405 4044 440 4106 in
461 4045 631 4108 consilium
652 4045 774 4122 ivisset,
800 4042 840 4130 [p.
859 4042 934 4144 384]
959 4043 1184 4109 advocassete
1236 4042 1454 4107 existimanda
1475 4053 1532 4108 est.
1578 4045 1685 4108 Tanta
1708 4044 1887 4128 indignitas
1908 4045 2093 4128 importrme
2114 4065 2211 4110 cano-

207 4130 329 4194 vicinia
350 4151 452 4193 unmn
479 4135 536 4192 aut
557 4129 637 4194 duos
660 4131 824 4212 episcopos
848 4137 881 4195 et
901 4137 990 4194 vitae
1012 4130 1183 4195 sanctitate
1235 4127 1332 4192 nibus
1354 4128 1545 4193 defenditir.
1591 4129 1757 4208 Habebat,
1780 4130 1929 4213 inquam,
1953 4131 2031 4196 olim
2051 4131 2212 4213 optimum

208 4215 435 4280 etdoctrinae
463 4215 648 4280 sinceritate
676 4237 754 4298 prae
777 4217 848 4281 aliis
876 4215 1080 4299 spectabiles,
1109 4236 1184 4279 cum
1236 4233 1394 4278 canonem
1425 4215 1578 4298 populus,
1612 4216 1664 4279 cui
1697 4217 1834 4281 verbnm
1860 4218 1923 4281 Dei
1957 4216 2211 4300 praescribebat:

209 4301 326 4383 quibus
344 4301 507 4382 agitasset,
527 4302 599 4381 quis
616 4302 821 4383 potissimum
832 4301 1046 4367 assumendus
1060 4301 1182 4365 sitisset
1235 4306 1383 4380 oportere
1401 4301 1587 4383 episcopum
1603 4322 1674 4366 esse
1691 4301 2019 4385 irreprehensibilem,
2038 4303 2211 4380 doctorem,

208 4387 328 4452 Utrum
351 4406 430 4450 vero
457 4386 556 4450 totius
576 4387 730 4452 ecclesiae
752 4389 903 4463 comitiis,
929 4395 986 4451 aut
1006 4406 1184 4469 paucorum
1236 4405 1303 4448 non
1324 4406 1520 4470 pugnacem,
1548 4408 1614 4451 non
1635 4409 1772 4453 avarum
1789 4395 1848 4453 etc.
1873 4389 1905 4473 (1
1926 4390 2008 4454 aim.
2022 4392 2058 4453 ·3.
2082 4388 2145 4452 'ria
2167 4387 2210 4473 1).

209 4472 382 4556 suffragiis,
403 4471 521 4554 quibus
543 4493 583 4536 ea
603 4495 682 4537 cura
704 4472 926 4550 demandatam,
950 4494 992 4536 an
1014 4493 1092 4536 vero
1114 4492 1183 4535 ma
1236 4469 1306 4535 Cur
1333 4493 1410 4557 ergo
1437 4474 1606 4555 provincia
1634 4473 1775 4559 eligendi
1802 4475 1958 4551 ministri,
1989 4475 2148 4558 apopulo
2170 4473 2213 4538 ad

209 4558 365 4640 gistratus
386 4559 548 4622 sententia
567 4560 753 4642 episcopum
775 4560 878 4624 creari
900 4559 1001 4623 satius
1018 4559 1070 4635 sit,
1093 4556 1184 4623 nulla
1236 4557 1314 4622 istos
1341 4558 1508 4640 praesules
1535 4559 1695 4625 translata
1722 4558 1791 4625 est?
1838 4558 1925 4641 Quia
1944 4562 2031 4626 inter
2051 4561 2212 4625 tunnas

210 4649 299 4708 certa
315 4645 369 4708 lex
387 4644 540 4710 constitui
556 4650 678 4727 potest3
696 4644 753 4708 sed
770 4666 829 4726 pro
846 4653 1030 4727 temporum
1047 4644 1182 4722 ratione,
1236 4649 1269 4706 et
1296 4644 1451 4709 factiones
1480 4646 1605 4729 populi,
1634 4647 1773 4712 verbum
1793 4646 1858 4712 Dei
1879 4668 1946 4711 non
1968 4646 2209 4713 exaudiebatur.

208 4729 464 4812 populorumque
481 4731 626 4796 moribus
642 4729 1087 4814 capiendumestconsilium.
1116 4727 1183 4814 (iy-
1235 4729 1282 4792 Et
1301 4750 1360 4794 cur
1382 4730 1478 4796 hodie
1500 4732 1541 4797 ab
1561 4733 1718 4815 episeopis
1735 4753 1802 4797 non
1821 4733 2046 4812 transferatur,
2070 4732 2124 4817 qui
2146 4752 2212 4797 non

209 4814 344 4897 prianus
370 4816 497 4882 fortiter
519 4815 698 4894 contendit,
721 4837 787 4880 non
809 4817 871 4881 rite
893 4815 986 4900 eligi,
1009 4815 1074 4880 nisi
1095 4836 1182 4881 com-
1235 4814 1330 4879 modo
1352 4815 1444 4901 leges
1463 4839 1575 4884 omnes
1596 4816 1728 4896 violant,
1752 4816 1809 4883 sed
1831 4820 1955 4885 abiecto
1976 4819 2115 4903 pudore,
2137 4818 2221 4884 libi--

208 4901 362 4965 munibus
383 4903 482 4967 totius
509 4903 612 4985 plebis
634 4902 807 4986 suffragiis.
854 4900 963 4983 Quam
984 4902 1182 4968 observatio-
1236 4899 1356 4981 dinose,
1380 4924 1488 4983 avare,
1507 4904 1684 4982 ambitiose,
1703 4904 1848 4970 humana
1865 4903 1984 4971 divinis
2002 4906 2213 4971 commiscent

209 5007 286 5135 iiim
307 4986 363 5051 illo
384 4988 513 5136 {aeonio
535 4989 571 5052 in
596 4988 709 5053 multis
734 4989 880 5072 partibus
901 4988 1055 5065 valuisse,
1083 4988 1183 5053 fidem
1235 4992 1269 5052 et
1296 4988 1519 5055 conftmdunt?
1570 4989 1625 5054 An
1651 4990 1713 5056 hoc
1740 4988 1793 5055 vel
1821 4989 1934 5056 auditu
1955 4990 2123 5058 tolerabile
2151 4995 2211 5070 est,

236 5072 364 5136 'sturiae
398 5075 515 5140 aaiunt.

295 5158 422 5223 Verum
448 5161 524 5241 quia
551 5162 609 5226 vix
629 5182 775 5243 unquam
796 5162 921 5238 evenit,
950 5167 988 5225 ut
1008 5167 1057 5225 tot
1075 5160 1183 5242 capita

210 5263 280 5307 rem
298 5243 440 5324 aliquam
456 5267 521 5310 uno
539 5268 638 5312 sensu
655 5247 737 5313 bene
749 5254 952 5330 componant,
967 5253 1000 5312 et
1015 5247 1083 5312 iere
1099 5245 1182 5310 illud
1304 5263 1332 5329 1)
1350 5264 1427 5333 virg.
1445 5264 1514 5315 Aen.
1532 5261 1558 5325 2,
1576 5261 1617 5316 39.
