4732 6030
184 350 246 412 617
726 346 826 413 OAP.
847 346 946 414 vm
970 347 1062 434 (IV.)
1106 343 1321 413 SYMBOLI
1341 343 1637 412 ΕΧΡΙιΙΟΑΉΟ.
2121 352 2184 415 618

183 444 506 600 ξὶῗοῗιὶοτοεὲιοᾝυὸἰὲς
531 534 694 616 reqiminis
719 557 757 601 ea
783 556 850 601 uua
871 535 945 601 urbe
965 537 1001 600 in
1027 535 1159 600 alteram
1208 533 1342 617 reqebal,
1370 539 1463 598 etse
1489 533 1695 600 universalem
1715 534 1933 616 pabiorctmm
1960 538 2078 603 diceret.
2123 537 2187 616 Hic

184 621 351 703 transferri
382 620 567 703 contiqisset,
605 626 640 684 ut
678 622 732 686 ius
762 621 956 703 metropoleos
988 641 1054 687 una
1084 621 1159 685 illue
1214 619 1400 702 Greqorius,
1428 640 1466 683 ne
1492 621 1528 684 in
1548 621 1664 702 aptum
1689 640 1786 687 causa
1806 622 1892 686 sedis
1917 642 1995 688 suae
2015 624 2187 705 defernioni

184 706 413 788 transferretur.
475 705 672 770 Innocentius
707 727 778 773 ocra
818 728 968 773 rmranus
1006 707 1157 790 pontum
1210 706 1336 783 deesset,
1359 710 1529 770 comtanter
1548 725 1581 771 se
1601 707 1748 788 opposuit.
1792 707 1837 772 Et
1862 713 1928 773 erat
1949 713 2025 773 corte
2045 709 2187 775 intolera-

185 813 281 876 quum
307 791 469 888 antiquane
504 790 595 890 urbis
620 792 800 892 dnqnitatem
825 793 1004 892 obsolescere
1035 793 1158 870 eidmet,
1211 789 1283 854 bilis
1304 809 1376 888 cnm
1394 791 1553 872 superbia,
1580 793 1798 891 truninsania
1820 793 1967 891 Ioannis,
1996 795 2052 875 qui
2073 797 2187 877 episco-

185 876 1075 1049 mmmmm
1083 882 1158 956 Mb
1205 877 2187 1042 connaturationem

184 985 274 1133 itaqu
285 1067 403 1146 necesse
422 1068 486 1112 esse
505 1012 910 1130 inetropolesecelasiasticas
925 1016 1051 1129 mutdri,
1064 984 1160 1132 prm
1210 1049 1265 1112 sed
1292 1067 1391 1111 oecon
1417 1047 1506 1146 idam
1521 1070 1553 1146 ¹a
1578 985 1765 1131 buocembbe
1793 1015 1915 1115 tabdem
1942 986 2125 1134 uburpetur,
2152 1017 2187 1116 ul

185 1137 403 1218 lupanariae
423 1134 598 1216 nretropoles
618 1140 786 1201 minamur.
822 1136 938 1200 Verum
958 1137 1067 1200 merito
1089 1155 1160 1217 spn-
1211 1133 1367 1198 scelestam
1393 1138 1421 1196 et
1447 1155 1580 1216 torpeant
1600 1140 1628 1200 ct
1651 1136 1821 1217 nq‘andam
1848 1136 2054 1201 abominatur.
2103 1138 2187 1218 Quin

186 1222 239 1288 odi
270 1221 423 1285 autoritas
450 1220 546 1284 unius
586 1220 722 1286 bominis
759 1224 924 1287 sndnetiae
950 1221 1159 1304 praeferenda
1211 1221 1304 1284 etiam
1332 1218 1466 1303 Eruloqm
1494 1219 1697 1286 decandrino
1722 1223 1861 1304 episcopo
1883 1222 1996 1287 alicubi
2027 1227 2186 1303 succenset,

186 1312 239 1371 est.
286 1306 368 1369 Turn
388 1311 547 1386 sncspews
574 1326 638 1370 esse
658 1306 745 1372 nobis
772 1307 854 1372 debet
876 1308 1073 1373 Innocentius
1093 1307 1161 1389 ipse
1212 1328 1233 1370 a
1253 1324 1313 1386 quo
1336 1305 1441 1386 fuerat
1462 1306 1612 1371 eiusmodi
1633 1307 1720 1370 titulo
1737 1307 1910 1372 buwratus.
1955 1307 2047 1388 cue,
2076 1309 2187 1390 inquil,

186 1392 386 1543 babili
405 1391 791 1559 ttic‘c‘ttctb
809 1394 1161 1544 tibilim
1206 1391 1958 1560 bttttttntbbbbcbbbtt
1977 1414 2101 1544 toln
2131 1394 2188 1477 as·

186 1525 346 1628 mummi
366 1563 492 1644 imperii
512 1562 650 1627 ordinem
671 1501 848 1646 rne‘troqbbles
868 1529 1111 1647 disponerentur.
1206 1582 1286 1644 pam
1312 1526 1364 1626 ned
1386 1497 1818 1661 universalbmsubppellamlo,
1845 1565 2023 1646 imprimere
2044 1500 2188 1631 nubciis.

276 1651 345 1713 120.
380 1647 434 1712 Ec
454 1647 509 1712 boc
528 1651 621 1714 ceteri
641 1651 781 1716 instituta
800 1652 954 1716 sancimen
970 1657 1015 1716 est
1034 1652 1070 1714 in
1091 1669 1161 1733 spn-
1216 1648 1304 1730 thod
1318 1653 1405 1730 peto,
1426 1653 1574 1712 sancus
1594 1654 1696 1714 cestra
1722 1649 1853 1713 ulterius
1872 1671 1933 1714 non
1952 1650 2057 1731 faciat.
2105 1651 2188 1732 Quia

57 1702 59 1706 ⁴
187 1735 244 1801 ou
264 1734 590 1815 munimenta
613 1735 731 1817 prona,
759 1741 794 1800 a
814 1737 949 1802 amco
971 1736 1060 1801 ucis
1081 1737 1161 1818 epu-
1212 1733 1296 1798 aou
1323 1733 1531 1813 asnatica,
1560 1735 1641 1815 quc
1661 1735 1766 1813 auu,
1789 1735 1962 1816 pompeam
1981 1738 2077 1820 aqu
2095 1738 2186 1817 rau,

188 1818 1034 1905 copusbonorisprioileqiababerctpostrornanurn
1057 1823 1161 1905 ponti-
1212 1820 1314 1885 datur.
1348 1818 2187 1903 qubonoremnondepnto,inqucfratrummeo

186 1907 286 1987 ficem,
314 1925 348 1970 eo
368 1905 449 1985 quod
475 1910 553 1970 esset
571 1926 651 1971 noea
673 1906 808 1972 Ilom'a1
867 1909 967 1991 Atqui
988 1908 1075 1991 lonqo
1093 1912 1175 1990 post.
1212 1926 1285 1969 rum
1305 1905 1446 1969 Munera
1466 1906 1569 1969 mutui
1595 1906 1689 1971 rideo.
1733 1905 1827 1971 Mnus
1848 1908 1930 1971 enim
1957 1907 2051 1973 bonor
2072 1912 2116 1974 est
2136 1906 2188 1973 bo-

188 1997 334 2073 tcrnpore,
362 2010 458 2072 murm
479 1991 582 2055 simile
601 1992 754 2057 deorum
903 2014 961 2060 ane
978 1993 1162 2074 fadumes-
1212 2012 1269 2055 nor
1296 1990 1484 2055 uniuersalis
1511 1991 1664 2072 ecclesiae,
1689 1992 1884 2074 fratrumque
1911 2013 2049 2057 meorum
2068 1993 2186 2059 solidus

188 2082 248 2155 set,
276 2076 339 2141 Leo
363 2077 475 2141 acritn
494 2076 679 2142 reclamavit
724 2078 790 2143 Nm
816 2080 903 2144 modo
923 2079 984 2144 sibi
1007 2079 1161 2161 permisit,
1213 2078 1307 2160 oiqon
1354 2075 1391 2141 Si
1408 2081 1512 2140 artem
1537 2077 1745 2142 universalem
1765 2098 1814 2142 me
1828 2098 1950 2160 papam
1971 2080 2119 2143 sanctitas
2139 2099 2187 2144 ue-

183 2182 246 2245 pro
276 2161 374 2226 nibrlo
401 2163 518 2241 duone,
552 2165 632 2242 quod
657 2166 789 2229 sencenti
815 2166 949 2248 episcopi
974 2171 1031 2230 aut
1061 2185 1161 2247 supra
1213 2168 1281 2227 stra
1301 2162 1390 2239 dicit,
1416 2165 1507 2246 neqat
1526 2182 1559 2226 se
1584 2162 1639 2227 bec
1658 2182 1738 2242 esse,
1765 2164 1845 2244 quod
1866 2184 1914 2228 me
1930 2165 2046 2245 fatetur
2065 2166 2188 2230 nnmer-

189 2248 398 2326 deoreoerant;
424 2247 479 2311 scd
501 2247 651 2331 panibus
675 2251 769 2315 etiam
790 2252 935 2316 nunciis
953 2271 1003 2316 eos
1027 2251 1162 2335 ecaqita
1214 2269 1306 2313 sum..
1336 2247 1430 2312 Bona
1456 2247 1579 2329 quidem
1600 2253 1681 2327 erat,
1707 2254 1735 2312 et
1761 2248 1885 2314 barcula
1909 2250 2054 2334 Greqorii
2076 2270 2188 2330 consa,·

190 2335 242 2413 ne,
263 2334 344 2414 quoa
364 2332 440 2397 acu
460 2333 584 2398 saus
604 2335 798 2419 mausus
816 2337 852 2401 a
871 2336 1004 2414 nunu,
1026 2337 1107 2418 pic
1126 2336 1162 2399 n
1213 2335 1267 2400 su
1294 2318 1443 2412 tomus,
1473 2331 1672 2417 Manain>
1698 2334 1895 2415 coquaris
1924 2335 2029 2416 fame
2050 2337 2187 2415 minu,

190 2419 546 2500 constantinopolitanam
582 2421 738 2485 centenam
773 2423 909 2504 oensem
946 2423 1020 2486 ausi
1055 2427 1161 2486 essert.
1212 2420 1363 2485 dimoveri
1389 2440 1410 2483 a
1436 2420 1595 2502 proposito
1621 2439 1683 2484 non
1714 2419 1826 2502 potuit.
1882 2416 2033 2501 Cyriacus
2072 2442 2189 2504 quoque

194 2504 335 2582 Obsecro,
368 2504 445 2586 quid
470 2503 560 2570 aliud
585 2505 737 2573 bominem
762 2508 892 2573 inodare
913 2509 1015 2590 potuit
1035 2509 1078 2572 ad
1098 2512 1162 2571 tur·
1213 2507 1282 2570 eius
1302 2525 1457 2570 secoessor
1472 2524 1631 2586 nunquam
1653 2504 1690 2569 de
1706 2526 1744 2570 ca
1759 2527 1793 2569 re
1807 2524 1928 2586 passus
1944 2510 2038 2570 estse
2055 2508 2188 2578 morari.

191 2589 325 2655 bandum
356 2589 456 2654 orbem
482 2611 544 2672 pro
570 2613 604 2656 re
627 2593 763 2671 matula,
797 2595 862 2658 nisi
893 2613 980 2659 mna
1012 2592 1162 2658 arrrbitio?
1302 2594 1371 2655 122.
1419 2591 1557 2655 Tandem
1581 2589 1716 2670 Pbocas‚
1738 2592 1793 2672 qui
1814 2610 1900 2655 caeso
1921 2589 2131 2676 Martiano,²)
2153 2594 2189 2658 in

190 2676 250 2743 Ait
276 2675 453 2740 momlabde
480 2697 546 2742 esse
569 2683 705 2759 oportere
731 2680 812 2760 quod
838 2679 928 2745 semel
955 2680 1088 2744 sanauit
1113 2679 1161 2743 ni·
1213 2677 1281 2748 cillo
1302 2677 1401 2741 lonun
1420 2677 1566 2758 suffectus
1586 2681 1638 2756 est,
1660 2677 1761 2742 nescio
1782 2696 1845 2757 qua
1866 2676 1904 2739 de
1920 2696 2016 2741 cansa
2034 2676 2188 2743 Rornariis

188 2781 285 2827 caena
304 2762 448 2845 synodus.
480 2762 580 2843 Quasi
595 2784 665 2829 cero
680 2765 872 2846 periclitetur
886 2765 964 2848 tides
980 2764 1159 2843 abrincanto,
1213 2763 1352 2841 amicior,
1375 2761 1542 2844 Bonifatio
1563 2763 1650 2827 tertio
1672 2763 1823 2841 cancssit,
1845 2762 1926 2842 quod
1942 2763 2069 2827 minime
2080 2767 2188 2845 postu-

185 2848 217 2912 si
237 2867 302 2912 una
323 2847 448 2912 caclano
469 2848 561 2912 alteri
576 2851 794 2932 praeferatur,-
815 2856 870 2916 aut
891 2851 983 2933 quasi
1004 2852 1040 2914 in
1060 2850 1160 2915 alium
1213 2847 1297 2912 labat
1322 2847 1511 2932 Greqorius,
1540 2853 1574 2911 ut
1606 2848 1708 2912 Rorna
1733 2853 1825 2930 capul
1846 2852 1922 2912 esset
1942 2848 2188 2914 mutuandu-

184 2934 278 3014 tlnem
294 2934 456 2999 distinctae
470 2933 537 2998 illic
560 2940 658 3000 essent
669 2937 900 3017 patriarcbiae,
918 2957 1015 3018 quarn
1030 2935 1161 3018 politiae
1212 2935 1344 2998 siarmn.
1394 2933 1437 2997 In
1464 2934 1546 2998 bunc
1573 2935 1698 2998 modum
1726 2934 1882 3017 dirempta
1906 2939 1951 2998 est
1976 2934 2187 3000 cmmooersia.

186 3038 290 3083 cansa.
342 3017 465 3083 Scimus
492 3026 594 3085 autern
621 3021 768 3102 politiam
789 3044 851 3105 pre
877 3023 1024 3087 caritate
1051 3027 1161 3104 tempo
1215 3018 1323 3102 Neque
1349 3024 1451 3084 tamen
1477 3021 1552 3084 adeo
1574 3020 1748 3102 profuisset
1773 3019 1827 3084 boe
1859 3020 2056 3100 imperatoris
2083 3019 2189 3103 benai-

185 3125 257 3169 rrun
283 3105 428 3186 recipcre,
450 3106 513 3170 irno
536 3107 663 3189 ccipere,
690 3109 800 3173 varias
819 3109 1009 3173 muniones.
1054 3106 1161 3172 Futile
1212 3106 1297 3170 cium
1316 3105 1384 3169 sedi
1400 3125 1554 3185 commeo,
1576 3106 1642 3170 nisi
1658 3105 1726 3170 alia
1742 3105 1851 3170 cume
1867 3107 2072 3171 accessissent.
2102 3105 2189 3193 Nam

185 3191 283 3274 iqitur
301 3194 346 3254 est
370 3191 452 3271 qued
470 3192 600 3256 abacto
620 3191 697 3272 Leo,
722 3214 785 3258 non
806 3214 871 3259 esse
892 3192 1089 3276 &inondum
1109 3192 1160 3259 bo-
1215 3191 1350 3256 (lraecia
1377 3195 1404 3255 ct
1431 3195 1493 3255 tota
1512 3191 1598 3256 Asia
1624 3191 1724 3274 paubt
1740 3195 1814 3272 post
1833 3189 1873 3256 ab
1893 3191 1961 3256 eius
1981 3191 2208 3258 mmmunionc·

186 3295 289 3340 norem
316 3279 656 3358 constantinopolitanae
682 3281 763 3358 sedi,
796 3281 851 3360 qui
879 3281 989 3362 synod
1015 3280 1161 3344 nicaenae
1211 3277 1366 3342 abscissae
1386 3281 1465 3342 sent.
1512 3275 1623 3341 Gallia
1643 3277 1689 3341 sic
1710 3277 1814 3359 ipsam
1835 3276 2042 3354 reverebatur,
2071 3283 2107 3340 ul
2127 3297 2188 3342 uon

186 3362 349 3426 nummata
376 3362 598 3429 atecandrinae
625 3366 719 3430 dabis
744 3366 829 3447 foret.
873 3365 942 3431 Hoc
962 3367 1045 3431 enim
1064 3366 1160 3431 diuet
1206 3367 1346 3445 pareret,
1378 3363 1443 3426 nisi
1475 3362 1578 3443 quoad
1608 3361 1725 3427 libebat.
1777 3362 1865 3427 Tunc
1892 3381 1963 3425 cero
1984 3364 2126 3442 paruum
2152 3363 2189 3427 iu

187 3448 357 3512 cmmnunis
383 3468 506 3528 sonncs,
532 3450 632 3530 fuisse
654 3451 805 3516 ciusrnedi
831 3452 982 3516 bendum
1002 3451 1083 3533 quad
1098 3471 1159 3533 pro
1211 3448 1386 3513 seruitutem
1406 3449 1531 3514 redacta
1552 3453 1610 3528 est,
1638 3448 1693 3513 ubi
1716 3446 1854 3531 Pupinus
1873 3466 2003 3530 reqnum
2023 3448 2187 3528 occuparit.

187 3539 354 3615 temporum
374 3535 494 3598 ratione
513 3536 578 3600 tolli
593 3542 706 3617 posset.
753 3537 837 3619 Quid
863 3537 944 3625 qued
962 3537 1160 3602 mientalium
1214 3534 1301 3599 Nam
1326 3554 1424 3616 quum
1453 3533 1629 3600 Zacbarias
1654 3535 1798 3617 pomifero
1827 3552 1976 3597 ronanus
2003 3534 2032 3596 ei
2063 3533 2188 3599 adiutor

186 3639 271 3684 nnnc
292 3619 491 3768 'ww’
512 3641 644 3702 quorum
664 3624 810 3688 innuat
830 3625 865 3687 id
885 3623 1044 3687 macione?
1075 3623 1160 3688 Ade-
1209 3621 1322 3702 fuisset
1343 3620 1386 3685 ad
1407 3620 1576 3703 perfidiam
1597 3640 1635 3685 ac
1656 3620 1869 3697 muccinium,
1890 3622 1926 3682 ut
1940 3618 2034 3699 pictso
2055 3617 2188 3702 lcqitimo

186 3710 236 3770 rat
255 3710 332 3770 certe
402 3706 525 3785 onnus,
546 3727 635 3787 qrrcrn
656 3708 872 3774 Alenandriae
892 3710 928 3772 in
949 3709 1047 3773 ionem
1064 3709 1160 3773 Dios-
1211 3726 1279 3790 reqe
1315 3726 1445 3790 reqnum
1475 3707 1568 3787 quasi
1596 3705 1736 3788 praedae
1767 3705 1939 3787 expostum
1971 3708 2101 3785 raperet,
2134 3704 2189 3770 boe

185 3792 249 3856 cori
267 3791 499 3873 praefeceram
525 3792 657 3857 aderant
687 3794 747 3858 atii
774 3793 992 3875 patienciae,
1028 3814 1160 3876 quorum
1210 3791 1359 3856 mercedis
1379 3792 1458 3871 tulit,
1479 3797 1516 3856 ut
1536 3792 1572 3855 in
1591 3791 1733 3856 eeclesias
1751 3789 1926 3873 pelicanus
1942 3789 2188 3857 iurisdictionem

185 3876 279 3941 bonor
305 3876 553 3942 imminuebatur.
604 3878 741 3944 Illorum
772 3887 839 3945 crat
869 3881 1063 3962 intercedere,
1098 3900 1160 3950 nou
1210 3877 1330 3942 baberet
1352 3898 1484 3942 romana
1503 3877 1597 3942 sedes.
1645 3876 1907 3958 Qrmnadmcdum
1922 3875 2095 3956 praedones
2111 3896 2189 3944 emn-

185 3961 308 4041 Lconis,
330 3963 386 4043 qui
407 3983 463 4027 suo
487 3963 548 4028 loco
569 3964 684 4048 inteqer
704 3965 852 4030 reanebat
899 3966 1003 4048 Quum
1023 3987 1093 4031 vero
1113 3971 1159 4031 tu-
1210 3982 1302 4028 mune
1328 3964 1463 4045 spolium
1489 3963 1585 4028 solent
1605 3962 1770 4044 partiendo
1792 3962 1943 4044 diripere,
1969 3962 2017 4025 ita
2043 3960 2113 4026 boni
2133 3962 2188 4028 isti

185 4054 248 4113 cent
269 4046 319 4112 illi
339 4068 451 4127 ornrtes,
473 4050 536 4112 imo
557 4071 653 4130 quum
669 4053 888 4130 assentiuntur,
910 4073 994 4116 unus
1010 4072 1160 4116 concauus
1209 4049 1273 4113 oiri
1300 4049 1381 4113 inter
1407 4069 1440 4114 se
1466 4053 1701 4130 compararunt,
1730 4052 1765 4111 ut
1789 4046 1905 4128 Papira
1931 4047 2055 4128 quidem
2076 4049 2188 4112 aare

185 4134 316 4211 resistit,-
332 4140 512 4216 pompam
533 4140 576 4199 eet
597 4137 737 4202 iudicare
763 4138 915 4218 quidnam
936 4158 1005 4202 euru
1025 4143 1158 4203 moueat.-
1209 4140 1363 4200 unacum
1382 4155 1419 4200 ac
1434 4134 1522 4199 dailo
1538 4135 1719 4211 dominium,
1737 4132 1866 4214 spoliato
1880 4152 1950 4196 nero
1966 4152 2050 4216 reqe,·
2068 4132 2186 4197 Zaeba·

184 4218 298 4284 sedicet
323 4221 505 4301 procidebat
531 4223 611 4302 quod
643 4242 704 4287 non
732 4223 825 4287 multo
853 4229 924 4305 post
950 4224 1076 4303 aceidd,
1109 4224 1159 4288 de·
1209 4218 2221 4303 musandemcaputberetonmimnepiscopmumaespiri·

185 4308 330 4371 crescente
357 4307 466 4370 veteru
488 4306 606 4371 Romae
624 4308 738 4390 qbnia,
765 4309 832 4390 fere
851 4313 887 4372 ut
910 4307 1158 4391 Oomtantinopo
1209 4306 1324 4372 malem
1340 4311 1517 4388 potestatem
1538 4305 1666 4370 baberet.
1713 4306 1799 4386 Quae
1824 4325 1921 4386 quum
1947 4304 2036 4368 irritu
2057 4303 2184 4383 inbnna

135 4454 136 4457 ,
185 4392 235 4469 lis,
258 4391 387 4455 secundo
409 4391 471 4456 leco
497 4414 558 4457 non
578 4399 727 4473 cordula,
755 4395 792 4459 de
807 4395 952 4477 primatu
973 4415 1043 4460 cunc
1063 4416 1101 4459 ea
1121 4395 1159 4458 li·
1208 4393 1286 4474 foret
1314 4390 1363 4477 (ut
1381 4392 1455 4458 solet
1470 4412 1532 4456 usn
1552 4393 1655 4456 oenire
1675 4393 1711 4456 in
1734 4390 1825 4456 rebus
1845 4390 1958 4474 nouis),
1988 4387 2092 4454 Caroli
2113 4388 2186 4454 inde

185 4478 304 4559 tiqaret.
350 4475 457 4559 Neque
477 4483 579 4543 tamen
600 4480 761 4544 domama
782 4484 901 4544 tantuna
919 4481 1061 4562 profecit,
1082 4481 1159 4562 quin
1210 4480 1373 4543 autoritate
1393 4478 1573 4560 wnbmnata
1590 4478 1669 4559 fuit,
1690 4477 1790 4542 mnndi
1813 4476 1878 4557 fere
1896 4476 1934 4539 de
1955 4494 2058 4538 caroso.
2103 4471 2187 4538 Erat

185 4567 290 4626 ratum
310 4567 386 4626 esset
405 4565 526 4629 concilii
546 4565 705 4630 badum.
745 4564 857 4646 Itaque
877 4585 1064 4631 sucessores
1082 4566 1158 4645 eius,
1211 4566 1293 4628 enim
1311 4565 1379 4647 ipse
1399 4584 1517 4646 quoque
1535 4583 1664 4635 rornuno
1679 4563 1821 4646 pontifici
1838 4561 1993 4637 abnieim,
2014 4559 2096 4640 tulli
2117 4559 2187 4624 ellit

184 4668 281 4730 quum
311 4648 426 4729 fractos
457 4651 666 4731 scinderent,
701 4651 739 4715 ab
760 4651 819 4715 illa
843 4652 1019 4732 pervicacia
1033 4651 1159 4734 placide
1211 4650 1313 4714 dudio
1346 4651 1388 4715 ad
1425 4651 1567 4716 bonnm
1599 4650 1725 4732 inperii
1757 4651 1947 4730 pemerurat.
2000 4644 2186 4726 Quanquam

183 4734 370 4799 destiterunt.
423 4736 572 4801 Tulcrunt
605 4739 687 4802 enim
728 4742 763 4801 ut
794 4737 947 4802 secundus
974 4736 1159 4820 patriarcba
1212 4740 1314 4799 autern
1335 4735 1477 4802 credibile
1499 4742 1551 4814 est,
1566 4737 1665 4818 prius
1684 4734 1774 4799 valde
1793 4734 1980 4814 ddormams
1999 4729 2099 4810 fuisse
2119 4729 2186 4795 ubi·

185 4819 353 4885 bubonem
1211 4841 1269 4902 que
1293 4822 1449 4901 astasius,
1480 4826 1595 4888 constat
1616 4826 1718 4885 larunt
1738 4824 1864 4884 oeterm
1884 4816 2025 4881 ecelesiae
2049 4816 2185 4896 fornum

274 4910 343 4969 121.
396 4907 511 4972 Verum
526 4910 625 4990 paula
641 4914 713 4990 post
734 4929 767 4974 eo
784 4929 881 4991 usque
897 4910 999 4990 erupit
1017 4909 1158 4986 Ioannes,
1211 4911 1282 4971 tmtc
1313 4906 1435 4972 dmum
1468 4909 1503 4972 in
1534 4907 1644 4972 Gallia
1672 4912 1699 4969 et
1731 4904 1902 4969 Germania
1927 4903 2028 4983 fuisse
2053 4921 2187 4983 prorsus

184 4992 239 5073 qui
273 4992 418 5074 Greqorii
450 4999 581 5076 tempore
614 4995 970 5077 corutantinopoldanam
1005 4994 1160 5060 ecclesiam
1211 4992 1410 5057 obliteratam.
1461 4993 1598 5059 Ecstant
1618 4991 1719 5056 adbuc
1746 4991 1781 5053 iu
1811 4987 1948 5054 arcbiois
1969 4988 2074 5052 curin
2095 4987 2187 5069 pari

185 5133 368 5141 ——-.-.—---

254 5199 283 5265 1)
307 5200 409 5251 Socrui.
430 5200 553 5252 Historia
574 5201 705 5270 triportit.
725 5203 770 5254 lib.
790 5201 813 5254 9.
839 5219 861 5255 c.
882 5201 921 5255 13.
957 5203 1041 5264 Itum,
1062 5200 1089 5252 in
1106 5199 1159 5251 De·
1282 5199 1312 5263 1)
1330 5200 1389 5252 Lib.
1409 5198 1432 5250 7.
1452 5200 1529 5267 epist.
1548 5198 1589 5251 30.
1660 5197 1690 5264 2)
1709 5195 1755 5250 so
1775 5196 1839 5249 libri
1856 5196 1945 5249 nostri
1960 5209 2059 5248 omues.
2087 5160 2212 5250 Eda

185 5275 250 5321 eret.
269 5266 311 5320 22.
330 5268 447 5321 distinct.
467 5286 488 5322 c.
508 5270 760 5339 Constantinopolin
883 5337 886 5343 Ι
1214 5266 1282 5320 1559
1300 5268 1364 5323 bene
1381 5270 1489 5336 reponit
1506 5268 1626 5321 Mauritii
1644 5280 1747 5320 nomen
