4770 6030
190 310 273 400 'en
677 303 696 404 ,‘
783 325 1642 396 mannanonnnaflmsn.1csc-1iie.
2156 329 2219 390 452

1986 441 2099 508 31033
2118 437 2223 494 0103.

214 542 310 605 quam
330 520 475 584 subibant
489 519 644 599 frendione
664 521 791 584 minine
809 520 994 598 maceniam,-
1016 539 1053 582 ac
1070 520 1191 582 cumina
1243 519 1322 582 tiam
1354 538 1408 582 uec
1439 519 1498 581 rite
1525 524 1665 598 minante
1694 523 1776 596 vota,
1816 524 1852 582 nt
1878 427 2098 600 npnd[Denm
2129 515 2223 580 criniti

214 628 248 672 se
268 607 311 672 ad
338 605 519 693 caelibatum
541 607 741 682 astrinxisse,
770 606 836 669 nisi
856 610 1008 686 anacteum
1027 605 1122 687 ferret
1143 625 1192 668 uo-
1243 609 1322 683 sunit,
1346 605 1392 667 sic
1411 603 1498 667 nobis
1526 604 1619 666 irrita
1647 625 1712 668 csse
1737 603 1849 668 debere.
1895 604 1980 667 Nam
2008 603 2092 666 siin
2113 601 2223 666 buin-a-

215 693 345 760 catiouis
366 711 443 754 suae
463 692 634 755 necessitas.
667 691 790 755 Deinde
810 691 858 754 ita
878 691 1028 773 obtipatus
1045 711 1105 754 non
1126 710 1192 754 con
1244 691 1296 754 nis
1317 688 1520 752 coamantibus
1546 710 1583 752 ca
1606 695 1725 752 tandeim
1750 692 1910 771 prcndssa
1937 711 1993 754 iias
2013 688 2161 769 oblinunt,
2186 689 2222 753 in

215 778 285 844 aede
304 777 414 858 fuisse,
437 777 513 856 quin
534 777 600 840 iltis
622 782 692 841 tunc
713 797 830 857 quoque
851 778 953 841 satius
975 782 1051 841 esset
1071 776 1191 853 nubere,
1245 775 1357 857 auibus
1379 775 1417 853 is,
1441 795 1510 837 cum
1531 794 1590 854 quo
1611 776 1835 853 carnotinus,
1859 776 1922 839 outt
1943 795 1999 839 nos
2020 774 2129 837 babere
2150 774 2223 838 abti-

215 883 310 945 quam
330 862 377 927 oet
398 863 503 926 carinis
526 863 642 927 aculeis
658 862 830 941 sollicitari,
850 863 897 926 vot
914 864 950 927 in
968 863 1108 943 abnuam
1119 882 1193 942 pro-
1243 867 1347 944 patos:
1368 861 1540 925 absurdum
1558 865 1612 939 est,
1634 862 1677 924 ad
1695 883 1731 926 ea
1743 862 1935 941 praestanda
1952 881 2009 925 aas
2026 861 2122 941 adipi,
2145 881 2224 940 quae

215 948 279 1014 labi
302 947 536 1012 obscaenitatem.
583 949 694 1027 Tertio,
719 970 787 1013 aaut
809 953 937 1014 adatuu
958 950 1025 1012 dica
1046 969 1067 1012 a
1091 947 1193 1012 Paulo
1245 970 1267 1012 a
1293 946 1381 1010 uobis
1412 948 1541 1011 minime
1577 946 1668 1010 Deus
1700 948 1839 1027 requirit.
1896 946 2088 1011 Praesertim
2127 967 2223 1026 ouum

210 1033 394 1117 praescribi,
414 1054 492 1114 pirae
512 1036 555 1097 sit
575 1037 774 1098 conmuniter
791 1039 878 1099 entra
893 1035 1086 1115 pericuum,
1100 1054 1194 1115 prae
1245 1054 1306 1097 non
1332 1033 1424 1098 atiter
1452 1038 1534 1096 recta
1554 1033 1618 1097 sint
1643 1054 1737 1114 oprera
1757 1037 1879 1111 nostra,
1906 1035 1972 1097 nisi
1993 1031 2053 1095 ubi
2068 1031 2135 1094 Deo
2151 1032 2222 1113 pba-

215 1121 323 1186 sertian
344 1141 440 1201 aarum
461 1140 514 1183 eas
535 1125 656 1184 tantum
676 1121 771 1203 detipi
791 1120 902 1198 iubeat,
926 1141 1005 1201 quae
1021 1121 1112 1184 unia>
1128 1141 1195 1182 nia-
1246 1124 1320 1196 cent,
1342 1124 1370 1182 et
1388 1118 1442 1182 bac
1463 1119 1661 1182 mundemini
1681 1119 1888 1183 testimonium
1909 1119 2031 1196 turbant,
2054 1118 2134 1198 qicod
2150 1118 2222 1199 pta·

217 1206 537 1283 ruminantium,
557 1207 757 1270 continentiae
773 1208 925 1286 specimen
941 1208 1009 1270 iam
1020 1211 1089 1270 ante
1102 1225 1196 1287 prae
1247 1210 1341 1270 ceam
1388 1203 1495 1268 Manet
1515 1206 1597 1269 enim
1625 1206 1705 1268 ittud
1722 1206 1838 1285 sinain:
1867 1205 2021 1285 quintanid
2041 1224 2101 1266 non
2122 1209 2167 1268 cst
2187 1225 2225 1267 en

217 1291 347 1356 buerint.
388 1291 497 1355 Votum
518 1298 621 1355 autem
642 1291 808 1356 caelibatus
828 1313 889 1355 uon
910 1292 978 1356 abia
999 1294 1118 1356 ratione
1138 1292 1196 1354 im·
1245 1291 1315 1371 ddi,
1332 1295 1493 1372 peecatum
1513 1296 1560 1354 est
1579 1291 1689 1375 (Rom.
1711 1295 1760 1368 14,
1780 1289 1845 1374 23).
1888 1290 1952 1370 Quia
1973 1290 2116 1372 intettipit
2140 1289 2225 1353 Pau·

212 1377 391 1458 metaurus,
413 1377 479 1441 uisi
495 1379 571 1457 quia
592 1383 696 1458 etpro
715 1378 799 1442 cuttu
813 1399 981 1459 perperam
1003 1379 1195 1456 aestimatur,
1247 1377 1314 1455 bus,
1336 1377 1506 1457 quodcum
1527 1375 1714 1442 dubitatione
1733 1381 1908 1458 susceptum
1929 1382 1973 1440 est
1993 1397 2085 1457 opms,
2102 1381 2225 1457 propte-

218 1468 246 1528 et
267 1468 375 1527 ternuc
396 1462 434 1526 ab
455 1464 499 1526 iis
520 1469 718 1545 nnmupatur
738 1464 852 1545 quibus
872 1465 1044 1529 continuati
1061 1468 1197 1544 munus
1247 1484 1302 1527 rea
1322 1464 1468 1527 uitiosum
1488 1482 1566 1540 esse,
1593 1464 1674 1543 quad
1695 1464 1834 1526 munium
1861 1462 2008 1526 bonarum
2027 1483 2155 1543 opernm
2174 1483 2225 1525 ra

216 1548 302 1631 facta
322 1569 382 1613 non
404 1554 455 1612 est.
719 1565 722 1578 ·
1248 1550 1305 1613 dia
1326 1553 1369 1612 est
1388 1549 1481 1629 fides,
1508 1570 1571 1628 qna
1591 1550 1665 1613 certi
1690 1568 1801 1612 sumus
1827 1547 1885 1613 itta
1913 1547 1982 1612 Dea
2008 1552 2131 1629 acceptu
2152 1568 2224 1611 esse.

306 1637 356 1698 20.
402 1633 458 1699 Aa
482 1634 632 1699 moniales
659 1656 729 1700 nera
762 1633 816 1716 oui
847 1635 967 1699 tratrem
999 1636 1087 1699 tinuit
1118 1635 1198 1698 tium
1249 1634 1335 1716 Erpa
1354 1634 1385 1696 si
1401 1634 1490 1712 uitii,
1508 1636 1573 1697 nisi
1590 1634 1648 1698 bac
1664 1635 1852 1712 neddadine,
1875 1635 2003 1717 appruti
2020 1634 2087 1697 ticet
2106 1633 2225 1697 lumini

220 1717 319 1784 Pauli
347 1719 468 1785 mcum?
517 1719 710 1785 Oradantm
735 1723 817 1786 enirn
844 1723 1051 1799 diaconissae,
1082 1742 1142 1784 non
1163 1727 1198 1784 ut
1248 1721 1432 1784 christiano:
1459 1739 1515 1783 aur
1541 1741 1617 1799 icore,
1644 1721 1675 1784 si
1702 1721 1779 1800 qnid
1804 1725 1913 1785 monere
1932 1720 2122 1800 susceperint
2140 1720 2224 1801 ipae

219 1805 412 1871 mediocribus
438 1811 493 1869 anit
519 1826 679 1871 iirurmure
707 1829 768 1872 uon
789 1808 934 1871 intellecto
955 1807 1061 1871 Deion
1082 1807 1198 1871 demut·
1248 1806 1382 1870 rationis
1399 1807 1483 1884 odio,
1501 1805 1540 1869 ab
1557 1826 1661 1870 errem
1672 1812 1784 1887 postea
1799 1806 1920 1871 liberati
1937 1806 2109 1872 desismid?
2126 1805 2224 1869 Eius·

219 1896 330 1969 oercrd,
358 1892 511 1971 rdimcum
537 1895 681 1972 temptans
703 1895 836 1957 uiuerent
856 1895 984 1970 otiosae,
1012 1894 1066 1957 sed
1087 1899 1121 1955 ut
1136 1914 1198 1974 pu-
1247 1892 1332 1955 madi
1354 1913 1450 1972 quum
1471 1892 1535 1956 sint
1554 1898 1623 1956 anta
1644 1893 1867 1958 ineoiisiderate
1885 1898 2037 1974 suscepta,
2058 1911 2119 1955 nou
2135 1891 2224 1954 nudo

220 1976 295 2040 bino
317 1977 457 2041 ecclesiae
479 1978 649 2041 rninistcrio
677 2000 751 2059 erpa
773 2000 930 2060 pauperes
951 1980 1197 2061 defnnperentnr,
1248 1978 1329 2041 nituit
1350 1978 1495 2060 obtipant,
1524 1979 1579 2041 sed
1599 1980 1771 2042 necessario
1792 1985 1866 2043 sunt
1886 1979 2095 2043 rescindenda.
2142 1977 2225 2058 Quid

221 2067 255 2126 nt
276 2064 359 2126 uniti
380 2063 490 2141 studio,
513 2064 681 2142 sedulitate,
704 2065 882 2146 ditipentia,
904 2067 940 2128 in
961 2067 1065 2146 officia
1086 2067 1199 2129 carita
1249 2069 1364 2141 ameni,
1398 2064 1479 2143 quod
1508 2083 1569 2127 non
1601 2069 1721 2127 tantiam
1748 2084 1809 2145 pro
1836 2064 1934 2129 nitida
1961 2065 2164 2129 aestimantur
2190 2064 2225 2125 in

220 2148 262 2212 tis
283 2147 495 2212 ‘irieurnberent
541 2149 614 2213 Nan
639 2150 782 2214 nocebant
808 2150 1004 2229 audibatum,
1031 2157 1066 2214 nt
1085 2151 1198 2214 auitum
1247 2155 1406 2230 corispedn
1426 2149 1498 2227 Dei,
1516 2151 1571 2213 sed
1591 2149 1814 2214 abominationi
1832 2171 1950 2230 queam
1966 2152 2063 2214 sunt?
2082 2154 2118 2212 ut
2128 2150 2226 2230 prius

221 2234 450 2314 indictionem
477 2234 648 2299 inhiberent
666 2235 749 2312 Dea,
779 2238 859 2317 quod
881 2259 902 2301 a
928 2239 1047 2318 nuptiis
1069 2237 1199 2324 abstine·
1249 2237 1487 2300 demorutratum
1513 2241 1565 2299 cst.
1611 2235 1845 2317 Supernmnunu
1866 2242 1911 2301 est
1931 2238 1968 2300 de
1990 2257 2024 2300 re
2044 2257 2106 2300 non
2127 2254 2225 2299 neces·

220 2324 304 2397 rent,·
331 2320 385 2383 sed
406 2325 540 2398 tantum,
571 2321 651 2401 quad
670 2327 769 2386 essent
796 2323 839 2387 ad
859 2325 1084 2404 consequendum
1104 2344 1199 2386 snum
1249 2323 1339 2386 saria
1367 2318 1490 2404 inopius
1516 2322 1673 2386 disserere.
1724 2322 1792 2386 Hoc
1820 2342 1919 2386 urium
1945 2327 2161 2404 urpumentum
2183 2320 2225 2384 ad

220 2425 334 2468 miccius
356 2406 564 2486 eaput-itiones.
596 2407 739 2488 Denique
758 2429 819 2473 ηοη
840 2409 992 2488 ηοηέὂηηί,
1014 2409 1060 2472 oet
1077 2411 1199 2472 ineunte
1244 2407 1409 2489 madidas
1428 2412 1457 2472 et
1476 2408 1559 2471 unni
1581 2407 1916 2488 scruputotiberandas
1930 2409 2009 2489 pias
2026 2407 2226 2471 uincientias

220 2491 435 2568 adulescentia,
457 2491 504 2555 aet
524 2491 622 2554 nrutio
645 2492 746 2558 adbuc
768 2495 878 2559 aetatis
896 2496 980 2574 stare,
1003 2500 1038 2559 ut
1059 2515 1125 2559 sero
1142 2515 1198 2575 po-
1249 2493 1369 2558 abunde
1401 2513 1466 2557 esse
1494 2492 1574 2556 mibi
1600 2494 1739 2558 uidetur:
1771 2513 1969 2575 quauuiique
1993 2514 2054 2558 ηοη
2081 2514 2119 2556 ac
2141 2512 2225 2571 pura

219 2580 285 2641 sna
301 2577 503 2658 mpemniuita
518 2577 669 2642 discerent
683 2586 833 2659 quandum
849 2583 926 2645 sein
937 2581 1160 2663 praecipitium
1173 2585 1197 2664 ¹)
1247 2581 1328 2661 sonte
1349 2583 1492 2643 crunam
1514 2599 1615 2660 opera,
1637 2584 1667 2644 et
1685 2580 1721 2643 in
1742 2580 1912 2662 tepitimmn
1926 2580 2020 2660 finem
2035 2579 2224 2658 diripuntui,

219 2661 372 2728 dedissent
379 2686 390 2740 ,·
415 2663 470 2726 sed
498 2684 593 2743 qaum
621 2685 707 2728 nnnc
729 2667 905 2745 pericntunr
926 2686 1091 2748 superasse
1115 2668 1198 2731 uide
1249 2688 1271 2730 a
1293 2664 1360 2729 Dea
1382 2666 1563 2747 repudiari5
1593 2670 1620 2729 et
1647 2667 1693 2729 ita
1720 2666 1956 2747 repudiarint
1982 2685 2043 2728 non
2063 2663 2169 2725 minas
2189 2663 2224 2725 in

218 2753 339 2825 rentur,
367 2768 428 2812 non
457 2750 563 2813 eminus
589 2754 689 2814 tutum
715 2771 810 2832 quam
835 2759 976 2817 sanctum
996 2758 1098 2817 natum
1119 2774 1198 2817 nuu-
1248 2752 1316 2815 iltis
1331 2771 1468 2835 perpere,
1490 2771 1585 2831 quarn
1605 2752 1679 2832 ipsa
1697 2752 1840 2817 annun
1856 2772 1913 2816 nos
1929 2755 2010 2815 vetet.
2046 2748 2124 2813 Inde
2141 2749 2224 2812 enirn

218 2833 381 2914 cupabant.
433 2833 555 2913 Verum,
582 2841 618 2898 nt
644 2837 705 2900 dico
726 2838 840 2917 priora
865 2858 926 2902 non
953 2859 1095 2922 arpenne,
1129 2840 1197 2903 dica
1221 2852 1224 2901 ὲ
1248 2837 1413 2917 sonticum
1436 2858 1516 2917 quae
1537 2837 1577 2901 ab
1597 2857 1700 2901 errore
1720 2838 1976 2917 etsuperstitione
1992 2837 2130 2917 profecta
2152 2838 2224 2897 uerit

218 2919 309 3000 nefas
329 2920 430 3000 fuisse
451 2922 494 2984 ad
513 2921 677 2985 noeumane
698 2925 914 2989 continentiam
933 2927 1031 3007 recipi
1052 2924 1197 2989 mutieres
1221 2914 1224 3013 Ι
1248 2928 1331 3001 cata,
1359 2929 1387 2987 et
1407 2923 1528 2988 unitim
1549 2942 1615 2988 esse
1639 2924 1726 3005 apud
1751 2922 1857 2987 Deum
1883 2923 2027 2988 rumenti
2047 2927 2075 2987 et
2096 2942 2117 2985 a
2137 2919 2225 2984 nobis

220 3010 289 3069 unte
311 3026 429 3068 airizam
449 3008 690 3088 senapesimam;
712 3029 808 3089 merim
829 3011 985 3092 apostolus
1004 3011 1088 3074 satas
1108 3031 1197 3074 secu
1248 3009 1422 3073 dmercnda.

217 3089 367 3173 petrarias
395 3090 551 3168 artritittat,
584 3093 721 3160 iustiores
746 3096 871 3174 enubere,
900 3102 929 3161 et
949 3096 1059 3161 cuais
1082 3117 1197 3178 parere
1336 3099 1385 3158 22.
1437 3093 1569 3158 Habebit
1592 3095 1836 3175 praetereundi
1861 3094 1941 3159 banc
1969 3094 2076 3159 tenebit
2102 3093 2225 3157 scientio

220 3174 331 3272 iubeat.
375 3175 462 3257 Erpa
490 3197 543 3240 noc
571 3178 628 3242 itta
648 3181 794 3260 primum
821 3183 995 3261 duodecim,
1022 3184 1132 3247 deinde
1151 3183 1197 3246 oi-
1221 3192 1224 3268 t
1248 3199 1332 3259 inm,
1359 3202 1418 3262 quo
1447 3181 1597 3245 adsumas
1622 3180 1831 3260 improborum
1857 3181 2032 3245 autumnus
2054 3201 2103 3243 ecs
2124 3179 2225 3261 defui

217 3261 307 3344 penti,
325 3265 433 3341 postea
454 3262 582 3344 tripinta
605 3285 758 3329 accitarum
778 3268 863 3347 facta
883 3268 1034 3333 retauatio
1055 3269 1117 3333 catto
1134 3289 1197 3332 mo
1221 3282 1224 3329 t
1248 3268 1316 3345 dat,
1345 3269 1400 3346 qui
1422 3287 1460 3330 cn
1479 3264 1687 3330 anauniae
1715 3266 1758 3329 ad
1778 3266 1936 3330 barnerium
1955 3266 2084 3348 aliquod
2104 3265 2226 3328 oinauti

219 3347 259 3412 da
280 3348 423 3410 acercsari
439 3353 554 3429 patest;
575 3355 603 3413 et
623 3351 718 3414 mutto
740 3354 846 3417 minus
866 3354 1020 3419 utoame
1041 3361 1093 3427 est,
1116 3355 1197 3435 quod
1247 3374 1344 3435 perires
1364 3353 1535 3417 mundant.
1568 3351 1703 3416 macae
1720 3352 1797 3433 fidei
1816 3358 1843 3416 et
1860 3354 2001 3433 periurii
2019 3353 2155 3435 maniter
2176 3371 2226 3414 ac·

219 3433 353 3530 miserae
376 3433 515 3514 pudtae,
549 3441 713 3516 antequam
739 3439 786 3501 oet
806 3461 868 3519 per
893 3445 1022 3505 actuum
1048 3462 1081 3505 se
1108 3462 1197 3506 nasse
1222 3445 1224 3466 '
1249 3444 1406 3517 cusantur,
1428 3439 1509 3519 quad
1529 3437 1696 3515 macutum,
1718 3443 1754 3501 nt
1773 3439 1862 3520 indpo
1883 3439 2032 3517 creditur,
2051 3437 2224 3514 insatiabile,

214 3524 384 3599 potuerint,
413 3520 586 3585 untedium
612 3524 666 3587 sui
693 3525 930 3604 eiperirnudum
957 3547 1077 3608 capere,
1106 3528 1197 3591 utin
1249 3546 1308 3606 aaa
1337 3529 1425 3590 mant
1450 3523 1520 3589 Deo
1545 3529 1574 3588 ct
1604 3523 1746 3614 eulesiae
1772 3524 1911 3608 obtipati,
1945 3525 2131 3607 abruperint.
2180 3523 2226 3586 At

220 3602 291 3700 ilios
312 3605 488 3671 remediatos
508 3607 633 3688 laqueos
652 3630 685 3673 se
703 3610 845 3690 induant,
866 3632 928 3675 non
944 3618 1063 3676 tandeim
1082 3614 1197 3694 fraude
1249 3632 1301 3693 epo
1322 3611 1443 3675 nultum
1463 3609 1564 3691 fuisse
1584 3609 1742 3674 aincubem
1763 3610 1839 3689 diac,
1862 3610 1925 3688 nbi,
1948 3613 2028 3691 quad
2049 3610 2136 3674 bomo
2158 3629 2225 3671 cori

220 3689 417 3769 inducuntur,
440 3693 494 3757 sed
513 3695 546 3758 oi
568 3714 604 3758 ac
624 3697 722 3760 urinis
742 3697 970 3779 conpelluntur.
1003 3699 1046 3762 1η
1067 3700 1197 3780 reliquis
1246 3699 1367 3778 damu,
1395 3696 1486 3761 Deus
1511 3696 1645 3778 obrepat.
1688 3695 1819 3774 Deinde,
1847 3703 1882 3759 ut
1903 3698 2011 3760 demus
2030 3697 2131 3777 secisse
2152 3693 2224 3756 obli

220 3771 339 3869 duobus
366 3778 443 3840 notis
468 3779 691 3862 inipnapnandis
708 3804 770 3846 cion
790 3785 944 3849 imistam.
989 3786 1056 3849 Hoc
1078 3791 1197 3849 mistum
1246 3787 1347 3867 pentec,
1375 3803 1471 3864 quarn
1491 3782 1682 3865 iprioratione
1704 3781 1768 3845 Dei
1795 3787 1823 3846 et
1853 3801 1956 3846 errore
1982 3781 2127 3862 impliciti
2147 3785 2224 3844 tene·

219 3857 303 3922 dico:
327 3867 551 3955 'praeterquam
584 3869 665 3947 quad
691 3889 752 3933 nou
782 3871 900 3951 paucis
926 3871 1197 3952 superstitionibus
1248 3875 1371 3933 remur:
1392 3888 1483 3949 rianio,
1494 3872 1664 3950 postquam
1685 3868 2031 3932 comtabsnotitiasurd
2041 3867 2221 3943 illuminati,

220 3948 293 4008 sunt
319 3947 484 4041 implicita,
511 3956 547 4013 ut
566 3951 655 4017 indie
676 3975 726 4018 res
746 3954 871 4037 liabent,
900 3957 935 4021 in
956 3957 1010 4022 boc
1030 3960 1196 4039 composita
1248 3955 1343 4020 simut
1367 3952 1484 4019 Otuisti
1501 3955 1607 4037 pratia
1626 3953 1768 4018 liberatos
1795 3973 1860 4018 asse
1880 3954 1954 4018 dico.
2000 3952 2088 4018 Nam
2106 3953 2136 4015 si
2158 3957 2224 4016 tan-

221 4031 471 4127 essenidentur,
503 4042 539 4099 nt
559 4039 615 4116 qui
640 4061 676 4103 ea
702 4048 895 4124 nuncupant,
920 4041 990 4108 Dea
1013 4043 1197 4108 illudantet
1248 4047 1313 4105 tam
1338 4041 1507 4122 efficaciam
1529 4039 1616 4103 babet
1637 4061 1716 4104 cruac
1739 4038 1874 4119 Obristi,
1903 4045 1939 4103 ut
1959 4061 1980 4103 a
2002 4040 2079 4123 lepis
2100 4038 2224 4102 divinae

220 4114 401 4214 bomiiimas.
448 4117 510 4184 Sed
536 4142 573 4185 ne
598 4125 761 4189 nmeamur
786 4128 931 4210 sinputas
950 4130 1130 4211 particulas
1148 4131 1197 4193 ni-
1248 4127 1472 4204 matedidione,
1505 4147 1568 4207 qua
1599 4127 1694 4190 cincti
1725 4125 1949 4204 detinebanuir,
1984 4146 2041 4190 nos
2072 4124 2223 4189 waloni:

220 4222 283 4299 mis
303 4202 437 4285 matipne
454 4207 619 4303 ecapdare,
640 4210 699 4274 itta
713 4214 859 4293 peierati,
881 4217 1124 4297 quaesupoins
1140 4236 1197 4298 pa-
1249 4218 1362 4295 quanta
1386 4214 1489 4296 mapis
1514 4211 1553 4276 ab
1578 4214 1734 4277 intramis
1760 4213 1908 4292 uinculis,
1941 4233 2021 4294 quae
2047 4211 2128 4274 nibil
2152 4214 2225 4273 suut

219 4292 283 4354 sita
304 4294 356 4367 est,
379 4290 580 4371 contutatione
601 4299 729 4359 cudendi
750 4300 876 4364 mimus.
1248 4320 1344 4380 quam
1364 4300 1503 4383 captiosa
1528 4303 1658 4362 samace
1683 4299 1776 4376 retia,
1804 4319 1861 4362 nos
1882 4300 1988 4362 meet?
2033 4297 2225 4379 Quibuscum

278 4461 284 4473 ⁸
310 4378 360 4439 21.
408 4374 591 4442 Uniusmodi
612 4380 749 4462 tepitunc
765 4386 829 4448 sint
850 4391 878 4450 et
894 4393 1015 4467 accepta
1032 4386 1100 4451 Deo
1117 4393 1195 4465 octa,
1249 4407 1307 4468 que
1326 4406 1397 4468 erpo
1420 4383 1564 4450 Christus
1584 4384 1734 4468 enaupdii
1753 4385 1808 4448 sui
1828 4384 1895 4449 tuce
1916 4384 2058 4466 cffutpet,
2087 4403 2148 4447 non
2169 4381 2225 4444 ctu

221 4463 302 4525 satis
329 4462 502 4560 inpositum
527 4484 592 4529 csse
617 4466 758 4534 arbitror.
805 4472 888 4552 Quia
914 4477 1015 4536 tamen
1042 4472 1197 4536 interdum
1249 4472 1334 4536 mum
1355 4476 1414 4550 est,
1441 4471 1520 4552 quin
1539 4471 1577 4536 ab
1599 4470 1740 4537 nundus
1760 4489 1811 4534 eos
1836 4469 1959 4551 taqua
1979 4469 2135 4552 inpediat,
2158 4467 2225 4548 qui

221 4548 319 4646 rudes
337 4569 374 4613 ac
393 4549 522 4614 timidae
538 4552 745 4632 cundemiae,
767 4558 860 4621 dmm
876 4556 932 4622 ubi
952 4564 1055 4622 nomm
1071 4557 1198 4641 dipuad
1249 4557 1308 4623 bns
1329 4578 1362 4623 se
1384 4578 1445 4639 per
1470 4559 1715 4639 superstitionen
1741 4555 1917 4620 indueram.
1964 4556 2151 4636 Qudnam
2172 4570 2225 4615 Μ

220 4633 362 4731 displicet
382 4654 420 4699 aa
439 4635 640 4733 improbatur,
663 4639 700 4704 de
720 4640 900 4724 obtipatione
919 4644 1126 4709 nititaminus
1141 4645 1198 4711 du-
1249 4644 1316 4708 dtis
1341 4643 1422 4708 deest
1449 4643 1548 4709 attera
1574 4644 1723 4726 defensio,
1750 4642 1781 4705 si
1802 4641 1845 4705 ad
1869 4640 2051 4706 cadibabim
2077 4659 2139 4702 nan
2157 4637 2224 4718 fue-

223 4716 333 4797 bitant,
362 4725 551 4803 epium
571 4726 802 4807 amatium,
835 4749 932 4811 quum
952 4735 980 4794 et
1005 4731 1122 4797 nutare
1143 4732 1198 4796 da·
1249 4735 1325 4795 uni
1354 4729 1465 4795 idonei
1517 4731 1605 4795 Nam
1631 4731 1662 4793 si
1693 4732 1796 4792 actum
1823 4725 2014 4808 impossibiie
2038 4730 2154 4789 certum
2181 4728 2224 4785 est

221 4807 286 4868 tam
313 4804 383 4870 Dee
407 4807 501 4906 iidem
528 4807 663 4889 borreid,
699 4817 728 4876 et
755 4820 940 4881 beredune
972 4837 1127 4898 miramo,
1159 4839 1198 4883 ne
1249 4817 1374 4881 animae
1393 4817 1538 4895 initium
1565 4836 1662 4899 qnam
1682 4816 1836 4880 smmum
1856 4812 1923 4876 aar
1942 4810 2047 4888 Deus,
2074 4830 2136 4873 non
2154 4829 2225 4888 per-

220 4891 370 4955 scroanda
402 4913 504 4976 napis
528 4901 667 4977 puniit:
697 4897 747 4964 bic
776 4903 1018 4968 sucurrendum
1048 4904 1114 4969 nis
1143 4910 1196 4983 est,
1249 4902 1363 4967 ditum:
1399 4903 1554 4983 sequitur,
1586 4903 1622 4965 in
1654 4921 1686 4964 ea
1723 4899 1851 4963 minime
1877 4918 1944 4962 esse
1968 4895 2224 4978 permanendum.

221 4995 280 5055 ΨΟ
301 4996 335 5041 St
355 4979 478 5059 1²⁰⁸th
506 4980 545 5044 ab
571 4982 630 5048 bac
657 4984 837 5066 difficultate
857 4989 983 5070 umere.
1034 4990 1074 5057 Ut
1095 4997 1197 5057 cidem
1253 4989 1355 5070 Qnau
1376 4993 1478 5053 autern
1499 4987 1690 5071 impossibiie
1709 4986 1752 5050 sit
1771 4988 1873 5048 ouum
1894 4983 2093 5048 continentiae
2108 4981 2153 5044 iis
2170 4982 2224 5061 aui

220 5062 312 5128 sanet
330 5083 448 5129 oinium
469 5068 649 5149 scrupulum
675 5071 796 5154 uttam,
814 5074 893 5139 dica
918 5076 1022 5141 onmia
1043 5097 1104 5142 non
1125 5076 1197 5159 tepi-
1248 5075 1405 5158 sinputari
1426 5074 1504 5138 douo
1527 5073 1668 5154 praediti
1689 5090 1749 5137 eron
1770 5075 1855 5148 sunt,
1885 5073 1975 5134 ardea
1995 5069 2170 5148 mouimus,
2199 5072 2225 5130 et

400 5189 424 5194 -.
1249 5161 1450 5243 mmmm,
1487 5180 1533 5222 mn
1570 5163 1696 5237 tacente,
1734 5156 1875 5239 tenuitur.
1929 5155 2037 5237 Neque
2068 5155 2150 5219 enim
2182 5157 2226 5217 est

292 5247 320 5314 1)
338 5253 533 5316 praeiudicium
551 5254 625 5311 1548.
1249 5247 1386 5330 pratum
1413 5249 1530 5327 quauta
1557 5244 1752 5310 obscoenitate
1778 5246 1913 5308 scateam
1940 5242 2137 5324 omniafere
2163 5259 2226 5303 mc

1714 5506 1785 5669 δ
