4770 6030
192 337 272 404 1033
416 384 420 396 2
765 327 1030 407 INSTI'PU'PIO
1051 329 1156 395 REL.
1178 326 1358 394 aflatus.
1382 330 1612 392 lace-1554.
1860 375 1861 378 κ
2106 334 2192 396 1084

1820 442 1934 498 neoc·
1952 444 2065 513 esem
2085 443 2192 500 cece.

189 523 308 607 liquiae
335 528 412 587 sunt
440 520 599 585 bonorum
621 540 704 600 quae
724 519 765 583 ad
793 519 1060 584 sustentationem
1083 519 1161 582 reti·
1213 537 1272 597 que
1298 516 1336 579 ah
1365 515 1440 581 aliis
1473 515 1582 580 babitu
1608 431 1820 598 venditarenti
1848 485 1966 584 camdm
1992 520 2191 584 demitterent.

190 618 317 674 nentur.
347 607 469 672 Omnia
489 605 670 686 infigaris:
689 604 1031 687 quiascilicetvelum
1049 604 1162 686 templi
1217 602 1319 682 Qum
1340 622 1409 666 cero
1424 607 1535 681 postea
1555 623 1606 667 res
1627 605 1670 668 ad
1691 607 1792 671 crines
1813 607 1971 684 rediisset,
1994 611 2023 671 et
2044 606 2087 672 ad
2110 605 2191 670 chri

189 695 333 759 nondum
355 694 493 758 scissum
513 699 570 755 est.
615 690 732 772 Itaque
753 691 916 773 persuasi,
940 711 974 754 se
996 689 1162 772 praeclare
1213 687 1414 751 stiaaismum
1440 688 1614 753 accederent
1637 696 1739 772 pentes
1766 693 1933 773 quaedam,
1960 712 2042 773 quae
2068 711 2192 772 semper

190 780 357 845 defunctos
378 800 448 843 esse
471 777 538 841 suis
559 777 716 858 portibus,
735 777 821 859 quod
838 776 917 840 talia
933 797 992 858 per
1009 797 1162 841 coronam
1213 778 1349 837 carratae
1368 772 1508 853 fuerant,
1530 779 1565 837 ut
1589 775 1711 853 Gattia,
1738 776 1925 854 Germania,
1948 777 2086 860 Anptia,
2108 778 2192 842 ceri·

189 886 282 930 suam
315 864 546 948 figuraverint,
574 862 658 925 nihil
685 883 797 926 eorum
825 885 861 926 re
889 864 961 944 ipsa
984 868 1160 944 praestant.
1214 858 1317 922 simite
1341 864 1386 922 est
1406 859 1531 923 ciericos
1551 860 1664 940 ubique
1684 862 1803 927 rasisse
1824 868 1932 943 caput,
1961 885 1998 927 ne
2020 884 2121 928 canae
2141 884 2191 927 or·

190 950 365 1032 Quousque
399 971 463 1013 nas
484 948 604 1013 talibus
631 949 713 1012 fucis
746 958 779 1012 et
808 949 993 1030 praestigiis
1025 946 1160 1011 ludent?
1214 949 1394 1007 immeritum
1419 944 1598 1009 cidamum
1623 947 1775 1027 affectare.
1828 949 1968 1014 Tandem
1995 950 2192 1032 corruptiore

114 1081 116 1088 .
190 1036 322 1113 Clerici,
343 1035 486 1100 detonsis
509 1035 632 1115 aliquot
653 1033 790 1115 capillis,
815 1035 1015 1117 significant,
1038 1040 1162 1114 tempo-
1214 1029 1348 1106 saecuto,
1377 1050 1474 1110 qaum
1495 1031 1605 1110 prisca
1631 1034 1737 1096 omnia
1764 1035 1907 1098 instituta
1927 1036 1975 1101 aet
1995 1036 2125 1101 inversa
2143 1034 2192 1115 fc-

189 1122 308 1186 ralium
336 1121 494 1185 bonarum
517 1118 750 1184 abundantiam
773 1142 808 1184 se
833 1120 1002 1197 abiecisse,
1025 1119 1163 1202 gloriam
1214 1120 1297 1193 rent,
1320 1116 1367 1179 cet
1388 1117 1422 1178 in
1443 1117 1691 1197 superstitiones
1710 1119 1956 1201 depenerassent,
1983 1123 2116 1202 quinia
2137 1141 2192 1184 ra

188 1208 251 1272 Dei
274 1207 504 1288 contemplari,
528 1205 657 1269 aurium
680 1205 910 1287 oculorumque
931 1205 1162 1287 concupiscen-
1214 1222 1292 1265 sura
1314 1200 1451 1266 clericati
1468 1201 1549 1266 nihii
1565 1203 1725 1268 canebant
1741 1225 1854 1271 causae
1872 1205 1980 1290 (aeque
1998 1209 2081 1273 enim
2098 1206 2191 1287 'quid-

188 1294 269 1358 tiam
301 1293 525 1359 mortificasse:
561 1298 595 1355 et
623 1290 752 1354 nullum
779 1299 829 1355 est
860 1291 1031 1354 hominum
1059 1312 1162 1373 genus
1208 1308 1308 1367 qaam
1330 1288 1522 1351 retinuerant
1532 1295 1659 1369 praeter
1678 1291 1806 1355 stultam
1822 1293 2048 1377 imitationem),
2071 1293 2191 1373 admy-

188 1379 353 1461 rapacius,
387 1377 564 1461 stupidius,
593 1375 816 1441 libidinosius?
862 1374 931 1441 Cur
963 1397 1028 1440 non
1057 1377 1162 1458 magis
1213 1373 1343 1436 sterium
1364 1371 1583 1454 coufuqerunt;
1604 1377 1686 1454 quod
1703 1397 1785 1440 nanc
1802 1381 2013 1458 superstitiose
2033 1379 2122 1443 nobis
2140 1378 2188 1440 ab

189 1466 396 1530 sanctitatem
417 1485 493 1527 vere
514 1461 680 1540 exhibent,
704 1483 802 1543 quam
822 1462 914 1527 falsis
935 1460 1161 1526 mendacibus·
1214 1458 1345 1522 trudunt
1358 1479 1420 1538 pro
1441 1461 1625 1523 sacramenti
1646 1462 1700 1525 sui
1720 1462 1945 1543 approbatione.
1994 1464 2131 1532 Ostiarii
2152 1464 2190 1527 in

188 1572 250 1633 que
272 1551 375 1633 signis
397 1551 498 1631 ipsius
521 1549 661 1630 speciem
682 1547 859 1611 simulant?
1214 1544 1437 1607 consecratione
1454 1544 1553 1609 daces
1572 1547 1678 1625 tempti
1695 1549 1861 1629 accipiunt,
1880 1570 1939 1630 quo
1959 1552 2020 1616 sibi
2037 1549 2191 1615 mandari

275 1639 325 1698 27.
370 1637 488 1712 Porro,
517 1655 620 1716 quum
648 1632 761 1697 dicunt
793 1654 946 1698 eoronam
980 1631 1162 1696 clericalem
1213 1629 1385 1693 custodiam
1407 1629 1598 1712 inteiliqant;
1624 1631 1746 1697 tectores
1766 1654 1860 1698 sacra
1881 1634 1991 1717 catu·
2020 1634 2190 1702 exorcistae

188 1722 309 1786 habere
337 1722 495 1805 originem
528 1741 548 1783 a
574 1718 751 1783 Nazaraeis
765 1719 790 1803 ¹)
815 1726 856 1782 *et
882 1719 1056 1796 mticnem,
1085 1717 1163 1800 quid
1212 1714 1369 1795 formulas
1390 1716 1645 1795 ecmcmncoram,
1673 1717 1787 1798 quibus
1807 1739 1903 1801 super
1925 1740 2140 1806 eaerqumeaos
2160 1724 2190 1784 et

189 1807 278 1872 aliud
306 1807 463 1883 afferunt,
490 1826 588 1887 quam
616 1825 676 1868 sua
701 1805 858 1887 mysteria
885 1826 905 1868 a
931 1804 1067 1868 iudaicis
1090 1824 1162 1867 cae·
1214 1799 1439 1864 catechumenos
1459 1805 1604 1880 etardum·
1624 1803 1757 1868 aarum
1777 1825 1878 1869 cerem
1897 1813 1925 1872 et
1942 1809 2105 1894 creceium.
2134 1805 2190 1869 En

188 1893 342 1958 remoniis
364 1899 443 1956 nata
464 1910 549 1967 csse,
578 1890 631 1954 vel
659 1891 766 1972 potius
795 1911 921 1953 merum
945 1911 1015 1954 esse
1041 1888 1162 1953 iudeis-
1214 1887 1437 1963 caeremoniae,
1459 1886 1573 1968 quibus
1599 1888 1644 1970 (si
1665 1890 1733 1954 Deo
1749 1890 1865 1975 piacet)
1893 1899 2015 1958 tantum
2036 1895 2115 1957 inest
2136 1912 2189 1954 ar-

189 1977 302 2042 mum?
349 1976 445 2057 Quod
468 1983 577 2054 autem
599 1974 732 2053 addunt,
753 1975 945 2052 Priscillam,
968 1974 1108 2058 Acylam
1130 1980 1164 2038 et
1215 1991 1311 2035 canae
1342 1972 1481 2068 uirtutis,
1514 1977 1551 2035 at
1577 1994 1642 2038 esse
1667 1977 1791 2054 possint
1813 1981 1938 2059 qratiac
1964 1979 2100 2044 visibitis
2127 1997 2189 2041 non

188 2063 330 2129 Paulum
359 2064 466 2146 ipsum
496 2069 644 2143 suscepto
669 2075 744 2125 voto
771 2061 834 2126 sibi
861 2061 979 2126 rasisse
1006 2068 1105 2143 eaput
1125 2067 1164 2123 ut
1214 2057 1302 2120 cauo
1323 2076 1414 2139 siqua
1436 2078 1473 2122 ac
1493 2063 1638 2138 tesserae,
1661 2062 1715 2126 sed
1736 2064 1830 2127 etiam
1850 2084 1972 2130 causae.
2016 2064 2085 2129 Hoc
2106 2064 2190 2126 enim

187 2151 441 2232 purificarentur
463 2147 550 2232 (Act
569 2150 620 2224 18,
643 2147 705 2230 18),
729 2167 873 2211 crassam
895 2168 987 2210 suam
1009 2147 1163 2228 ignoran-
1215 2143 1381 2206 secundum
1402 2163 1494 2206 suam
1514 2144 1722 2223 definitionem
1737 2149 1906 2230 postulant,
1925 2171 2023 2233 quum
2039 2152 2121 2214 inter
2139 2169 2190 2212 sa·

189 2236 270 2299 tiam
291 2234 442 2316 produnt.
487 2229 657 2314 Nusqua'm
679 2233 767 2296 enim
792 2232 913 2315 legitur
935 2230 975 2295 de
996 2231 1148 2297 Priscilla
1155 2255 1163 2309 ;
1214 2233 1372 2292 aramenta
1392 2228 1499 2293 habai
1520 2230 1632 2311 cotani.
2109 2285 2110 2288 ,

190 2343 227 2386 ac
254 2320 294 2384 de
316 2319 422 2403 Asyla
449 2320 547 2383 etiam
575 2318 735 2383 incertum
759 2325 822 2394 est,
851 2316 1010 2399 siquidem
1032 2325 1100 2382 tam
1122 2316 1164 2381 ad
1302 2317 1352 2377 23.
1385 2313 1512 2379 Verum
1533 2315 1594 2381 hoc
1611 2338 1740 2383 omnem
1756 2319 1928 2386 stultitiam
1944 2328 2084 2404 superat,
2103 2320 2189 2403 qued

188 2405 331 2470 Paulum
361 2405 473 2468 referri
501 2409 607 2486 potest
634 2410 769 2468 tonsura
796 2403 867 2481 illo,
891 2425 989 2486 quam
1011 2402 1053 2467 ad
1074 2405 1163 2486 Acy-
1214 2399 1250 2463 in
1283 2399 1420 2483 singidis
1452 2398 1622 2466 Christum
1653 2405 1715 2469 sibi
1745 2404 1903 2488 collegam
1930 2408 2062 2473 faciunt.
2113 2407 2189 2471 Pri·

189 2491 265 2556 lam.
309 2491 360 2554 Ne
382 2512 459 2555 vero
480 2490 545 2554 illis
566 2489 786 2571 relinquamus
808 2488 893 2571 quod
910 2497 1033 2571 petunt,
1053 2510 1163 2553 exem·
1214 2507 1315 2563 mum,
1339 2486 1499 2568 inquiunt,
1522 2488 1645 2552 asuarii
1663 2511 1799 2555 munere
1827 2493 1958 2558 functus
1976 2492 2189 2574 est,·quando

190 2577 281 2660 plmn
303 2597 357 2641 eos
379 2576 499 2642 habere
521 2596 541 2639 a
562 2575 676 2653 Paulo,
706 2575 945 2640 observandum
968 2581 1018 2639 est
1039 2574 1163 2656 simpli·
1216 2571 1395 2635 vendentes
1417 2579 1450 2635 et
1472 2579 1632 2652 ementes,
1655 2576 1784 2660 flagello
1806 2599 1848 2641 ex
1868 2579 2023 2644 funiculis
2044 2578 2146 2655 facto,
2169 2600 2188 2643 e

191 2662 346 2739 cioribus,
368 2662 517 2727 Paulum
532 2662 700 2742 nunquam
721 2668 819 2742 caput
840 2661 900 2725 sibi
922 2660 1100 2725 totondisse
1122 2660 1164 2725 ad
1215 2655 1336 2738 templo
1363 2658 1465 2722 eiecit.
1492 2657 1698 2728 Ostiarium
1725 2683 1760 2727 se
1782 2684 1853 2728 esse
1881 2665 2055 2748 significat,
2084 2684 2186 2745 quum

17 2823 25 2840 .
148 2759 155 2768 ‘
191 2749 479 2813 sanctificationem
506 2749 663 2830 aliquam:
694 2745 750 2810 sed
778 2745 938 2810 duntaxat
959 2754 998 2810 ut
1024 2747 1165 2810 fratrum
1216 2742 1308 2819 dicit,
1337 2763 1397 2825 ego
1418 2765 1492 2808 sum
1514 2746 1640 2809 ostium.
1685 2748 1833 2813 Laetaris
1859 2771 1979 2815 munus
2001 2751 2184 2829 assumpsit,

190 2834 373 2898 infirmitati
401 2834 539 2897 serviret
571 2834 603 2917 (l
625 2830 698 2895 Cor.
719 2837 747 2911 a,
767 2834 833 2914 20).
883 2830 979 2895 Soleo
1007 2831 1163 2897 eiusmodi
1215 2850 1316 2910 quum
1336 2829 1371 2892 in
1394 2850 1561 2914 synagoga
1581 2830 1722 2898 Iesaiam
1743 2834 1831 2916 legit.
1875 2835 2065 2900 Exoroistae
2082 2836 2186 2900 officio

190 2927 267 2985 vota
295 2918 458 3000 appellare
486 2921 646 2995 caritatis,
667 2939 733 2979 non
755 2918 898 2999 pietatis:
928 2917 989 2982 hoc
1011 2924 1075 2995 est,
1098 2938 1164 2981 non
1215 2914 1346 2979 functus
1359 2915 1383 2997 ¹)
1406 2923 1463 2993 est,
1487 2938 1587 2998 quum
1608 2917 1756 3002 linguam
1779 2929 1812 2983 et
1833 2943 1928 2986 aures
1946 2920 2038 2986 surdi
2054 2928 2088 2985 et
2103 2922 2189 2985 muti

191 3013 341 3087 suscepta
363 3004 404 3067 ad
426 3004 550 3069 cultum
572 3005 712 3087 aliquem
729 3004 802 3082 Dei,
824 3003 881 3068 sed
904 3002 945 3067 ad
962 3002 1164 3067 tolerandam
1216 2999 1318 3064 saliva
1339 3007 1478 3083 tangens
1499 3002 1647 3066 auditum
1663 3005 1813 3070 reddidit.
1847 3006 2048 3072 Aeoluthum
2065 3028 2100 3071 se
2118 3028 2189 3072 esse

192 3091 398 3154 infirmorum
419 3089 609 3168 ruditatem3
638 3088 911 3171 quemadmodum
933 3090 1002 3171 ipse
1025 3090 1084 3164 ait,
1106 3089 1164 3152 Iu·
1216 3085 1268 3150 his
1290 3086 1400 3151 verbis
1421 3096 1559 3152 testatus
1581 3097 1643 3153 est:
1667 3092 1723 3171 qui
1745 3093 1891 3172 sequitur
1907 3113 1969 3170 me,
1990 3113 2057 3155 non
2075 3093 2189 3157 ambu-

193 3174 281 3240 daeis
310 3197 344 3239 se
366 3175 527 3239 Iudaeum
554 3177 690 3259 iactum,
718 3181 777 3240 etc.
821 3175 913 3259 Ergo
935 3175 996 3240 hoc
1018 3174 1163 3251 faciebat,
1215 3172 1262 3235 lat
1292 3173 1328 3234 in
1365 3173 1516 3238 tenebris.
1563 3172 1761 3242 Subdiaconi
1791 3178 1896 3243 officio
1927 3177 2096 3262 unctum)
2130 3187 2188 3257 est,

192 3270 230 3325 ut
250 3260 380 3325 Iudaeis
403 3282 437 3325 se
459 3260 501 3325 ad
523 3270 651 3345 tempus
672 3259 936 3327 accommodaret.
982 3261 1041 3325 Isti
1064 3281 1165 3342 quum
1215 3279 1317 3340 quum
1343 3258 1444 3323 linteo
1471 3260 1676 3341 praecinctus
1702 3261 1800 3344 pedes
1833 3263 2066 3346 discipulorum
2098 3263 2188 3328 lavit.

191 3346 434 3411 Nazaraeorum
466 3349 706 3428 purificationes
736 3346 826 3410 nullo
860 3368 921 3410 usu
954 3347 1075 3409 imitari
1107 3366 1165 3410 vo·
1215 3344 1355 3408 Diacoui
1387 3364 1559 3425 personam
1586 3347 1754 3424 sustinuit,
1781 3369 1883 3430 quum
1910 3370 2028 3431 corpus
2054 3355 2088 3413 et
2114 3371 2190 3413 san-

190 3432 273 3509 lunt,
295 3432 373 3514 quid
393 3432 482 3496 aliud
505 3455 604 3515 quam
625 3433 764 3497 alterum
790 3431 987 3496 iudaismum
1009 3430 1162 3514 erigunt?
1216 3430 1350 3513 guinem
1373 3429 1538 3496 distribuit
1566 3432 1719 3513 apostolis
1728 3436 1757 3516 Β)
1783 3435 1820 3497 in
1850 3456 1957 3499 coena.
2004 3432 2194 3500 Sacerdotis

190 3517 316 3582 Eadem
338 3517 495 3601 religione
523 3519 693 3584 decretalis
715 3517 773 3581 illa
794 3517 966 3600 epistola2)
988 3519 1165 3598 composita
1216 3523 1325 3597 portes
1345 3516 1501 3597 implevit,
1525 3538 1625 3599 quum
1646 3519 1682 3582 in
1704 3540 1798 3584 cruce
1816 3521 1901 3603 patri
1922 3542 1957 3584 se
1975 3520 2115 3584 hostiam
2134 3521 2190 3585 ob·

114 3639 116 3647 ·
191 3611 253 3680 est,
282 3624 365 3684 quae
385 3604 535 3685 prohibet
557 3606 699 3681 clericis,
722 3604 814 3666 iuxta
835 3604 1016 3684 apostolum
1037 3603 1069 3688 (l
1090 3601 1163 3668 Cor.
1215 3601 1299 3665 tulit.
1344 3601 1436 3669 Haec
1464 3602 1585 3685 absque
1615 3604 1684 3668 risu
1712 3605 1792 3669 adeo
1819 3605 1925 3670 audiri
1951 3626 2018 3669 nan
2043 3615 2189 3686 possunt,

194 3692 242 3765 ll,
260 3687 305 3772 4),
328 3710 370 3752 ne
391 3710 517 3754 comam
537 3692 706 3766 nutriant,
728 3689 785 3753 sed
807 3689 912 3754 instar
933 3689 1091 3772 sphaerae
1112 3711 1165 3754 ra
1216 3696 1253 3751 ut
1274 3688 1374 3751 mirer
1400 3688 1521 3770 absque
1547 3690 1615 3753 risu
1642 3691 1762 3773 scripta
1784 3713 1867 3761 csse:
1896 3693 1924 3757 si
1952 3700 2062 3755 temen
2083 3691 2190 3756 hami·

120 3801 121 3808 *
191 3773 283 3851 dant;
305 3774 397 3856 quasi
420 3775 583 3856 apostolus
601 3776 720 3842 doeens
737 3774 814 3856 quid
838 3776 917 3840 viris
942 3775 1091 3840 omnibus
1109 3776 1164 3840 de·
1216 3783 1399 3848 necarant,
1422 3775 1477 3855 qui
1500 3775 1691 3840 scribebant.
1723 3774 1790 3841 Sed
1811 3778 1846 3841 in
1867 3775 1982 3859 primis
2004 3778 2189 3858 spectabilis

190 3880 302 3923 corum
324 3861 381 3934 sit,
406 3859 446 3923 de
468 3862 638 3943 sphaerica
660 3861 850 3927 elericorum
872 3882 987 3925 rasura
1009 3860 1164 3927 sollicitus
1216 3868 1266 3925 est
1287 3860 1424 3943 argutia,
1448 3881 1512 3942 qua
1533 3862 1567 3924 in
1589 3861 1730 3926 acoluthi
1753 3864 1883 3926 nomino
1906 3862 2188 3946 philosophantur,

188 3945 294 4009 fuerit
338 3944 429 4009 Hinc
456 3946 592 4012 lectores
614 3954 779 4030 reputent,
809 3946 921 4029 quales
943 3947 1086 4011 sintalii
1108 3948 1164 4030 qui
1215 3947 1445 4012 ceroferarium
1463 3946 1678 4028 appellantem
1700 3949 1809 4025 verba,
1828 3956 1866 4012 ut
1883 3949 2032 4025 arbitror,
2051 3950 2188 4031 magico,

189 4036 371 4112 sequuntur
392 4031 521 4097 ordines
532 4033 560 4117 8)
582 4034 699 4114 quibus
721 4032 795 4096 talis
816 4038 866 4097 est
886 4033 1063 4116 ingressus.
1215 4037 1303 4097 certe
1331 4031 1476 4095 inaudita
1505 4033 1657 4115 gentibus
1685 4055 1722 4099 ae
1751 4033 1873 4117 linguis
1899 4035 2065 4111 omnibus,
2088 4056 2189 4116 quum

275 4119 324 4180 28.
377 4115 464 4182 Unde
485 4119 635 4200 criqinem
655 4117 797 4182 habuerit
822 4119 1004 4182 clericorum
1025 4123 1161 4195 masura,
1215 4113 1383 4190 ἀκόλουθος
1403 4117 1540 4184 Graecis
1561 4119 1752 4201 simpliciter
1772 4120 1933 4203 significet
1949 4119 2187 4203 pedissequum.

187 4200 308 4266 abunde
334 4202 381 4265 aet
407 4223 446 4266 eu
474 4223 535 4267 uno
563 4204 742 4286 Aupustiac
750 4204 779 4288 ⁴)
807 4209 930 4269 amcam.
979 4213 1082 4284 Quum
1110 4203 1162 4267 itta
1214 4202 1411 4287 Quanquam
1438 4204 1464 4268 si
1489 4205 1540 4268 his
1562 4206 1646 4269 serio
1668 4205 1853 4270 refellendis
1881 4206 2087 4283 inhaeream,
2118 4208 2189 4270 iure

105 4318 114 4328 .„
186 4287 309 4352 saecuto
330 4288 481 4369 capitium
502 4309 564 4353 rien
586 4292 704 4355 aierent
725 4291 792 4354 nisi
813 4290 946 4368 delicati,
969 4295 997 4354 et
1018 4290 1072 4370 qui
1086 4290 1163 4352 nito-
1214 4297 1247 4353 ct
1268 4290 1336 4371 ipse
1358 4310 1485 4371 quoque
1506 4290 1629 4355 ridear:
1659 4291 1739 4356 adeo
1760 4291 1877 4355 frivola
1898 4300 1977 4355 sunt
1998 4297 2031 4354 et
2051 4291 2187 4357 ludicra.

186 4392 253 4435 rem
274 4373 516 4455 depositumque
537 4396 599 4440 nm
620 4376 699 4440 satis
720 4376 842 4440 uirilem
865 4377 1058 4457 affectabam,
1080 4375 1163 4438 cide·
1300 4379 1350 4438 24.
1395 4375 1446 4439 Ne
1481 4383 1591 4440 tamen
1623 4377 1823 4442 mulierculis
1855 4376 1962 4441 adhue
1994 4377 2106 4442 fucum
2139 4378 2188 4441 fa·

187 4457 279 4521 batur
302 4479 367 4522 esse
393 4481 455 4524 aori
482 4462 554 4526 boui
580 4460 723 4541 eunapii,
752 4462 923 4527 sidericis
948 4462 983 4526 id
1005 4460 1162 4542 permitte-
1214 4461 1310 4536 ciant,
1333 4460 1532 4526 traducenda
1554 4471 1603 4527 est
1624 4463 1729 4528 obiter
1750 4484 1862 4527 eorum
1884 4464 2022 4526 vanitas.
2063 4461 2188 4527 Oreant

186 4548 280 4606 retur.
325 4543 516 4610 iubebantur
542 4567 612 4628 erqo
639 4547 742 4612 elerici
763 4548 811 4613 cet
838 4549 961 4612 tondere
986 4550 1093 4625 caput,
1115 4545 1162 4608 aa
1213 4548 1333 4611 eximia
1358 4568 1478 4630 pompa
1507 4569 1544 4613 ao
1566 4549 1759 4613 solennitate
1787 4569 1862 4613 suos
1883 4548 2032 4624 lectores,
2053 4547 2188 4629 psalmi·

187 4629 312 4705 radere,
341 4650 378 4693 ae
405 4652 500 4710 qaam
529 4633 714 4713 effoeminati
742 4634 844 4697 cattas
872 4633 1003 4712 speciem
1026 4651 1109 4710 prae
1129 4650 1162 4694 se
1213 4640 1295 4710 stas,
1331 4633 1494 4710 ostiarios,
1525 4635 1708 4712 acoluthos,
1744 4634 1786 4699 ad
1817 4656 1856 4699 ea
1883 4635 2064 4698 ministeria
2093 4656 2187 4698 exse·

185 4713 311 4794 ferrent.
343 4715 432 4781 Adeo
452 4722 554 4781 autem
576 4719 610 4781 id
630 4719 757 4799 culpare
778 4723 854 4795 erat,
877 4723 912 4781 at
935 4715 1076 4781 monachi
1093 4718 1161 4797 qai·
1213 4717 1355 4801 quenda,
1388 4719 1505 4800 quibus
1532 4720 1586 4784 vel
1613 4742 1745 4802 pueros,
1773 4720 1826 4785 vel
1853 4728 1940 4785 certe
1968 4740 2047 4802 quos
2069 4725 2188 4784 vocant

187 4798 269 4877 dam,
291 4820 350 4879 quo
371 4803 473 4884 mcqis
494 4824 587 4868 suam
608 4804 845 4868 sanctinmniam
861 4802 988 4866 nolabdi
1007 4802 1161 4868 distincta
1213 4804 1320 4879 laicos,
1343 4805 1543 4886 praeficiunt.
1579 4804 1667 4885 -Quis
1689 4808 1917 4882 enimcereos,
1939 4804 2185 4887 utplurimum,

1213 4888 1381 4955 accendit?
1415 4893 1487 4972 quis
1520 4890 1648 4956 urceolo
1675 4893 1789 4956 vinum
1822 4898 1856 4955 et
1887 4912 2004 4973 aquam
2032 4890 2185 4967 infundit,

1211 4977 1274 5039 nisi
1296 4996 1385 5057 puer,
1409 4983 1466 5040 aut
1487 4999 1528 5041 ex
1549 4977 1640 5042 laicis
1662 4976 1846 5042 sordidulus
1865 4977 1990 5059 aliquis,
2013 4978 2069 5058 qui
2087 4999 2129 5042 ex
2147 4997 2186 5041 ea

257 5035 286 5102 1)
305 5037 404 5092 Inruit
420 5040 564 5093 Nasiraeos
583 5042 661 5094 Num.
679 5041 703 5093 6.
812 5041 842 5107 2)
860 5040 888 5093 Ο,
908 5040 1018 5093 Prohib.
1037 5042 1098 5094 dist.
1117 5039 1159 5094 25.

188 5101 218 5170 3)
236 5107 322 5184 qualis
340 5108 395 5159 sint
418 5110 542 5177 energiae
561 5126 591 5162 ac
610 5110 750 5178 dignitatis
769 5111 822 5163 alia
840 5127 909 5177 queo
933 5120 1084 5176 sequuntur
1102 5127 1159 5179 my-

188 5179 271 5224 steria
290 5173 357 5227 1543
374 5191 444 5244 seqq.
552 5177 582 5242 4)
601 5179 743 5247 Angustia.
762 5179 795 5230 de
814 5194 895 5246 opere
913 5179 1033 5231 monach.
1052 5180 1080 5230 in
1099 5180 1158 5245 line.
1281 5181 1309 5249 1)
1326 5199 1389 5234 usus
1408 5180 1482 5234 1539.
1587 5180 1617 5249 3)
1635 5199 1698 5235 usus
1717 5181 1791 5235 1539.
1852 5197 1854 5202 ’
1905 5180 1935 5248 3)
1954 5183 2084 5252 apostolis
2103 5183 2186 5236 ataid.

188 5241 259 5293 Item
277 5245 305 5296 in
322 5250 461 5297 retractat.
481 5243 505 5309 2,
524 5245 565 5298 21.
729 5288 732 5293 ι
1212 5248 1280 5302 lma
1298 5265 1367 5319 seqq.
1516 5273 1522 5284 ·
