4732 6030
2153 338 2220 400 880

1851 446 2219 517 rotnascenses.

217 530 381 595 Nimirum
414 548 454 590 ex
487 525 595 590 media
627 524 823 603 idololatria,
858 526 894 589 in
923 547 988 608 qua
1020 544 1094 590 curn
1123 523 1189 586 suis
1242 524 1378 587 certiore
1400 531 1592 606 argumento
1614 525 1807 589 confirmare
1828 433 1942 600 1111111,
1964 531 2087 607 quanta
2107 525 2220 606 pravi·

217 614 366 681 omnibus
394 612 561 676 demersus
590 623 668 675 erat.
714 612 816 676 Verbi
838 613 892 676 sui
911 612 998 687 11111,
1028 611 1106 674 dum
1128 609 1189 670 im·
1243 617 1309 672 tate
1326 609 1653 690 praedestinationem
1670 610 1892 692 imaginentur
1908 609 2093 674 huiusmodi
2111 610 2219 674 homi-

216 700 416 765 merentibus
445 698 585 778 primum
608 696 758 779 affulget,
788 719 825 761 eo
854 699 1014 780 gratuitae
1035 693 1190 761 bonitatis
1242 715 1316 773 nes,
1345 716 1443 776 quam
1481 695 1538 758 illa
1563 696 1635 777 ipsa
1667 696 1876 777 experientia:
1927 693 2097 777 Siquidem
2125 696 2220 761 nullo

216 807 293 852 suae
326 785 490 867 specimen
521 784 600 847 satis
629 782 831 847 luculentum
863 782 1003 847 exhibet.
1049 779 1117 846 Sed
1148 800 1190 843 ne
1242 780 1456 861 pestilentiori
1478 801 1587 845 errore
1608 781 1702 845 infici*
1719 802 1812 846 mens
1832 781 1942 863 possit,
1965 802 2063 863 quam
2084 783 2140 864 qui
2158 804 2220 847 sua

216 870 373 955 glorietur
400 890 490 946 earo,
524 868 610 949 quod
637 869 766 932 vocanti
795 876 827 932 et
854 869 940 932 ultro
972 890 1007 932 se
1040 865 1190 931 offerenti
1243 887 1322 948 erga
1341 867 1451 930 Deum
1479 888 1558 948 pace
1587 887 1624 930 ae
1652 867 1887 948 tranquillitate
1909 869 2139 932 conscientiam
2168 868 2219 932 di-

215 956 331 1022 seltem
354 954 565 1036 responderit,
592 954 699 1018 nullas
721 953 762 1017 ad
785 953 983 1018 audiendum
1005 953 1097 1017 nobis
1120 949 1190 1015 esse
1242 952 1367 1016 ruitae
1389 951 1548 1017 decubat
1582 953 1673 1034 Ergo
1695 952 1903 1036 naufragium
1921 954 1950 1016 si
1967 953 2127 1031 timemus,
2152 955 2218 1019 sol·

186 1063 319 1118 xaures,
342 1040 450 1104 nullos
473 1040 514 1103 ad
533 1039 710 1104 videndum
728 1039 837 1104 oeulos
855 1041 1006 1116 affirmat,
1029 1039 1092 1102 nisi
1110 1057 1189 1119 quos
1241 1037 1329 1103 licite
1351 1037 1392 1103 ab
1414 1038 1475 1103 hoc
1496 1038 1626 1120 scopulo
1648 1036 1845 1117 cavendum,
1873 1038 1908 1102 in
1930 1060 2026 1120 quem
2048 1062 2219 1122 nunquam

214 1128 283 1210 ipse
312 1127 437 1191 fecerit:
468 1127 574 1190 facere
604 1133 712 1188 autem
741 1147 805 1188 non
834 1124 1013 1190 secundum
1035 1124 1189 1204 cuiusque
1242 1124 1312 1187 sino
1334 1124 1434 1186 exitio
1456 1124 1655 1206 impingitur.
1694 1125 1741 1187 Et
1763 1145 1839 1188 vero
1861 1123 1937 1188 licet
1958 1125 2128 1206 periculosi
2144 1148 2217 1190 ma·

217 341 280 403 ste
677 358 681 367 ·
791 331 1058 402 ΙΝΒΤΙΤΠΤΙΟ
1078 335 1183 400 Rau.
1207 332 1386 400 OHRIST.
1413 339 1643 400 1539-1554.

114 1230 121 1246 “
214 1212 463 1297 gratitudinem,
492 1210 548 1275 sed
574 1232 632 1292 pro
655 1232 714 1274 sua
735 1211 899 1275 electione.
945 1210 1049 1275 Cuius
1070 1211 1117 1273 roi
1139 1210 1189 1272 in·
1242 1211 1287 1273 ris
1308 1209 1412 1273 instar
1434 1210 1594 1274 habeatur
1620 1208 1924 1290 praedestinationis
1947 1210 2120 1292 disputatio
2155 1233 2217 1294 pa·

215 1300 309 1382 signe
337 1299 438 1362 habea
465 1296 651 1377 exemplum
679 1295 764 1377 apud
787 1297 914 1361 Lucam
941 1296 1029 1378 (Act.
1052 1299 1099 1372 13,
1122 1292 1188 1377 48),
1243 1301 1289 1357 tet
1311 1301 1421 1358 tamen
1448 1296 1483 1359 in
1505 1317 1544 1359 ea
1569 1294 1739 1360 lustranda
1766 1303 1838 1359 tuta
1859 1303 1892 1360 et
1919 1303 2048 1377 pacate,
2077 1275 2160 1363 addo
2183 1306 2218 1363 et

214 1385 271 1449 ubi
292 1384 390 1448 Pauli
415 1392 449 1447 et
470 1382 643 1446 Barnabae
673 1383 862 1446 concionem
880 1382 1024 1445 audiunt
1045 1402 1190 1446 commu·
1242 1379 1384 1445 iucunda
1406 1381 1580 1464 navigatio,
1604 1381 1667 1444 nisi
1688 1381 1760 1462 quis
1778 1381 1953 1462 periclitari
1971 1383 2057 1446 ultro
2075 1383 2215 1449 affectet.

214 1471 301 1535 niter
326 1468 441 1534 Iudaei
471 1476 504 1531 ct
532 1479 652 1551 gentes.
704 1466 830 1531 Eodem
862 1476 934 1530 tum
961 1468 1061 1533 verbo
1089 1488 1188 1548 quum
1241 1467 1328 1530 Nam
1355 1466 1627 1547 quemadmodum
1654 1467 1688 1530 in
1717 1466 1882 1531 exitialem
1910 1467 2065 1551 abyssum
2097 1491 2132 1534 se
2164 1472 2217 1533 in-

215 1555 319 1621 edocti
341 1560 450 1619 essent
471 1575 592 1628 omncs,
616 1560 795 1616 narrantur
812 1552 986 1617 credidisse
1007 1553 1062 1634 qui
1081 1551 1122 1615 ad
1141 1553 1189 1614 vi·
1241 1553 1426 1635 gurgitant,
1457 1553 1525 1634 qui,
1556 1560 1594 1615 ut
1615 1552 1655 1616 de
1684 1573 1743 1616 sua
1772 1552 1927 1617 electione
1949 1554 2031 1633 fiant
2052 1557 2216 1636 certiores,

214 1647 282 1706 tam
315 1648 481 1704 aeternam
515 1646 610 1702 erant
641 1638 869 1720 praeordinati.
888 1639 911 1721 ¹)
966 1636 1041 1718 Qua
1084 1638 1189 1701 fronte
1242 1645 1411 1702 aeternum
1428 1638 1489 1702 Dei
1509 1638 1680 1704 consilium
1698 1639 1767 1702 sine
1785 1639 1884 1703 verbo
1905 1647 2145 1720 percontantur,
2170 1643 2219 1706 ita

216 1727 393 1811 gratuitam
416 1746 487 1789 esse
509 1725 711 1789 vocationem
720 1722 748 1807 ²)
777 1745 951 1807 negemus,
982 1725 1017 1787 in
1038 1744 1117 1806 qua,
1148 1722 1189 1786 ad
1241 1725 1297 1806 qui
1330 1733 1417 1788 recte
1445 1736 1541 1805 atque
1569 1723 1681 1788 ordine
1707 1725 1813 1805 ipsam
1840 1726 2053 1810 investigant,
2076 1727 2218 1808 qualiter

214 1811 364 1876 ultimam
385 1832 487 1892 usque
510 1819 651 1892 partem,
674 1810 743 1874 sola
765 1817 881 1893 regnat
903 1808 1035 1874 electio?
1075 1809 1189 1890 Neque
1241 1810 1276 1872 in
1298 1810 1398 1873 verbo
1420 1811 1618 1888 continetur,
1647 1809 1805 1873 eximium
1832 1810 1908 1874 inde
1935 1812 2080 1875 referunt
2100 1834 2216 1878 conso-

213 1919 292 1964 vero
325 1898 387 1962 hoc
415 1897 599 1960 testimonio
627 1896 836 1960 confutantur
868 1897 891 1959 ii
919 1903 1045 1959 tantum
1074 1896 1130 1977 qui
1154 1895 1189 1958 in
1242 1895 1372 1959 lationis
1404 1896 1555 1959 fructum.
1601 1893 1656 1960 Sit
1681 1895 1782 1977 igitur
1807 1896 1888 1961 haec
1917 1897 2010 1961 nobis
2031 1898 2217 1979 inquirendi

213 1983 392 2049 vocationis
415 1982 651 2063 complemento
680 1982 902 2063 cooperarium
929 1981 1095 2045 hominem
1117 1981 1189 2045 Deo
1242 1981 1309 2058 via,
1343 1986 1381 2044 ut
1407 1981 1576 2044 exordium
1603 2001 1770 2046 sumamus
1800 2003 1820 2045 a
1845 1982 1910 2046 Dei
1931 1984 2098 2047 vocatione
2120 1990 2153 2048 11
2178 1987 2216 2049 111

212 2070 351 2147 faciunt;
374 2068 431 2132 sed
452 2067 500 2130 illi
518 2068 616 2131 etiam
633 2066 689 2148 qui
707 2067 897 2132 electionem
915 2068 960 2132 sic
979 2089 999 2131 a
1019 2067 1189 2148 posteriori
1240 2066 1346 2147 ipsam
1368 2064 1564 2131 desinamus.
1609 2064 1749 2146 Quando
1778 2089 1818 2131 ea
1838 2088 1898 2132 ceu
1920 2074 2042 2133 tessera
2064 2069 2136 2134 vult
2156 2092 2216 2135 no-

214 2153 451 2220 aestimandam
480 2151 629 2229 tradunt,
657 2153 748 2234 quasi
782 2173 940 2234 suspensa
966 2159 1052 2217 esset
1079 2163 1112 2215 et
1137 2154 1187 2215 in·
1240 2152 1290 2216 bis
1319 2152 1511 2216 confirmare
1539 2153 1714 2229 Dominus,
1744 2162 1903 2234 qnantum
1924 2153 1965 2217 de
1994 2175 2053 2218 suo
2081 2157 2215 2221 consilio

212 2248 315 2318 certa,
346 2238 448 2303 donec
470 2239 636 2304 vocatione
664 2239 881 2302 confirmetur.
926 2237 1090 2320 Equidem
1111 2260 1188 2304 con·

212 2327 337 2391 firmari
360 2347 426 2389 non
448 2333 498 2388 est
519 2324 663 2401 dubium,
686 2322 781 2388 modo
799 2323 861 2389 hoc
877 2324 977 2390 verbo
994 2323 1077 2387 nihil
1100 2324 1188 2388 aliud

212 2412 394 2494 intelligas,
423 2432 521 2492 quam
550 2416 583 2472 et
608 2410 810 2491 comprobari
838 2417 927 2474 certa
954 2410 1187 2489 testificatione,

213 2510 247 2563 et
274 2497 366 2562 velut
390 2496 496 2580 sigillo
524 2496 718 2578 consignari.
769 2493 838 2560 Sed
863 2495 945 2560 falso
972 2494 1090 2560 dieitur
1117 2503 1188 2560 tum

212 2605 283 2649 esse
311 2582 442 2646 demum
469 2582 649 2658 efficacem,
684 2589 855 2662 postquam
883 2581 1090 2663 evangelium
1119 2603 1188 2646 am·

212 2669 301 2752 plexi
323 2689 437 2733 sumus
459 2689 618 2749 suumque
639 2666 716 2735 inde
738 2668 884 2749 vigorem
906 2687 1043 2730 sumere.

300 2757 349 2816 25.
393 2753 510 2834 Atqui,
538 2760 575 2815 ut
602 2773 773 2834 perperam
800 2752 925 2817 iaciunt
945 2753 1001 2834 qui
1023 2752 1188 2818 electionis

212 2842 281 2908 vim
302 2837 506 2920 suspendunt
528 2860 548 2902 a
568 2837 632 2902 fide
653 2838 827 2920 evangelii,
851 2858 916 2920 qua
936 2838 971 2901 in
991 2837 1078 2902 illius
1101 2861 1188 2903 com·

177 2988 185 3007 ‚
211 2927 401 2991 munionem
427 2925 651 3006 pervenimus,
681 2925 728 2987 ita
751 2924 911 3005 optimum
932 2924 1114 2988 tenebimus
1136 2946 1196 2989 or-·

214 3012 324 3077 dinem
353 3011 395 3087 11,
429 3011 464 3073 in
491 3009 678 3091 quaerenda
704 3008 870 3074 electionis
898 3017 1029 3074 nostrae
1056 3011 1188 3075 certitu·

214 3097 305 3174 dine,
340 3097 372 3159 111
407 3096 447 3159 111
476 3096 578 3178 signis
605 3095 836 3177 posterioribus
863 3115 947 3177 quae
978 3102 1053 3160 sunt
1081 3109 1188 3160 certae

214 3183 284 3248 eius
308 3182 549 3246 testificationes
570 3181 771 3245 haereamus.
817 3180 918 3245 Nulla
938 3181 1118 3245 tentatione
1135 3182 1188 3247 vel

275 3269 348 3334 vius
371 3266 424 3333 vel
445 3266 656 3349 periculosius
674 3265 786 3331 fideles
803 3266 951 3348 percellit
968 3276 1075 3344 satan,
1090 3288 1188 3348 quam

236 3375 292 3420 um
313 3354 400 3436 ipsos
422 3374 499 3417 suae
524 3352 689 3418 electionis
711 3351 913 3416 dubitatione
938 3353 1122 3433 inquietans
1144 3354 1187 3418 si·

212 3440 281 3505 mul
307 3460 411 3522 prava
438 3439 508 3502 eius
537 3447 631 3502 extra
658 3439 746 3502 viam
772 3437 985 3519 inquirendae
1012 3437 1187 3520 cupiditate

213 3526 371 3592 sollicitat
416 3525 524 3588 1111111
550 3525 639 3588 viam
659 3523 822 3605 inquirere
843 3544 936 3600 voco,
964 3523 1019 3587 ubi
1040 3524 1075 3587 in
1097 3524 1187 3589 abdi·

213 3620 264 3676 tos
291 3611 421 3675 divinae
448 3610 626 3691 sapientiae
649 3631 795 3674 recessus
817 3629 1027 3690 perrumpere
1049 3609 1188 3674 homun-

214 3698 263 3762 oio
283 3704 427 3771 conatur,
449 3703 496 3772 et,
520 3717 583 3778 quo
604 3695 767 3777 intelligat
787 3693 865 3775 quid
887 3693 927 3760 de
949 3717 983 3759 se
1006 3696 1048 3758 sit
1069 3698 1188 3761 consti·

215 3789 322 3846 tutum
340 3780 425 3863 apud
443 3782 507 3845 Dei
525 3781 678 3859 tribunal,
697 3782 738 3845 ad
759 3801 947 3863 supremam
965 3802 1065 3862 usque
1084 3793 1188 3846 aeter-

215 3867 352 3932 nitatem
373 3876 551 3949 penetrare.
591 3868 683 3931 Tunc
701 3867 841 3931 enimse
859 3867 894 3930 in
911 3865 1109 3948 profundum
1126 3869 1188 3931 im·

213 3973 346 4018 mensae
367 3953 532 4034 voraginis
554 3951 791 4017 absorbendum
810 3953 1017 4034 praecipitat;
1039 3964 1116 4018 tunc
1137 3954 1188 4017 in·

214 4038 359 4103 numeris
393 4046 488 4119 atquc
526 4038 806 4119 inexplicabilibus
845 4039 968 4119 laqueis
1001 4059 1035 4103 se
1066 4038 1188 4118 induit;

214 4133 293 4190 tunc
316 4145 430 4190 caecae
453 4124 602 4206 caliginis
625 4124 740 4207 abysso
763 4145 798 4188 se
820 4124 978 4189 adobruit
1018 4121 1074 4190 sic
1100 4126 1187 4188 enim

214 4232 356 4293 aequum
383 4217 434 4275 est
461 4209 609 4273 horribili
635 4209 730 4274 ruina
757 4210 880 4292 ingenii
907 4209 1043 4274 humani
1064 4209 1187 4274 stolidi-

212 4303 314 4362 tatem
335 4296 454 4378 puniri,
478 4296 532 4359 ubi
551 4305 665 4376 suopte
683 4304 788 4361 marte
809 4317 979 4379 assurgere
999 4294 1041 4359 ad
1058 4294 1187 4360 divinae

213 4383 390 4465 sapientiae
419 4381 625 4445 altitudinem
650 4388 763 4446 tentat.
814 4383 927 4464 quue
955 4381 1115 4445 exitialior
1138 4388 1188 4445 est

211 4467 293 4534 haec
320 4469 471 4546 tentatio,
502 4466 587 4549 quod
614 4467 656 4531 ad
683 4467 810 4532 nullam
837 4467 936 4531 aliam
961 4467 1187 4549 propensiores

161 4565 169 4572 '
212 4555 314 4619 simus
335 4555 403 4618 fere
425 4575 546 4618 omnes.
591 4553 791 4618 Rarissimus
812 4553 899 4616 enim
922 4562 984 4629 111,
1008 4552 1099 4616 cuius
1121 4572 1188 4615 non

211 4639 376 4704 interdum
399 4641 529 4704 animus
553 4639 613 4704 hac
634 4639 828 4722 cogitatione
849 4639 999 4702 feriatur:
1023 4635 1111 4700 undo
1128 4637 1187 4701 tibi

212 4726 314 4803 salus,
348 4726 413 4790 nisi
444 4748 486 4790 cx
513 4726 648 4790 Domini
680 4721 858 4788 electione?
893 4722 1057 4787 electionis
1090 4744 1187 4804 porro

212 4831 294 4894 quae
314 4811 374 4874 tibi
396 4810 574 4877 revelatio?
609 4809 702 4889 Quae
724 4810 751 4872 si
775 4807 860 4890 apud
883 4808 1068 4890 quempiam
1086 4809 1187 4874 semel

212 4896 368 4975 invaluit,
396 4905 453 4961 aut
474 4897 554 4961 diris
575 4897 746 4961 tormentis
774 4894 930 4958 miserum
952 4902 1108 4976 perpetuo
1129 4917 1186 4960 ex·

213 4985 350 5060 cruciat,
378 4989 436 5046 aut
462 4981 570 5046 reddit
596 4982 727 5064 ponitus
755 4979 938 5045 attonitum.
983 4980 1082 5044 Nullo
1108 5003 1187 5046 sane

282 5254 312 5324 1)
329 5256 447 5308 ordinati
467 5253 540 5308 1553.
552 5272 603 5324 seq.
673 5253 704 5322 2)
723 5255 881 5309 electionem
899 5251 975 5306 1539.

1240 2238 1316 2302 sciri
1338 2238 1388 2302 fas
1410 2245 1467 2302 cst.
1498 2238 1549 2302 Ne
1571 2239 1623 2303 oui
1644 2244 1754 2302 autem
1776 2238 1925 2303 videatur
1941 2240 2109 2304 infirmum
2126 2241 2216 2306 istud

1239 2324 1474 2402 testimonium,
1514 2332 1701 2405 reputemus
1733 2333 1892 2405 quantum
1928 2331 1962 2389 et
1993 2324 2151 2392 claritatis
2183 2335 2217 2393 11

1240 2408 1444 2474 certitudinis
1466 2410 1558 2474 uobis
1581 2410 1705 2474 afferat.

1327 2498 1376 2558 26.
1421 2495 1572 2559 Primum
1594 2496 1621 2559 si
1642 2504 1814 2576 paternam
1830 2495 1895 2559 Dei
1915 2496 2121 2563 clementiam
2138 2520 2215 2580 pro-

1239 2581 1418 2663 pitiumque
1441 2582 1587 2645 animum
1608 2581 1802 2663 quaerimus,
1826 2581 1867 2644 ad
1885 2581 2056 2647 Christum
2080 2606 2215 2649 eonver-

1241 2666 1331 2731 tendi
1351 2673 1429 2730 sunt
1446 2666 1539 2743 oculi,
1561 2668 1598 2730 in
1615 2688 1677 2749 quo
1695 2666 1763 2731 solo
1782 2668 1884 2748 patris
1903 2669 2013 2732 anima
2031 2670 2211 2751 acquiescit

1241 2749 1280 2816 Si
1301 2751 1447 2830 salutem,
1471 2753 1573 2818 1111111
1590 2761 1624 2817 11
1640 2753 1734 2835 regni
1751 2751 1898 2818 coelestis
1919 2754 2213 2821 immortalitatem:

1240 2859 1307 2902 non
1330 2838 1392 2902 alio
1415 2847 1486 2901 tum
1507 2859 1632 2920 quoque
1650 2838 1902 2921 confugiendum
1919 2847 1977 2917 est,
2000 2840 2126 2922 quando
2143 2842 2216 2922 ipse

1241 2945 1326 2988 unus
1355 2931 1389 2988 11
1416 2925 1503 2989 vitae
1525 2925 1598 2988 fons
1620 2933 1684 3002 cst,
1708 2932 1741 2988 et
1762 2924 1876 2989 saluh's
1899 2947 2032 3004 ancora,
2061 2934 2094 2990 et
2119 2928 2216 3009 regni
2263 2992 2270 3001 ,

1241 3010 1404 3075 coelorum
1441 3009 1565 3074 haeres.
1617 3011 1691 3074 Iam
1722 3031 1877 3091 quorsum
1916 3012 2030 3075 electio
2062 3013 2214 3094 pertinet,

1241 3096 1305 3161 nisi
1326 3102 1364 3158 ut
1384 3096 1419 3159 in
1440 3095 1582 3159 filiorum
1603 3094 1711 3160 locum
1733 3117 1753 3159 a
1770 3096 1911 3161 Domino
1929 3099 2070 3179 cooptati
2090 3099 2127 3161 in
2145 3099 2216 3163 eius

1240 3181 1412 3246 dilectione
1446 3181 1585 3246 salutem
1613 3189 1646 3245 et
1677 3181 1955 3246 immortalitatem
1988 3183 2214 3249 obtineamus?

1241 3265 1490 3347 Quantumlibet
1517 3267 1666 3332 revolvas
1689 3276 1722 3331 et
1743 3267 1903 3345 excutias,
1926 3267 2080 3332 ultimum
2101 3277 2215 3334 tamen

1240 3354 1310 3417 eius
1333 3373 1466 3435 scopum
1492 3374 1559 3417 non
1580 3353 1668 3417 ultra
1694 3351 1828 3417 tendere
1855 3353 2026 3437 intelhges.
2069 3355 2216 3420 Proinde

1239 3460 1319 3522 quos
1350 3439 1443 3503 Deus
1478 3439 1539 3502 sibi
1570 3438 1654 3503 filios
1682 3439 1870 3519 assumpsit,
1899 3460 1963 3503 non
1991 3441 2026 3503 in
2052 3441 2132 3522 ipsis
2159 3463 2217 3506 eos

1240 3524 1359 3589 dicitur
1380 3523 1524 3607 elegisse,
1548 3524 1605 3589 sed
1627 3525 1661 3588 in
1673 3522 1806 3588 Christo
1823 3546 1895 3588 suo:
1919 3525 2079 3606 quianon
2095 3527 2159 3591 nisi
2179 3529 2217 3591 in

1240 3632 1277 3675 eo
1300 3632 1410 3674 amare
1431 3609 1504 3674 illos
1522 3617 1656 3692 poterat,
1680 3631 1739 3674 nec
1756 3611 1851 3692 regni
1868 3611 1919 3679 sui
1936 3611 2136 3676 haereditate
2155 3612 2215 3677 ho-

1240 3717 1370 3773 norare,
1394 3696 1457 3760 nisi
1480 3696 1550 3760 eius
1572 3703 1735 3760 consortes
1757 3706 1833 3760 ante
1854 3696 1963 3761 factos.
2010 3695 2106 3777 Quod
2128 3699 2216 3763 siin

1240 3804 1277 3847 eo
1300 3803 1413 3847 sumus
1435 3781 1537 3860 electi,
1561 3803 1627 3845 non
1649 3783 1684 3845 in
1706 3782 1799 3846 nobis
1816 3782 1895 3862 ipsis
1912 3784 2112 3864 reperiemus
2130 3784 2216 3849 elec·

1241 3869 1338 3933 tionis
1367 3875 1496 3932 nostrae
1522 3867 1765 3943 certitudinem
1798 3889 1836 3932 ac
1863 3889 1906 3931 ne
1932 3869 1967 3932 in
1988 3868 2060 3932 Deo
2082 3869 2217 3951 quidem

1241 3961 1347 4035 patre,
1381 3954 1409 4017 si
1441 3952 1567 4017 nudum
1603 3953 1697 4016 illum
1732 3953 1852 4034 absque
1884 3953 1951 4018 filio
1983 3955 2214 4036 imaginamur.

1240 4039 1393 4105 Christus
1421 4059 1498 4122 ergo
1526 4038 1694 4120 speculum
1722 4045 1772 4103 est
1796 4039 1832 4101 in
1853 4060 1917 4121 quo
1944 4039 2135 4104 electionem
2154 4062 2216 4106 no·

1240 4135 1343 4190 stram
1375 4124 1587 4206 contemplari
1619 4125 1784 4202 convenit,
1820 4131 1853 4187 et
1884 4125 1954 4190 sine
1981 4125 2095 4189 fraudo
2127 4126 2214 4191 11111

1241 4210 1352 4291 Quum
1374 4211 1461 4274 enim
1482 4211 1511 4274 is
1533 4211 1583 4288 sit,
1607 4211 1697 4274 cuius
1719 4211 1845 4292 corpori
1872 4211 2016 4275 inserere
2038 4211 2217 4276 destinavit

1240 4304 1333 4379 pater
1355 4317 1434 4378 quos
1456 4297 1497 4361 ab
1519 4307 1652 4360 aeterno
1674 4297 1777 4360 voluit
1796 4318 1866 4360 esse
1888 4318 1977 4375 suos,
1998 4305 2035 4360 ut
2055 4317 2114 4379 pro
2136 4297 2216 4363 filiis

1241 4383 1360 4447 habeat
1380 4388 1536 4464 quotquot
1556 4382 1643 4446 inter
1664 4383 1733 4447 eius
1755 4383 1903 4446 membra
1924 4382 2136 4466 recognoscit,
2159 4404 2216 4446 sa-

1239 4469 1281 4533 tis
1313 4468 1519 4550 perspicuum
1557 4467 1751 4550 firmumque
1785 4469 2007 4532 testimonium
2045 4467 2214 4550 habemus,

1239 4575 1298 4618 nos
1320 4555 1355 4616 in
1376 4553 1458 4617 libro
1477 4553 1563 4618 vitae
1581 4555 1717 4637 scriptos
1735 4575 1814 4631 esse,
1836 4554 1864 4616 si
1883 4576 1957 4617 cum
1976 4554 2107 4618 Christo
2125 4574 2216 4618 com-

1240 4640 1453 4704 municamus.
1503 4639 1606 4703 Porro
1634 4639 1689 4704 ille
1717 4645 1805 4703 certa
1832 4640 1884 4702 sui
1906 4640 2132 4703 communione
2154 4661 2214 4705 1111

1240 4724 1381 4804 donavit,
1405 4746 1505 4806 quum
1526 4746 1585 4806 per
1606 4725 1767 4807 evangelii
1784 4725 2056 4806 praedicationem
2075 4731 2215 4790 testatus

1239 4820 1289 4876 est
1317 4833 1352 4875 se
1379 4812 1472 4875 nobis
1495 4818 1635 4893 epatre
1657 4810 1784 4887 datum,
1812 4817 1850 4873 ut
1871 4832 1946 4875 curn
1974 4812 2041 4875 suis
2063 4811 2214 4876 omnibus

1240 4898 1332 4962 bonis
1357 4906 1468 4961 noster
1495 4905 1587 4962 esset
1632 4897 1707 4974 Ille,
1737 4897 1886 4976 inquam,
1914 4896 2007 4961 nobis
2028 4897 2119 4961 testis
2141 4897 2213 4975 finit,

1239 4982 1382 5047 filiorum
1407 4981 1477 5047 loco
1501 4982 1649 5046 habitum
1669 4983 1710 5046 iri
1731 5003 1751 5045 a
1800 4988 1870 5044 atro
1892 4982 2021 5046 coelesti
2042 5003 2170 5058 omnes,
2194 5004 2215 5047 a

1240 5068 1356 5150 quibus
1378 5068 1442 5131 fide
1464 5075 1611 5149 receptus
1633 5068 1738 5132 fuerit
1768 5002 1806 5131 gi
1828 5067 1905 5147 quid
1927 5067 2001 5149 plus
2020 5069 2213 5150 appetimus,

1240 5175 1338 5236 quam
1353 5160 1392 5217 ut
1411 5154 1498 5217 inter
1512 5154 1578 5217 Dei
1599 5153 1682 5217 filios
1703 5173 1894 5218 censeamur
1915 5161 1949 5216 et
1973 5152 2138 5230 haeredes,
2158 5174 2214 5216 su-

1238 5260 1300 5321 pra
1321 5237 1491 5304 Christum
1512 5238 1765 5303 conscendamus
1786 5237 1870 5304 licet
1904 5236 1942 5303 Si
1963 5238 2043 5304 haec
2060 5260 2216 5323 suprema
