4770 6030
169 346 229 408 109
840 342 941 411 ChP.
963 343 1025 410 Iv.
1067 344 1132 411 DE
1154 340 1493 411 ulammaus

166 533 228 598 hoc
247 539 309 610 est,
331 532 501 597 hominum
521 539 675 598 naturam
695 541 883 616 corruptam
902 552 982 610 esse,
1004 533 1145 614 putatio·

166 638 272 700 neque
294 618 416 684 habere
436 639 531 701 opus;
558 626 742 702 praeterea,
766 619 995 685 documentum
1017 639 1055 683 ac
1076 639 1145 683 me·
1515 621 1583 705 De
1614 621 1846 735 Baptisma

166 704 311 782 mariale,
333 725 398 788 quo
415 725 486 774 sese
505 705 738 782 confirmarent
754 706 790 768 in
808 705 1020 788 promissione
1037 704 1145 769 Abra·
1454 725 1458 734 ·
1767 756 1772 763 .

166 791 230 855 bae
250 789 342 868 data,
366 791 407 855 de
424 791 548 871 semine
565 790 750 869 benedicto,
772 792 810 855 in
826 812 890 872 quo
906 789 1145 855 benedicendae
1284 789 1475 873 Baptismus
1499 791 1594 856 nobis
1622 789 1735 855 a'Deo
1763 789 1859 856 datus
1880 795 1945 869 est,
1973 791 2117 872 primum
2138 798 2177 856 ut

167 883 277 942 essent
297 897 410 941 omnes
422 877 573 941 natones
595 888 710 954 terrae,
734 898 755 941 a
775 898 839 959 quo
860 885 894 942 et
915 897 975 940 sua
991 876 1071 958 ipsis
1088 876 1145 940 be-
1198 875 1275 940 fidei
1307 884 1438 942 nostrae
1464 876 1551 961 apud
1580 897 1630 954 se,
1663 875 1780 941 deinde
1807 883 1845 939 ut
1868 876 2060 941 confessioni
2088 876 2177 960 apud

166 961 308 1027 nediotio
328 961 532 1045 expectanda
553 969 625 1026 erat
646 962 746 1047 (Gen.
766 962 831 1046 22).
876 963 981 1026 Porro
1002 961 1145 1026 salutare
1198 961 1348 1026 homines
1374 964 1520 1028 serviret.
1569 962 1749 1045 Utriusque
1776 962 1989 1047 institutionis
2014 962 2176 1028 rationem

167 1047 249 1112 illud
270 1069 397 1124 semen,
419 1047 691 1130 quemadmodum
712 1070 732 1112 a
752 1048 862 1145 Paulq
879 1047 1033 1113 docemur
1053 1047 1144 1129 (Gal.
1198 1046 1311 1112 ordine
1328 1069 1569 1131 prosequemur.
1603 1049 1683 1113 Tria
1701 1055 1809 1113 autem
1829 1047 1936 1113 adfert
1951 1046 2028 1112 fidei
2044 1056 2176 1115 nostrae

170 1135 219 1218 3),
247 1141 318 1198 erat
340 1134 508 1211 Christis,
542 1135 576 1198 in
599 1156 662 1217 quo
684 1134 751 1199 solo
780 1140 966 1216 recepturos
988 1155 1023 1199 se
1045 1135 1145 1198 confi·
1200 1134 1379 1217 baptismus
1430 1156 1512 1218 quae
1549 1142 1586 1200 et
1625 1135 1697 1217 ipsa
1741 1133 1908 1218 sigillatim
1945 1134 2176 1217 pertractanda

169 1219 297 1296 debant,
320 1220 407 1302 quod
427 1220 463 1283 in
484 1219 594 1284 Adam
614 1219 832 1302 perdiderant.
863 1218 976 1300 Quare
992 1219 1058 1284 illis
1075 1229 1147 1285 erat
1198 1228 1283 1285 sunt
1327 1220 1401 1286 Hoo
1422 1222 1565 1304 primum
1587 1230 1649 1297 est,
1673 1220 1759 1303 quod
1781 1219 1873 1285 nobis
1895 1241 1916 1284 a
1936 1220 2079 1285 Domino
2099 1241 2175 1302 pro-

168 1306 378 1383 circumoisio,
396 1305 482 1388 quod
493 1305 648 1371 Abrahae
664 1306 764 1370 fiiisse
780 1304 882 1370 tradit
890 1305 1016 1370 Paulus
1034 1306 1143 1391 (Rom.
1198 1306 1338 1388 ponitur,
1360 1314 1399 1370 ut
1420 1307 1604 1392 symbolum
1626 1308 1669 1371 sit
1690 1317 1820 1371 nostrae
1841 1306 2044 1390 purgationis
2061 1326 2100 1372 ao
2118 1305 2183 1372 do··

168 1391 215 1476 4),
239 1391 452 1474 signaculum
465 1391 588 1456 scilicet
608 1393 751 1456 iustitiae
772 1391 858 1470 fidei,
881 1391 942 1457 hoe
962 1401 1026 1470 est,
1055 1391 1145 1475 sigil-
1198 1401 1401 1472 oumentum;
1423 1393 1486 1467 vel,
1509 1401 1546 1457 ut
1566 1392 1684 1456 melius
1706 1391 1920 1475 explicemus,
1941 1392 2047 1456 instar
2068 1392 2176 1458 nuntii

168 1477 239 1541 lum
266 1497 330 1559 quo
357 1478 478 1542 certius
505 1479 791 1542 confirmarentur:
820 1499 914 1542 suam
934 1476 1049 1556 fidem,
1081 1499 1146 1561 qua
1198 1477 1366 1543 cuiusdam
1387 1479 1544 1555 mittitur,
1571 1498 1631 1560 per
1651 1499 1747 1561 quem
1776 1478 1869 1543 nobis
1891 1479 2077 1555 confirmet,
2099 1499 2176 1561 peo-

168 1583 281 1628 semen
308 1563 417 1645 ipsum
443 1563 672 1645 expectabant,
701 1564 763 1628 sibi
790 1585 811 1629 a
836 1564 908 1628 Deo
935 1584 994 1645 pro
1021 1563 1146 1628 iustitia
1197 1572 1271 1628 cata
1291 1573 1404 1629 nostra
1420 1565 1530 1628 omnia
1546 1564 1592 1628 sio
1612 1563 1728 1642 deleta,
1745 1563 1888 1642 inducta,
1906 1562 2077 1628 obliterata
2094 1584 2175 1644 esse,
2204 1570 2209 1576 ’

168 1657 334 1731 acceptam
360 1649 447 1713 ferri.
497 1649 703 1731 Baptismota
729 1656 763 1714 et
788 1650 1030 1732 purificationes
1051 1671 1146 1714 suam
1197 1670 1239 1713 ne
1260 1670 1406 1732 unquam
1430 1650 1466 1713 in
1493 1659 1701 1733 conspectum
1728 1671 1825 1714 sunm
1845 1649 1994 1727 veniant,
2023 1670 2065 1713 ne
2087 1669 2175 1715 oom-

168 1734 233 1798 illis
259 1734 515 1811 immunditiem,
539 1735 742 1817 spurcitiam,
770 1735 982 1818 pollutionem
1003 1756 1145 1818 expone·
1197 1743 1434 1815 memorentur,
1461 1757 1504 1799 ne
1533 1736 1750 1818 imputentur3
1782 1735 1856 1800 vult
1876 1735 1964 1800 enim
1985 1754 2098 1800 omnes
2119 1735 2175 1818 qul

168 1821 261 1897 bant,
291 1841 357 1903 qua
381 1822 417 1884 in
444 1841 504 1885 sua
531 1829 651 1885 natura
677 1822 889 1886 contaminati
915 1828 1022 1900 erant;
1056 1819 1145 1885 aliud
1198 1819 1409 1898 crediderint,
1448 1822 1605 1903 baptisari
1642 1822 1678 1886 in
1710 1822 1934 1886 remissionem
1968 1828 2176 1905 peccatorum

168 1927 246 1972 vero
267 1905 436 1972 lavacrum
453 1906 697 1988 pollicebantur,
717 1928 781 1990 quo
800 1928 913 1971 omnes
936 1916 1145 1990 extergeren·
1199 1906 1332 1992 (Matth.
1351 1906 1409 1972 ult
1432 1909 1505 1972 Act
1525 1908 1569 1991 2).

168 1999 223 2056 tur
243 1998 277 2055 et
297 1991 508 2057 abluerentur
527 2013 640 2056 eorum
660 1992 772 2058 sordes
794 1993 911 2078 (Hebr.
926 1997 954 2057 9.
982 1992 1101 2058 lIoan.
1116 1997 1143 2056 1.
1284 1990 1410 2073 Quare,
1433 1994 1489 2075 qui
1511 1994 1652 2059 scribere
1679 1994 1751 2058 ausi
1772 1998 1863 2070 sunt,
1889 1991 2088 2074 baptismum
2108 2012 2176 2058 non

168 2079 269 2160 Apoe.
297 2076 339 2161 1).
394 2079 441 2142 Ει
471 2078 534 2144 hoc
561 2078 730 2143 lavacrum
752 2078 906 2144 Christus
934 2086 1020 2155 erat,
1054 2079 1146 2145 ouius
1199 2075 1288 2143 aliud
1310 2099 1501 2161 essequam
1522 2089 1680 2144 tesseram
1702 2101 1740 2144 ao
1759 2087 1881 2155 notam,
1903 2099 1969 2161 qua
1986 2075 2177 2162 religionem

167 2164 329 2248 sangnine
355 2163 472 2242 abluti,
500 2165 592 2229 ouius
619 2163 722 2229 livore
743 2166 849 2230 saneti
873 2162 913 2251 [p.
932 2162 1008 2266 216]
1033 2185 1146 2230 sumus
1198 2172 1345 2228 nostram
1364 2163 1452 2247 apud
1462 2164 1610 2229 homines
1631 2162 1761 2251 [pute]
1781 2165 1980 2247 profitemur,
2000 2185 2064 2245 quo
2077 2163 2174 2229 modo

168 2248 247 2334 (les.
268 2254 318 2312 53.
352 2251 476 2314 lPetr.
496 2248 541 2334 2).
591 2247 761 2315 Sacrificio
780 2251 860 2324 ,illos
888 2271 966 2315 snae
992 2251 1145 2332 miquite-
1198 2250 1404 2332 imperatoris
1429 2251 1481 2315 sui
1507 2251 1649 2334 insignia
1676 2251 1866 2333 praeferrmt
1892 2249 2011 2314 milites
2036 2251 2072 2313 in
2098 2268 2176 2317 suaa

169 2336 213 2400 tis
234 2335 429 2418 arguebant,
458 2335 618 2418 simulque
647 2335 807 2401 docebant
832 2337 1049 2401 necessariam
1075 2357 1146 2401 esse
1198 2335 1406 2419 professionis
1427 2344 1553 2415 notam,
1581 2335 1666 2418 quod
1688 2336 1831 2418 primum
1858 2342 1930 2400 erat
1956 2337 1992 2400 in
2013 2336 2176 2419 baptismo

170 2420 312 2502 aliquam
329 2421 591 2500 satisfactionem,
613 2443 696 2503 quae
713 2422 856 2486 institiae
873 2422 937 2486 Dei
955 2423 1144 2487 solveretur.
1197 2442 1264 2485 non
1274 2420 1534 2571 perpenderunt
1578 2421 1619 2486 Id
1639 2442 1719 2486 vero
1740 2426 1805 2499 est,
1828 2421 1914 2504 quod
1936 2423 2070 2487 anobis
2092 2422 2175 2488 acci·

168 2506 256 2571 Fore
272 2527 351 2590 ergo
368 2527 533 2571 summum
546 2507 709 2590 quendam
726 2509 921 2590 pontificem,
940 2508 1026 2573 inter
1035 2509 1145 2573 Deum
1197 2508 1274 2590 pion
1296 2529 1336 2572 us
1357 2508 1401 2573 sit
1422 2528 1497 2574 oum
1525 2507 1586 2574 hae
1612 2507 1837 2591 promissione:
1867 2507 2049 2590 quicunque
2071 2506 2175 2574 credi·

168 2600 204 2657 et
224 2591 373 2658 homines
393 2592 620 2671 mediatorem,
648 2595 703 2677 qui
725 2594 790 2658 Dei
812 2594 953 2658 iustitiae
980 2593 1145 2660 satisface-
1198 2593 1307 2657 derint
1334 2600 1368 2658 et
1393 2594 1546 2676 baptisati
1579 2594 1701 2658 fiterint
1728 2592 1835 2658 salvos
1862 2593 1931 2657 lore
1953 2593 2070 2676 (Maro.
2089 2593 2174 2695 ult).

169 2685 221 2744 ret
245 2699 306 2761 per
327 2679 495 2762 sanguinis
517 2679 724 2758 effusionem,
746 2701 784 2745 ao
805 2679 930 2745 hostiae
951 2679 1145 2744 immolatio-
1198 2679 1240 2743 In
1261 2678 1350 2744 lumo
1371 2701 1504 2744 sensum
1525 2677 1788 2763 intelligendum,
1816 2677 1902 2761 qnod
1925 2699 1945 2742 a
1965 2679 2071 2743 Paulo
2095 2700 2175 2744 son-

168 2785 246 2829 nem
266 2784 350 2845 quae
370 2765 406 2828 in
427 2766 650 2830 remissionem
667 2773 873 2848 peccatorum
891 2765 1078 2849 accipienda
1094 2787 1146 2831 es-
1197 2765 1286 2829 bitur
1308 2764 1409 2850 (Eph.
1430 2765 1479 2851 5):
1502 2765 1672 2832 eeclesiam
1694 2786 1714 2830 a
1736 2784 1853 2847 sponso
1875 2763 2008 2829 Christo
2030 2765 2174 2829 sanetifi-

169 2858 228 2915 set
272 2849 338 2916 Hio
359 2872 506 2915 summus
528 2851 679 2917 sacerdos
704 2852 767 2916 luit
787 2851 955 2930 Christus,
977 2853 1146 2935 proprium
1198 2857 1306 2916 oetam
1333 2872 1404 2916 esse
1432 2859 1465 2915 et
1495 2851 1688 2916 mundatam
1714 2850 1845 2916 lavacro
1873 2870 1991 2933 aquae,
2018 2850 2053 2914 in
2075 2850 2175 2915 verbo

170 2937 242 3018 ipse
263 2938 456 3020 sanguinem
477 2936 606 3015 effudit,
628 2938 762 3002 victima
781 2938 852 3021 ipse
872 2938 935 3002 fuit
961 2937 1080 3023 (Epist
1104 2936 1147 3002 ad
1198 2936 1300 3015 vitae;
1325 2944 1360 3000 et
1380 2936 1458 3002 alibi
1480 2935 1559 3022 (vit.
1582 2937 1632 3021 3):
1661 2958 1723 3002 nos
1751 2935 1930 3002 seormdum
1951 2937 2021 3001 eius
2047 2935 2175 3000 miseri·

169 3020 298 3106 Heba).
332 3019 378 3087 Se
409 3023 497 3086 enim
523 3024 609 3105 patri
634 3023 837 3088 obedientem
866 3025 900 3088 in
927 3029 1067 3088 mortem
1090 3023 1146 3089 ob·
1198 3021 1343 3088 cordiam
1364 3023 1472 3088 salvos
1492 3023 1595 3089 factos
1616 3044 1702 3101 esse,
1731 3044 1790 3106 per
1811 3022 1980 3089 lavacrum
2001 3042 2175 3106 regenero-

169 3107 259 3185 tulit,
288 3129 355 3191 qua
379 3108 562 3173 obedientia
588 3108 730 3174 hominis
757 3107 1011 3174 inobedientiam
1038 3108 1146 3174 abole-
1198 3109 1296 3173 tionis
1327 3116 1362 3172 et
1393 3109 1613 3175 renovationis
1641 3109 1775 3191 spiritus
1808 3109 1927 3188 saucti;
1961 3116 1994 3172 et
2025 3129 2046 3173 a
2074 3108 2175 3173 Petro

169 3195 233 3273 vit,
261 3214 344 3277 quae
364 3195 429 3260 Dei
456 3193 713 3278 indignationem
734 3203 969 3278 provocaverat
990 3194 1091 3280 (Phil.
1116 3198 1144 3259 2.
1199 3194 1232 3280 (l
1252 3195 1341 3259 Patr.
1360 3193 1410 3277 3):
1439 3194 1525 3278 quod
1552 3195 1716 3279 baptisma
1741 3216 1801 3260 nos
1828 3194 1936 3260 salvos
1963 3194 2049 3259 lacit
2100 3193 2176 3260 Non

169 3280 265 3345 Rom.
284 3279 329 3364 5).
1199 3281 1288 3345 enim
1314 3280 1499 3365 significare
1525 3281 1630 3346 voluit
1655 3281 1728 3360 ille,
1756 3280 1954 3345 ablutionem
1976 3288 2010 3345 et
2035 3278 2175 3345 salutem

256 3364 427 3447 Quantum
454 3364 497 3430 ad
523 3373 635 3431 nostra
663 3368 792 3432 attinet:
822 3367 994 3433 Christum
1020 3387 1059 3432 eo
1080 3367 1147 3434 ola·
1198 3374 1345 3432 nostram
1366 3366 1586 3433 intercedente
1615 3387 1700 3451 aqua
1725 3367 1851 3449 perfici,
1880 3373 1938 3430 aut
1959 3386 2077 3448 aquam
2096 3385 2175 3446 pur·

169 3452 239 3517 rius
260 3453 355 3517 uobis
373 3452 523 3529 offenmt,
546 3472 609 3535 quo
626 3454 759 3539 propius
776 3455 1003 3519 manifestatus
1020 3461 1072 3518 est
1088 3454 1147 3519 ho·
1199 3452 1313 3537 gandi,
1336 3452 1567 3537 regenerandi,
1601 3451 1780 3520 renovandi
1805 3453 2058 3516 instrumentum
2088 3470 2175 3530 esse3

169 3538 312 3603 minibus
318 3556 335 3616 ;·
350 3559 391 3601 ex
411 3559 474 3619 quo
497 3559 518 3602 a
537 3546 735 3620 patravere,
756 3539 861 3622 qualis
883 3540 1061 3622 promissus
1076 3540 1147 3604 fue-
1198 3560 1303 3623 nequo
1326 3539 1388 3618 hio,
1412 3540 1527 3605 salutis
1548 3560 1695 3617 cansam,
1718 3537 1776 3605 sed
1798 3537 1959 3603 duntaxat
1979 3535 2095 3601 talium
2116 3534 2174 3604 do·

170 3631 232 3701 rat,
256 3623 422 3689 exhibitus
442 3623 512 3688 fuit.
552 3625 723 3707 Baptisma
742 3625 830 3689 enim
847 3625 939 3690 nobis
961 3623 1046 3708 quod
1069 3646 1147 3708 pur·
1199 3646 1317 3690 norum
1346 3626 1564 3709 cognitionem
1591 3633 1624 3690 et
1650 3623 1878 3691 certitudinem
1909 3624 1945 3687 in
1977 3619 2038 3687 hoo
2065 3639 2176 3687 sacra

170 3710 239 3793 goti
261 3719 296 3774 et
317 3710 419 3775 abluti
440 3731 553 3775 sumus
569 3712 776 3790 testificatum
798 3733 899 3776 coena
920 3711 1145 3790 eucharistiae,
1198 3719 1309 3776 mento
1330 3712 1417 3794 perci
1441 3712 1467 3789 i,
1490 3711 1576 3794 quod
1596 3711 1707 3776 verbis
1727 3710 1807 3792 ipsis
1827 3709 1907 3774 sans
1928 3706 2097 3773 evidenter
2118 3729 2175 3773 ex·

171 3795 257 3879 quod
282 3795 457 3877 redempti;
487 3796 521 3859 in
549 3817 633 3879 aqua
658 3798 821 3881 figuratim
848 3797 985 3875 ablutio,
1013 3798 1049 3861 in
1070 3819 1146 3863 san·
1198 3796 1346 3880 plicatur.
1424 3817 1478 3861 um
1500 3797 1637 3862 verbum
1659 3798 1761 3873 vitae,
1788 3802 1822 3860 et
1841 3795 2040 3877 baptismum
2063 3815 2175 3876 aquae,

170 3883 270 3965 guine
291 3881 476 3947 satisfmtio.
516 3881 609 3947 Haeo
631 3881 695 3947 duo
717 3879 760 3947 in*
774 3883 907 3948 Christo
928 3883 1145 3965 reperiuntur,
1199 3882 1296 3947 simul
1319 3883 1483 3946 connectit
1503 3881 1628 3946 Paulus
1656 3903 1694 3946 ao
1722 3881 1907 3946 sidiceret:
1936 3901 1996 3962 por
2021 3879 2176 3964 Evange-

170 3968 241 4050 qui,
264 3976 302 4032 ιιι
322 3968 369 4032 ait
389 3967 530 4032 Ioannes
557 3968 590 4051 (l
611 3968 699 4032 Ioan.
717 3968 809 4054 ult),
836 3969 928 4034 vonit
951 3969 987 4032 in
1008 3989 1092 4051 aqua
1113 3978 1147 4033 et
1198 3967 1280 4032 lium
1298 3968 1391 4033 nobis
1413 3975 1544 4032 nostrae
1566 3966 1740 4032 ablutionis
1760 3974 1794 4031 et
1810 3966 2073 4032 sanctificationis
2091 3986 2175 4030 nun·

171 4054 340 4136 sanguine,
363 4052 425 4118 hoo
446 4061 504 4131 est,
527 4061 565 4117 ut
585 4063 742 4137 purgaret
763 4064 797 4119 et
818 4054 1012 4119 redimeret·
1043 4054 1146 4120 Cium
1199 4054 1286 4120 oium
1307 4053 1427 4132 afferri,
1448 4073 1509 4136 per
1524 4053 1723 4135 baptismum
1741 4051 1928 4117 huiusmodi
1944 4053 2102 4117 nuncium
2119 4051 2174 4115 ob·
2247 4120 2251 4131 ,

170 4140 220 4203 rei
240 4140 333 4204 testis
353 4160 479 4222 quoque
501 4147 552 4203 est
572 4140 705 4222 spiritus
726 4141 799 4218 Dei,
821 4142 886 4206 imo
907 4148 975 4205 tres
991 4141 1026 4204 iu
1044 4161 1146 4205 unum
1199 4141 1330 4223 signari.
1375 4140 1422 4204 Et
1442 4138 1553 4206 subdit
1573 4139 1725 4204 continuo
1746 4140 1882 4204 Petrus:
1911 4138 2073 4220 baptisma
2094 4135 2175 4200 illud

170 4232 249 4289 sunt
275 4231 387 4290 testes:
422 4245 520 4307 aqua,
548 4226 682 4309 sanguis
709 4234 743 4290 et
770 4228 919 4309 spiritum
951 4227 985 4290 in
1008 4248 1093 4309 aqua
1114 4233 1148 4291 et
1197 4246 1264 4290 non
1283 4247 1354 4291 esse
1376 4225 1609 4308 depositionem
1631 4223 1775 4290 sordium
1792 4225 1910 4302 carnis,
1932 4223 1990 4290 sed
2010 4223 2174 4294 conscien-

171 4311 331 4393 sanguine
352 4310 555 4394 purgationis
576 4319 610 4375 et
631 4309 862 4394 redemptionis
879 4312 1038 4377 habemus
1055 4313 1147 4378 testi·
1198 4313 1279 4376 tiam
1298 4312 1418 4376 bonam
1440 4310 1526 4394 apud
1547 4312 1666 4389 Deum,
1686 4332 1770 4394 quae
1792 4332 1833 4375 ex
1855 4309 1920 4374 fide
1942 4319 2000 4374 est

170 4397 331 4473 monium,
359 4398 492 4479 spiritus
519 4418 597 4461 vero
645 4398 797 4463 rimarius
824 4399 932 4476 testis,
961 4397 1147 4462 huiusmodi
1225 4424 1231 4434 ·
1284 4398 1398 4480 Neque
1423 4418 1502 4462 vero
1523 4396 1776 4462 existimandum
1801 4393 1841 4483 [p.
1863 4393 1939 4481 219]
1961 4401 2025 4472 est,
2051 4392 2174 4474 baptis·

170 4483 348 4546 tostimonii
364 4491 488 4548 certam
508 4479 548 4568 [p.
561 4419 644 4570 alvi
657 4483 750 4549 nobis
766 4483 866 4548 fidem
882 4485 968 4548 facit.
998 4482 1146 4548 Sublime
1198 4505 1254 4548 ma
1274 4485 1309 4548 iu
1330 4484 1542 4567 praeteritum
1565 4482 1726 4547 duntaxat
1744 4491 1873 4565 tempus
1891 4479 2039 4554 conferri,
2062 4487 2099 4541 ut
2116 4498 2173 4541 no-

171 4567 259 4632 istud
287 4569 480 4653 mysterium
511 4569 678 4650 praeclare
710 4570 803 4635 nobis
835 4571 870 4634 in
897 4569 1023 4635 Christi
1050 4591 1146 4635 cruce
1199 4571 1249 4636 vis
1270 4569 1424 4652 lapsibus,
1447 4570 1483 4633 in
1503 4589 1584 4652 quos
1606 4589 1626 4632 a
1647 4569 1843 4653 baptismate
1863 4565 2051 4642 recidimus,
2074 4584 2174 4646 quae·

171 4661 337 4720 ostensum
365 4663 427 4719 est:
457 4675 533 4719 cum
560 4675 645 4737 aqua
670 4662 704 4719 et
728 4656 863 4740 sanguis
884 4656 1082 4720 effluxerunt
1104 4677 1145 4720 ex
1199 4654 1303 4720 reuda
1328 4656 1395 4721 sint
1417 4654 1481 4719 alia
1507 4676 1593 4719 nova
1621 4653 1773 4719 remedia.
1818 4652 1891 4716 Hoc
1912 4649 2042 4733 quidem
2064 4669 2174 4714 errore

171 4760 263 4804 sacro
284 4741 354 4805 eius
375 4740 478 4804 latere
500 4739 604 4824 (Ioan.
621 4740 683 4824 19).
719 4740 825 4822 Quod,
846 4761 920 4806 cam
941 4741 982 4806 ob
1004 4761 1145 4819 oausam,
1199 4741 1277 4806 olim
1302 4742 1425 4807 factum
1452 4748 1516 4819 est,
1545 4748 1584 4804 ut
1612 4739 1774 4817 nonnulli,
1804 4738 1867 4801 nisi
1893 4737 1928 4800 iu
1950 4733 2065 4799 ultimo
2086 4735 2174 4800 vitae

171 4825 241 4889 iure
268 4827 474 4908 Augustinus
507 4833 784 4892 sacramentorum
811 4834 996 4891 nostronrm
1023 4827 1147 4891 fontem
1200 4826 1385 4892 discrimine
1407 4833 1503 4909 atque
1524 4825 1605 4891 adeo
1630 4825 1717 4889 inter
1744 4824 1876 4888 ultimos
1898 4821 2030 4904 spiritus
2050 4821 2173 4903 baptis-

170 4912 308 4976 vooavit.
327 4911 351 4995 ¹)
395 4913 448 4976 De
469 4911 586 4995 quibus
614 4918 724 4978 tamen
745 4912 842 4996 paulo
861 4913 965 4978 frisius
986 4911 1147 4978 disseren·
1199 4930 1253 4976 mo
1278 4911 1400 4977 initiari
1433 4912 1572 4990 nollent,
1605 4918 1644 4975 ut
1675 4911 1721 4975 sio
1749 4910 1847 4973 totius
1874 4908 1962 4974 vitae
1990 4907 2175 4973 obtinerent

173 4994 249 5061 dum
271 5004 329 5063 est.
1199 4999 1360 5064 veniam..
1394 4997 1451 5064 Sia
1489 5005 1600 5062 autnn
1637 4993 1846 5079 cogitandum
1879 5000 1941 5058 ost:
1982 5011 2173 5075 quocunque

1198 5084 1400 5167 baptisemur
1431 5092 1592 5165 tempore,
1624 5102 1684 5146 nos
1698 5076 1816 5145 ‘semel
1848 5079 1882 5144 in
1914 5099 2044 5143 omnem
2069 5078 2174 5142 vitam

1200 5170 1287 5235 ablui
1309 5178 1342 5234 et
1361 5170 1505 5254 purgari.
1544 5168 1660 5250 Itaque
1682 5165 1808 5249 quoties
1828 5165 1912 5248 lapsi
1932 5164 2098 5242 fuerimus,
2121 5185 2173 5228 re·

240 5271 270 5336 1)
288 5272 374 5340 Saepo
391 5272 443 5325 hoc
460 5271 532 5342 apuu
550 5273 620 5341 Aug.
638 5272 745 5341 legiam.
1198 5255 1339 5340 petenda
1371 5257 1433 5320 erit
1458 5254 1611 5337 baptismi
1641 5251 1800 5317 memoria
1830 5259 1864 5315 et
1896 5251 1958 5317 hae
1996 5248 2174 5316 armandus

172 5169 375 5180 ...μή
407 5169 409 5174 .
