4770 6030
985 341 1351 408 PROLEGOMENA.
2060 344 2166 411 XXV

323 533 364 597 In
392 533 590 615 praefatione
617 533 842 598 commentarii
868 531 919 597 sui
944 532 980 595 in
1006 530 1169 609 Psalmos,
1200 551 1333 613 exque
1359 531 1461 610 Bona
1489 552 1572 615 quae
1598 530 1639 596 de
1667 532 1791 614 origine
1819 533 2037 599 Institutionis
2059 533 2164 611 affert,

167 666 289 728 magna
310 666 352 709 ex
374 650 466 726 parte
486 644 634 709 hausisse
655 643 800 722 videtur,
828 643 986 709 Calvinus
1007 650 1179 725 postquam
1201 641 1240 705 de
1263 643 1369 708 causis
1391 643 1459 726 egit
1479 663 1562 726 quae
1583 643 1691 725 ipsum
1715 643 1757 707 ad
1783 644 1874 708 illam
1898 645 2166 710 conscribendam

165 755 382 838 impulerunt,
409 755 498 820 hisco
526 756 631 819 utitur
651 755 773 820 verbis:
806 753 912 835 Neque
941 753 1024 818 euim
1051 753 1182 817 &nsum
1202 752 1256 818 boc
1275 758 1303 818 el
1323 753 1511 818 laboriosum
1537 774 1628 836 opus,
1654 755 1745 836 quale
1765 775 1848 819 uuuc
1867 759 1979 834 easlcl,
2005 756 2060 821 scd
2080 757 2166 822 breue

166 868 320 932 (immol
336 865 526 932 uuluam
547 864 672 931 luuc'c'u
693 867 790 931 lucen
805 866 940 947 prodiit,
968 884 1062 944 sueque
1083 865 1118 928 lu
1139 864 1239 929 olium
1258 866 1352 945 ficiem
1377 866 1442 930 crisi
1463 871 1498 930 ut
1518 870 1627 930 testula
1647 872 1723 930 esset
1743 886 1849 931 cauci
1867 867 1961 948 fides,
1989 887 2064 947 quos
2085 868 2166 934 cide·

167 978 239 1044 bom
259 978 299 1043 cb
320 978 430 1059 impiis
451 982 479 1042 et
493 978 626 1060 persidis
647 976 859 1042 musaeus
880 976 1021 1041 accurate
1035 975 1221 1057 prosciudl'
1252 975 1369 1057 Pocae,
1390 998 1432 1071 occ
1447 977 1643 1058 prcposdm
1663 983 1739 1042 esset
1759 977 1838 1041 mibi
1856 977 1979 1059 famam
2001 980 2165 1060 aucupari,

161 1092 268 1174 poluit
288 1110 327 1154 ec
344 1088 429 1153 brem
448 1089 593 1168 discessu
610 1090 796 1170 proesemm
816 1107 912 1169 quum
933 1108 1018 1152 curuo
1040 1086 1104 1150 illie
1124 1087 1247 1151 sciverit
1268 1109 1316 1152 oue
1336 1094 1474 1153 autorem
1494 1109 1567 1154 esse.
1611 1089 1698 1170 Quod
1717 1089 1811 1153 etiam
1832 1089 1910 1154 olibi
1933 1109 2051 1170 semper
2072 1089 2166 1154 dissi-

167 1202 296 1280 mucci,
318 1205 345 1266 el
365 1201 400 1264 iu
421 1200 527 1288 ausimo
548 1205 614 1264 eol
634 1200 716 1264 idem
737 1200 912 1265 institutum
928 1199 1090 1280 prosequi,
1113 1198 1205 1264 derue
1229 1199 1383 1278 Geuevoe,
1405 1221 1467 1263 uon
1487 1204 1551 1264 lom
1572 1200 1697 1264 oonsilio
1719 1200 1764 1264 cel
1785 1200 1921 1279 balatu,
1943 1220 2038 1281 quum
2057 1200 2166 1280 forcul-

167 1311 266 1378 dobili
296 1310 460 1376 Guilc'elmi
487 1310 608 1375 Forelll
634 1310 825 1375 obtestatione
850 1316 983 1376 retentus
1004 1331 1075 1374 sum
1101 1331 1138 1374 oc
1163 1311 1193 1375 si
1214 1309 1305 1376 Deus
1326 1311 1488 1376 vuleulom
1508 1310 1587 1376 mibi
1608 1332 1625 1376 e
1645 1311 1722 1376 cocle
1743 1332 1871 1376 meeum
1892 1312 2044 1390 inliceret,
2068 1320 2162 1377 caett

167 1424 261 1489 Haec
281 1423 437 1507 leguntur
465 1422 500 1485 in
521 1421 661 1486 editione
689 1421 777 1487 illius
799 1422 1024 1488 commentarii
1045 1443 1073 1487 a
1099 1426 1189 1486 1557.
1213 1422 1284 1486 Fol.
1308 1422 1341 1505 iij
1354 1445 1379 1487 r.
1431 1421 1666 1506 subiungimus
1694 1422 1872 1488 eorrmdem
1900 1423 2073 1489 vorborum
2095 1424 2165 1507 gal·

168 1535 265 1601 licam
287 1533 648 1616 interpretationem'si
668 1554 734 1602 non
757 1533 797 1598 ab
819 1534 889 1615 ipso
911 1531 1064 1613 Calvino,
1088 1543 1123 1599 at
1144 1541 1254 1598 tamen
1276 1555 1313 1599 eo
1333 1535 1507 1617 superstite
1529 1547 1563 1599 et
1583 1534 1776 1617 inspiciente
1795 1534 1931 1612 factam,
1954 1542 1988 1599 et
2009 1535 2165 1600 Genevao

168 1667 189 1712 a
210 1645 361 1711 Conrado
383 1644 488 1709 Badio
511 1665 538 1709 a.
565 1647 644 1708 1561
669 1644 804 1721 editum,
833 1665 895 1726 quo
917 1645 1037 1710 certius
1059 1646 1180 1723 autoris
1202 1653 1346 1710 mentem
1368 1645 1408 1710 do
1429 1645 1504 1711 libri
1526 1646 1579 1711 sui
1599 1646 1778 1728 originibus
1800 1647 1971 1711 referentis
1990 1648 2165 1728 perspicia·

168 1779 256 1822 mus:
288 1806 424 1820 ......
446 1756 491 1822 Or
511 1777 569 1837 pue
590 1757 619 1819 ie
639 1757 757 1821 u’eusse
772 1757 862 1838 pecul
883 1741 914 1819 ce
934 1755 987 1819 bul
1007 1756 1045 1820 de
1065 1777 1111 1820 cuc
1132 1762 1282 1821 mouslrer
1303 1762 1330 1821 el
1352 1758 1495 1838 aequeris
1515 1757 1606 1836 auu,
1628 1757 1658 1823 le
1679 1757 1706 1822 lc
1727 1756 1850 1840 denuc
1871 1757 1938 1823 Meu
1959 1759 1980 1822 ἀ
2001 1759 2166 1842 mycoistre

162 1891 229 1952 por
250 1889 282 1934 ee
302 1869 536 1948 pu’iucouliueru
557 1888 649 1950 apres
670 1869 699 1932 c’e
719 1888 767 1932 use
787 1868 904 1949 reliray
925 1867 962 1931 de
982 1867 1031 1945 ld,-
1057 1869 1135 1930 ioicu
1155 1873 1346 1932 mmmecuul
1367 1889 1425 1950 que
1440 1889 1593 1950 perscitus
1608 1862 1652 1933 'ue
1672 1873 1753 1933 sceul
1775 1870 1807 1933 lui
1828 1891 1885 1951 que
1905 1871 1965 1934 l'eo
1983 1871 2070 1950 fusse
2091 1870 2167 1951 lou·

168 1981 274 2061 lbeur;
296 2000 407 2045 mmcce
427 1980 517 2043 aussi
532 1984 661 2060 poubul
681 1979 811 2044 oilleurs
832 1979 861 2043 le
881 1979 949 2042 c'eu
970 1999 1012 2060 cy
1027 1980 1117 2059 point
1135 1981 1197 2060 fail
1217 1980 1255 2044 cle
1275 1979 1430 2057 semblent,
1453 1986 1481 2044 el
1502 2002 1599 2063 ozcoye
1620 1980 1748 2045 dellbere'
1769 1982 1806 2046 cle
1823 1983 1979 2047 coislinuer
1996 1983 2033 2048 de
2056 2003 2167 2048 oceane

167 2093 292 2173 iusqu'o
313 2112 344 2156 ce
365 2111 422 2172 que
440 2089 613 2169 (imbuent
634 2088 760 2154 misire
784 2088 965 2154 Guillom
987 2089 1083 2154 Forel
1103 2111 1151 2156 cue
1171 2091 1319 2156 cuulad
1344 2071 1466 2156 Geneue
1487 2102 1546 2157 eto.

324 2200 418 2282 Quae
445 2201 560 2280 verba,
588 2199 715 2282 siquid
742 2200 907 2280 videmus,
936 2203 1046 2271 omnia
1068 2202 1132 2267 alia
1159 2202 1325 2268 declarant
1353 2203 1459 2284 potius
1481 2224 1579 2285 quam
1601 2225 1683 2286 quae
1710 2203 1775 2268 illis
1797 2205 1899 2269 invito
1922 2215 2033 2269 autore
2055 2206 2165 2271 obtru-

169 2316 299 2382 duntur.
345 2314 460 2378 Liceat
481 2313 544 2390 bic,
567 2319 605 2376 ut
625 2311 741 2376 iisdem
764 2312 924 2394 genuinae
942 2313 1219 2395 interpretationis
1246 2313 1352 2379 lucem
1374 2313 1616 2393 suffundamus,
1645 2315 1742 2397 paulo
1764 2315 1860 2379 altius
1883 2314 2015 2380 Caluini
2036 2325 2165 2381 senten-

169 2429 249 2492 tiam
271 2432 425 2508 repetere.
476 2424 618 2488 Dixerat
646 2423 708 2487 sibi
736 2422 771 2485 in
799 2422 881 2488 libro
907 2423 1108 2505 psalmorum
1129 2425 1334 2507 explanando
1361 2446 1482 2514 magno
1504 2426 1624 2490 auxilio
1647 2427 1745 2491 fuisse
1768 2448 1846 2490 suae
1868 2427 1969 2508 ipsius
1993 2429 2079 2492 vitae
2100 2449 2166 2492 non

168 2538 344 2604 mediocria
365 2536 553 2613 certamina,
574 2534 692 2618 quibus
713 2533 834 2599 Davidi
857 2536 937 2618 regi,
959 2537 1107 2618 quamvis
1125 2536 1227 2601 multo
1246 2536 1359 2603 altiore
1377 2537 1559 2603 conditione
1577 2537 1670 2615 elato,
1694 2537 1803 2619 aliqua
1820 2548 1930 2615 tamen
1947 2539 2167 2620 experientiae

168 2648 382 2717 similitudine
401 2652 558 2729 aequatus
580 2647 633 2711 sit
678 2642 766 2709 seu
786 2644 852 2724 ille,
874 2646 993 2729 inquit,
1023 2670 1043 2711 o
1065 2647 1291 2719 multoeciam
1312 2649 1354 2714 cd
1374 2669 1530 2713 aemmom
1554 2649 1679 2730 imperii
1700 2648 1881 2730 specuum
1901 2654 2016 2713 aeuus
2038 2653 2095 2726 est,
2122 2649 2167 2713 llo

169 2783 217 2827 cce
240 2760 330 2826 Deus
356 2758 395 2824 ab
422 2758 559 2825 obscessus
583 2756 781 2838 mucusque
802 2758 973 2839 ceccupius
1000 2763 1170 2824 euredum
1195 2759 1249 2824 boc
1274 2765 1339 2824 mm
1366 2759 1529 2842 bmorifico
1550 2780 1675 2825 munere
1699 2759 1846 2841 eliquatus
1872 2765 1930 2837 est,
1958 2765 1993 2823 ul
2019 2759 2167 2842 ecacpclc'i

163 2892 278 2955 praeco
293 2891 395 2957 essem
415 2888 452 2934 cc
472 2869 622 2934 micum.
665 2869 751 2932 'llum
771 2876 905 2933 narrata
924 2890 984 2934 sua
1006 2870 1113 2936 subita
1135 2873 1346 2937 conversione
1368 2879 1401 2936 et
1423 2892 1583 2936 novorum
1605 2869 1786 2936 studiorum
1808 2869 1935 2935 ardenti
1957 2892 2169 2953 perseveran-

171 2986 226 3063 tia,
239 2983 296 3061 ¹sio
317 2981 440 3064 pergit:
474 2980 613 3045 Necdum
635 2981 761 3062 clapsus
787 2985 854 3044 eccl
875 3001 979 3045 occutus
1000 3002 1095 3063 queem
1117 3001 1220 3047 moues
1235 2983 1380 3063 muriceis
1401 2983 1557 3047 ἀοσένιηαε
1585 2983 1691 3064 cupidi
1719 2983 1760 3046 od
1781 3003 1829 3046 cce
1849 2983 1999 3072 cecilium
2020 2981 2121 3047 cellcuc
2142 2987 2171 3048 el

170 3096 299 3160 lirouwm
324 3093 463 3158 discendi
489 3112 587 3157 ecuso
607 3089 800 3156 oculilobout.
843 3090 926 3174 Epo,
955 3093 1010 3173 qui
1038 3099 1153 3159 scauro
1174 3093 1366 3159 abutum
1387 3093 1530 3159 umbram
1551 3099 1579 3158 el
1600 3095 1696 3159 otium
1717 3113 1837 3175 semper
1858 3096 1979 3173 αιηαυᾲ,
2008 3099 2079 3160 lucc
2098 3094 2172 3161 lalc-
2207 3116 2210 3129 ·

170 3207 243 3272 bros
274 3210 408 3289 copore,
435 3225 514 3286 puae
540 3203 614 3268 odeo
641 3221 795 3267 concessae
821 3223 882 3266 ceu
908 3209 982 3267 sunt
1006 3209 1040 3268 ul
1065 3204 1144 3270 milri
1173 3224 1308 3271 secessus
1334 3225 1437 3271 omum
1468 3206 1570 3270 luctor
1591 3205 1738 3288 publicae
1763 3206 1882 3272 selsolce
1910 3211 2009 3272 esseut
2032 3254 2170 3270 ......

169 3318 278 3400 &osu
301 3316 427 3382 cosilio
454 3315 561 3380 cellule
583 3314 695 3396 pclric
716 3315 750 3378 iu
781 3313 985 3379 Gerucouiom
1013 3317 1161 3395 recessi,
1194 3322 1228 3381 ul
1253 3318 1289 3381 iu
1315 3315 1440 3382 obscuro
1461 3317 1566 3398 alioue
1588 3317 1699 3400 aupuub
1720 3318 1844 3383 obddus
1865 3319 1963 3399 pulele
1984 3317 2171 3399 diu'uepolo

167 3431 297 3514 fruerer.
342 3427 421 3493 Ecce
442 3432 552 3506 cuum,
574 3446 671 3506 wion
690 3425 862 3508 iucoyrcdus
884 3425 1032 3492 Basileus
1052 3427 1184 3510 luterem
1207 3430 1296 3510 puio,
1318 3428 1427 3492 mulus
1442 3430 1512 3511 plis
1533 3429 1708 3495 uuluam
1729 3430 1764 3494 iu
1786 3429 1895 3494 Gallus
1916 3430 2049 3506 eeuslis,
2078 3447 2172 3510 prove

165 3540 291 3624 possim
312 3540 399 3622 apud
423 3539 596 3605 Germanos
616 3537 722 3606 odium
742 3537 828 3619 ipues
847 3536 897 3601 illl
917 3539 1130 3619 metaverant,
1150 3541 1257 3621 sparsi
1277 3545 1350 3606 suut
1370 3542 1438 3605 eius
1458 3540 1672 3624 ecsiupueudi
1694 3560 1790 3606 causo
1810 3539 1943 3621 impoti
1964 3544 1992 3604 cl
2013 3538 2172 3604 meduees

169 3653 279 3718 libelli:
305 3672 366 3716 uon
387 3651 468 3715 allos
488 3655 553 3723 mm
574 3648 735 3714 crudeliter
755 3651 884 3712 caucis
905 3664 1001 3730 quoru
1022 3650 1249 3732 Auobaplisurs
1269 3673 1307 3717 uc
1328 3650 1515 3718 turbulentos
1534 3652 1684 3731 humilies,
1712 3654 1766 3732 qui
1786 3651 1945 3733 mersis
1965 3650 2088 3716 delicus
2109 3669 2171 3715 uou

170 3765 346 3847 raucum
366 3762 454 3826 uoco
470 3762 524 3826 sec
545 3766 640 3826 uum
661 3760 798 3825 ocium
813 3760 976 3840 uicum
996 3761 1199 3827 cucumae.
1244 3762 1312 3845 apo
1333 3735 1386 3827 lu
1407 3763 1446 3827 ac
1468 3763 1582 3828 acea
1602 3762 1774 3843 aeuus
1794 3763 1848 3845 aqi
1865 3762 1981 3841 cuce
2003 3783 2065 3828 uon
2081 3762 2171 3828 ccco

169 3881 204 3941 ul
225 3876 358 3958 ludique
377 3873 544 3955 soipuiuis
564 3873 686 3936 cumuli
705 3873 815 3954 effusio
834 3872 920 3953 falso
941 3878 1116 3937 sauctorum
1137 3879 1310 3954 amaturum
1330 3875 1466 3954 isefontis
1487 3873 1682 3954 sepeliretur,
1710 3874 1764 3938 secl
1785 3879 1820 3937 ut
1839 3874 1968 3955 pastboc
1984 3896 2044 3955 per
2064 3873 2171 3939 medes

170 3986 321 4069 puoslbel
341 3985 455 4066 absque
476 3984 572 4047 ullius
592 3981 805 4048 cuise'riccrclc'o
824 3985 969 4066 pressari
989 3983 1098 4061 liceret,
1120 3985 1278 4049 silentium
1299 4005 1401 4049 nemu
1421 4007 1482 4050 cun
1495 4005 1589 4067 posse
1610 4006 1632 4048 c
1647 3985 1784 4066 perfidio
1806 3966 1951 4050 accuso-ri
1969 3986 2082 4064 censui,
2105 3984 2169 4050 celsi

171 4119 220 4164 use
235 4118 297 4181 pro
318 4096 406 4161 ciuili
429 4115 617 4178 oppeterem.
661 4094 748 4160 Haec
768 4094 848 4160 mibi
874 4095 1006 4162 eeleudoc³
1028 4096 1239 4161 luctuosus
1260 4116 1357 4160 couso
1376 4097 1456 4180 full:
1478 4097 1623 4178 menum
1642 4101 1678 4160 ul
1698 4095 1738 4160 ab
1758 4097 1879 4162 iniusto
1899 4097 2080 4162 wiuumelic
2100 4114 2169 4160 cecc·

172 4210 308 4274 dicarem
329 4209 445 4289 fratres
472 4227 568 4285 meos,
597 4227 728 4287 quorum
748 4227 832 4285 mors
846 4208 987 4288 prelviosa
1003 4214 1070 4273 ercl
1096 4208 1133 4272 ic
1153 4214 1308 4290 eouspulu
1334 4207 1482 4287 Dcmlul;
1509 4208 1632 4288 claude,
1660 4229 1756 4289 quum
1781 4209 1888 4274 multis
1915 4211 2041 4276 miseris
2062 4207 2192 4272 casleu

172 4321 324 4386 lusloreut
347 4319 517 4401 supplicio,
539 4338 600 4398 pro
621 4317 687 4382 illis
707 4318 792 4382 dolor
809 4318 917 4385 sallem
937 4319 1054 4401 aliquis
1072 4324 1100 4386 el
1120 4319 1291 4386 sollicitudo
1312 4325 1432 4386 essuos
1451 4325 1553 4404 ocules
1574 4324 1715 4402 lcuperel.
1766 4319 1894 4401 Quibus
1916 4322 2011 4388 dictis
2033 4342 2071 4385 oa
2091 4318 2168 4383 sub-

173 4432 281 4516 iungit
300 4451 384 4514 quae
405 4431 472 4494 iam
493 4451 592 4512 supra
612 4428 826 4521 laudavimus.

304 4533 309 4544 ’
328 4540 422 4622 Quae
443 4542 471 4606 si
492 4540 603 4605 omnia
625 4547 748 4605 attento
770 4541 949 4625 perlegeris
971 4542 1095 4622 animo,
1118 4544 1259 4627 reperies
1282 4543 1458 4610 Calvinum
1480 4550 1585 4609 totum
1606 4542 1641 4605 in
1664 4562 1701 4606 eo
1723 4563 1794 4607 esse
1816 4551 1853 4607 ut
1880 4542 1983 4608 solam
2004 4547 2037 4605 et
2058 4562 2172 4607 veram

172 4655 249 4721 libri
271 4655 323 4719 sui
343 4651 531 4737 publicandi
560 4673 693 4718 causam
715 4651 870 4732 declaret,
902 4653 1100 4737 apologetico
1127 4655 1250 4722 scilicet
1270 4656 1403 4722 consilio
1432 4676 1491 4737 pro
1518 4653 1674 4719 iratribus
1697 4662 1730 4718 et
1751 4653 1960 4736 popularibus
1986 4653 2169 4735 conscripti,

173 4766 309 4833 minime
341 4786 419 4831 vero
446 4786 488 4829 ex
514 4765 621 4829 famae
646 4762 825 4845 captandae
853 4765 1020 4848 prurigine
1048 4765 1134 4830 editi.
1180 4766 1282 4833 (luins
1310 4767 1358 4831 rei
1379 4766 1443 4832 duo
1467 4766 1564 4831 affert
1589 4766 1775 4830 testimonia
1802 4765 1892 4829 omni
1919 4762 2170 4842 addubitatione,

171 4878 242 4961 ipso
265 4876 396 4959 quidem
417 4875 531 4954 iudice,
553 4875 685 4961 maiora
730 4872 827 4953 Quod
847 4875 969 4940 famam
991 4879 1147 4960 aucupari
1167 4880 1229 4944 sibi
1251 4900 1317 4943 non
1338 4879 1436 4944 fuerit
1457 4878 1666 4960 propositum,
1688 4877 1832 4959 patuisse
1849 4897 1891 4940 ex
1907 4875 2000 4941 brevi
2018 4874 2171 4955 discessu,

172 4989 367 5072 praesertim
387 5009 488 5072 quum
509 5008 605 5052 nemo
624 4986 691 5051 illic
712 4986 844 5052 solvent
865 5008 900 5052 se
922 4994 1070 5053 autorem
1090 5011 1170 5056 esse.
1216 4989 1309 5071 Quae
1331 4990 1360 5056 si
1384 4990 1560 5055 editionem
1578 4989 1760 5071 prinoipem
1782 4985 1935 5065 ἀνώνυμον
1956 4986 2092 5069 prodero
2116 4987 2171 5053 de-

174 5101 298 5178 berent,
320 5101 400 5165 satis
422 5099 549 5183 oblique
572 5106 605 5163 et
626 5098 761 5164 obscure
783 5095 869 5164 diota
890 5107 1006 5165 essent
1047 5100 1134 5165 Nam
1157 5103 1263 5167 autori
1284 5100 1443 5187 ἀνωνύμῳ,
1465 5121 1563 5184 quem
1584 5121 1679 5164 nomo
1702 5098 1815 5164 adesse
1833 5099 1903 5176 scit,
1926 5098 2070 5164 discessu
2091 5089 2198 5182 opus'

178 5232 242 5275 non
264 5218 313 5276 est
333 5219 371 5275 nt
391 5232 433 5275 no
454 5211 649 5290 innotescat;
678 5217 712 5274 et
737 5210 766 5274 si
787 5231 829 5275 ex
851 5210 991 5295 allegata
1017 5208 1170 5300 dvouoptp
1199 5212 1379 5281 calumnias
1401 5212 1665 5282 adversariorum
1685 5208 1833 5275 refellere
1855 5210 2000 5290 volebat,
2023 5232 2081 5294 pro
2103 5210 2172 5277 sola

250 5311 359 5368 Caluini
371 5328 464 5382 opero.
502 5311 559 5365 Vol.
578 5311 602 5367 1.
1551 5351 1555 5358 .
1944 5315 1967 5366 1)
