4770 6030
237 347 300 409 sss
807 336 1071 405 msrmfflo
1094 339 1198 404 REI..
1220 336 1400 404 offlslss.
1426 342 1654 404 ααα-1554.
1864 422 1866 424 ,
2167 339 2231 402 ses

1648 472 1657 482 =
1997 447 2231 520 318930190.

323 534 373 595 86.
418 530 577 594 Hactenus
604 548 653 593 eos
673 527 881 593 recensuimus
907 525 1046 590 uacuae
1074 524 1204 603 ordines,
1259 525 1326 591 bere
1346 526 1420 608 rupi,
1442 526 1519 607 quia
1537 545 1610 608 aper
1625 544 1710 590 uuus
1726 545 1785 588 ααα
1800 526 1910 607 plures
1926 436 2097 607 prahfutos
2114 525 2229 591 habeat.

237 617 293 698 qui
319 617 353 680 iu
379 616 488 680 veteris
516 614 656 679 ecelesiae
674 613 889 696 pumturum
907 613 1048 692 fuerumt,
1075 611 1130 675 sed
1149 630 1207 690 po
1261 610 1323 677 Sed
1343 616 1387 677 est
1413 612 1510 676 altera
1532 612 1700 675 etiamnum
1726 611 1820 689 ratic,
1848 631 1904 675 cur
1930 610 2010 675 iilud
2030 612 2066 674 irr
2085 611 2230 677 imitatio-

236 709 302 767 stea
329 699 514 781 temporibus
539 700 692 782 corrupti,
720 699 822 782 mapis
851 697 959 762 deiude
979 715 1016 760 uc
1040 695 1142 778 ueapis
1162 696 1207 759 vi-
1257 718 1327 762 ααα
1347 696 1432 761 trahi
1451 716 1512 760 ααα
1538 695 1649 761 debeat.
1694 695 1859 761 Summum
1879 696 1969 760 illum
1990 698 2165 778 pontificem
2185 704 2230 780 tp-

236 788 323 865 tiati,
355 805 436 850 uuuc
463 786 498 849 iu
523 785 649 850 ecelesia
669 784 784 866 papali
810 783 933 848 htulum
959 782 1111 848 duutauat
1136 781 1207 846 reti-
1252 803 1333 864 pum
1352 783 1452 864 fuisse
1475 781 1600 860 Christi,
1621 802 1707 847 rouo
1723 784 1852 866 ipuoru.
1898 783 1991 846 Nune
2011 782 2159 847 translato
2180 805 2230 848 sa-

234 877 319 950 um,
349 892 384 936 re
413 892 486 936 uera
512 870 592 934 mihil
618 871 708 935 aliud
733 875 805 934 suut
832 888 926 950 quam
952 867 1073 932 laruae:
1105 871 1140 930 ut
1169 887 1207 931 eu
1258 867 1394 947 audatie,
1417 870 1470 932 ius
1491 867 1571 931 illud
1591 867 1757 948 trausierri
1779 870 1921 932 mareuil.
1953 868 2009 934 Ad
2029 887 2119 948 quem
2133 888 2229 950 porro

235 958 461 1038 comparatiorre
481 956 633 1021 iudicaret
647 957 726 1036 pius
747 956 849 1034 lutor,
871 953 993 1036 qrralurr
1013 953 1143 1018 habeant
1163 972 1207 1016 eo
1258 954 1443 1018 translatum
1464 953 1532 1017 est?
1575 953 1649 1018 Nou
1670 954 1713 1019 ad
1733 974 1854 1035 papam
1874 974 1964 1032 sarie,
1986 957 2021 1016 ut
2041 955 2108 1033 ipse
2127 955 2230 1036 impu-

184 1065 187 1071 ’
235 1043 361 1108 desuem
384 1042 600 1120 Rmuaoeuses,
623 1042 658 1105 irr
678 1040 768 1106 euius
786 1041 922 1125 pretium
943 1060 1011 1103 reos
1030 1038 1207 1104 schismatis
1257 1041 1362 1105 deuter
1382 1041 1498 1104 iactare
1519 1039 1622 1119 ardu,
1650 1060 1746 1119 quum
1766 1039 1819 1102 hoe
1839 1039 1882 1103 ad
1908 1059 1940 1103 se
1967 1039 2098 1122 etapium
2118 1040 2228 1118 trahit;

236 1148 292 1194 ries
309 1129 438 1210 faciunt,
461 1128 607 1209 quopiam
629 1127 667 1190 ab
688 1149 725 1191 ea
745 1125 983 1192 discesserimus.
1030 1123 1130 1205 Caput
1151 1145 1207 1188 αα
1257 1127 1312 1190 sed
1332 1126 1375 1190 ad
1398 1124 1573 1190 Christum:
1599 1127 1654 1207 qui
1675 1130 1710 1188 ut
1732 1126 1817 1189 solus
1838 1145 1952 1188 muuus
1972 1127 2077 1206 ipsum
2098 1127 2163 1189 siue
2184 1127 2230 1189 oi-

236 1219 296 1280 tem
316 1234 353 1278 uc
372 1214 536 1296 fastipium
556 1214 649 1278 totius
669 1212 798 1290 ardirris,
820 1212 873 1276 hae
894 1215 947 1290 cst,
963 1211 1137 1292 primatum
1158 1229 1207 1274 re
1258 1212 1341 1276 carie
1362 1215 1417 1275 aut
1437 1229 1607 1275 successus
1623 1211 1761 1289 sustiuet,
1783 1211 1829 1274 ita
1845 1210 1986 1275 honorum
2003 1210 2093 1274 alteri
2111 1212 2230 1275 homiui

109 1355 111 1358 Α
236 1320 348 1364 urauae
369 1299 465 1377 sedis,
493 1300 574 1362 uude
595 1298 730 1379 probare
751 1298 941 1375 muteuduut,
961 1316 1057 1377 penes
1075 1316 1108 1360 se
1126 1294 1207 1359 solas
1257 1297 1401 1380 resipiat.
1448 1295 1527 1361 Nou
1547 1297 1628 1360 euim
1648 1298 1684 1360 iu
1703 1296 1842 1360 doctriua
1862 1297 1964 1374 rudo,
1992 1296 2047 1359 sed
2070 1297 2105 1360 iu
2121 1296 2228 1378 propi-

237 1405 302 1450 esse
328 1384 506 1449 eatleolicam
532 1383 701 1462 ecclesiam,
734 1404 794 1447 riou
815 1383 990 1465 attipimus;
1017 1381 1093 1462 quia
1112 1399 1207 1461 meque
1256 1384 1383 1467 tiatroue
1403 1381 1480 1461 Dei,
1502 1402 1596 1462 quam
1617 1387 1712 1447 urorte
1732 1402 1794 1446 sua
1808 1383 1927 1465 perepit
1950 1380 2101 1460 Christus,
2124 1387 2152 1446 et
2172 1383 2229 1446 iha

237 1491 275 1537 eu
309 1468 426 1535 Christi
457 1471 608 1547 iustitulo,
641 1490 737 1549 rrepue
768 1490 806 1534 eu
834 1467 973 1533 aedessae
1005 1468 1114 1532 ueteris
1144 1486 1207 1530 usu
1256 1468 1475 1547 intercessione,
1495 1487 1559 1549 pua
1578 1488 1660 1532 αααα
1680 1469 1767 1549 apud
1780 1473 1905 1549 patrem
1922 1467 2074 1550 fuupitur,
2093 1469 2230 1532 consistit

238 1557 371 1637 sumpsit
386 1556 543 1637 eripiuem
562 1559 597 1618 ut
612 1555 686 1620 iliae
702 1555 875 1635 superiores
886 1558 1003 1635 partes,
1020 1573 1100 1634 quus
1112 1557 1207 1617 osteu-
1256 1553 1310 1619 hoe
1330 1553 1540 1617 sacerdotium.

238 1642 344 1706 dimus
362 1641 408 1705 itu
429 1640 468 1704 ab
488 1641 670 1721 autipuitatc
691 1646 775 1705 ortas
794 1659 866 1717 esse,
888 1644 923 1724 ut
942 1644 1112 1721 temporum
1132 1638 1207 1702 uitio
1344 1642 1394 1702 88.
1441 1638 1513 1702 Neu
1533 1643 1578 1703 est
1597 1639 1695 1722 ipiteu
1715 1638 1795 1720 quod
1816 1637 1950 1719 aucupia
1969 1639 2036 1717 ista,
2058 1638 2139 1719 quod
2159 1643 2230 1702 tem-
2332 1693 2339 1704 .

231 1746 368 1877 thil
387 1726 1208 1906 dhlhhhllullmh'lhirhllhhhllh
1252 1744 1419 1893 m
1433 1726 1533 1873 lii
1550 1725 1827 1875 hiterii
1849 1723 2230 1891 prompti

237 1919 301 1963 esse
321 1898 544 1979 praechmum,
573 1917 610 1960 ae
631 1918 729 1978 prope
749 1898 877 1961 uuuum
900 1896 1117 1961 commaticus
1137 1916 1207 1958 ααα
1257 1898 1421 1961 sententiae
1453 1915 1530 1960 suae
1560 1896 1817 1977 murirmatiomm
1842 1896 2019 1976 proferam,
2051 1896 2116 1960 uisi
2146 1895 2229 1975 quod

236 1985 311 2048 tatis
337 1983 507 2060 riparium,
534 1983 565 2045 si
591 2002 737 2046 romouae
757 1982 824 2047 sedi
850 1981 1086 2060 adhaeremus,
1115 2000 1152 2045 ae
1171 1980 1207 2044 αα
1257 1983 1314 2046 αααΙ
1335 1982 1451 2047 dietum
1472 1985 1516 2045 est
1536 1980 1670 2065 (Mauh.
1692 1984 1740 2059 16,
1763 1978 1835 2064 18)·
1861 1986 1895 2045 tu
1915 2001 1948 2045 es
1972 1981 2100 2061 Petrus,·
2127 1986 2228 2046 etsu-

237 2071 306 2134 eius
336 2068 504 2132 obedieutia
524 2087 761 2148 perseveremus.
812 2066 897 2145 Hac,
919 2066 1063 2148 iuquam,
1084 2066 1207 2147 fultura
1254 2088 1313 2150 per
1342 2067 1422 2131 hauc
1452 2071 1577 2148 petram
1608 2065 1773 2147 aedificabo
1805 2066 1960 2131 melesius
1991 2086 2099 2131 meam.
2149 2065 2228 2131 Item

231 2155 432 2235 potissimum
452 2154 606 2231 uituutur,
628 2173 724 2233 quum
743 2151 830 2217 uobis
851 2152 1007 2218 ecclesiam
1027 2152 1162 2216 adimere
1180 2156 1222 2217 et.
1272 2153 1363 2217 Ioan.
1384 2156 1434 2229 21,
1463 2152 1534 2235 15).·
1568 2151 1658 2217 Petre
1689 2171 1779 2216 amas
1809 2152 1880 2216 me?
1912 2172 2008 2234 pasce
2033 2172 2103 2217 oues
2134 2173 2226 2217 meas.

237 2239 299 2304 sibi
318 2239 478 2303 veridicare
496 2239 608 2316 uolunt,
630 2239 711 2318 quad
730 2240 859 2303 retimeut
878 2242 977 2319 caput,
999 2259 1037 2303 eu
1057 2256 1116 2318 quo
1131 2257 1208 2318 perr-
1292 2259 1380 2303 erum
1405 2243 1440 2301 ut
1464 2239 1576 2319 firmae
1602 2239 1666 2301 siut
1685 2238 1764 2301 istae
1783 2237 1993 2320 probationes,
2014 2239 2174 2303 osteudaut
2193 2240 2229 2302 iu

237 2325 287 2390 det
306 2324 446 2389 ecclesiae
466 2325 586 2403 uiritas,
614 2328 642 2387 et
666 2324 734 2387 siue
754 2343 813 2404 quo
840 2323 980 2388 dissilire
999 2343 1067 2388 eom
1088 2342 1125 2387 aa
1143 2323 1208 2387 dis-
1252 2324 1371 2406 priuis
1393 2327 1521 2405 opertu,
1549 2322 1746 2388 eiumudari
1766 2327 1945 2405 potestatem
1965 2324 2000 2387 im
2020 2343 2124 2388 urmes
2144 2323 2230 2389 eute-

237 2411 353 2491 rumpi
373 2429 490 2474 maesse
520 2413 572 2473 est.
628 2407 682 2473 su
714 2411 796 2473 euim
827 2411 1020 2475 existimaret:
1052 2408 1208 2474 ecclesiam
1257 2411 1334 2489 sias,
1351 2410 1406 2490 qui
1418 2428 1547 2490 pascere
1559 2407 1677 2473 Christi
1694 2429 1814 2492 prepem
1833 2409 1969 2487 iubetur,·
1989 2429 2044 2474 uec
2059 2409 2150 2473 ahiud
2166 2429 2230 2474 esse

237 2514 349 2576 corpus
377 2514 441 2558 esse
468 2495 689 2575 quedammodo
719 2495 864 2559 mutilum
892 2514 929 2559 ac
955 2498 1111 2573 truuuuu,
1142 2493 1208 2558 uisi
1258 2495 1400 2578 lipareet
1420 2495 1545 2572 soluere,
1568 2515 1662 2575 quam
1684 2495 1737 2559 toti
1757 2494 1870 2559 muudo
1884 2495 2075 2576 praesidere.
2119 2492 2228 2576 Atqui,

236 2600 382 2645 romuuae
417 2581 483 2644 sedi
521 2585 670 2659 tauquam
702 2581 798 2662 capiti
829 2581 872 2644 sit
901 2579 1043 2645 subiecto.
1098 2579 1208 2661 Itaque
1258 2586 1292 2645 ut
1319 2581 1503 2645 marearum
1530 2579 1643 2644 Petrus
1670 2601 1691 2644 a
1717 2580 1852 2644 Douriuo
1879 2585 2047 2662 acmperat,
2075 2582 2121 2644 ita
2148 2580 2229 2644 alias

207 2670 331 2747 'quum
362 2665 399 2730 de
430 2665 606 2730 hierarchia
638 2685 698 2730 suu
731 2667 905 2746 disputarit,
939 2666 977 2730 ab
1009 2665 1062 2730 hoe
1089 2685 1208 2746 semper
1258 2687 1361 2732 omues
1388 2665 1580 2748 presbyteros
1606 2665 1746 2729 hortatur
1772 2665 1805 2749 (l
1826 2666 1915 2730 Pete.
1936 2671 1964 2744 5,
1984 2666 2019 2750 2)
2040 2671 2074 2729 ut
2094 2671 2228 2746 pascant

235 2751 389 2819 aciomaie
409 2756 537 2815 sumunt
556 2752 733 2816 exordium:
758 2771 922 2816 romaurom
936 2752 1119 2833 pontificem,
1141 2757 1208 2815 tau·
1258 2752 1422 2817 ecdesiam.
1470 2751 1556 2815 Hiuc
1581 2751 1718 2834 cohipere
1743 2751 1825 2830 lieet,
1854 2756 1909 2816 aut
1935 2751 1993 2816 illa
2017 2749 2134 2816 Christi
2158 2771 2227 2815 uoce

234 2857 329 2918 quam
359 2834 490 2916 Christi,
516 2837 571 2917 qui
593 2842 685 2919 eaput
703 2841 748 2902 est
767 2837 922 2918 eeclesiae,
950 2837 1117 2916 curuum,
1139 2837 1207 2900 eius
1257 2837 1338 2912 mihil
1358 2857 1440 2918 prae
1465 2836 1541 2901 aliis
1567 2837 1675 2901 datum
1701 2857 1766 2901 esse
1794 2837 1901 2915 Petro,·
1933 2842 1988 2901 aut
2022 2837 2149 2901 Petrum
2173 2838 2227 2901 ius

234 2922 295 2988 loco
327 2922 469 2987 ecclesiae
496 2922 668 2986 uniuersali
694 2922 891 3004 praesidum
926 2943 980 2987 uec
1013 2922 1105 2987 older
1136 2921 1207 2987 berre
1257 2923 1338 3005 quod
1358 2926 1514 3003 acceperat
1534 2941 1603 2987 crem
1624 2922 1699 2986 aliis
1720 2943 1758 2986 ee
1774 2943 1870 3003 aequo
1887 2924 2133 2987 eouuuuuicasse.
2171 2923 2227 2988 Ve-

235 3010 427 3074 coustitutam
448 3007 611 3086 ecclesiam,
633 3009 697 3071 uisi
717 3009 803 3073 sedes
820 3008 877 3073 illa
893 3028 987 3090 super
1004 3009 1088 3072 alias
1104 3027 1207 3072 murres
1257 3030 1344 3087 rum,
1373 3029 1411 3072 ue
1435 3008 1559 3089 frustra
1580 3008 1748 3090 litipemus,
1774 3008 1920 3072 haberum
1947 3008 2024 3073 alibi
2051 3008 2170 3072 claram
2189 3029 2228 3073 eu
2258 3084 2259 3088 Ἰ

229 3094 405 3174 primatum
433 3097 538 3158 teneat.
589 3092 790 3174 Quamobrem
816 3093 870 3158 hae
896 3114 1013 3175 quoque
1037 3092 1128 3174 quale
1155 3094 1205 3171 sit,
1258 3115 1308 3160 ore
1334 3092 1451 3158 Christi
1478 3092 1581 3174 (Ioen.
1602 3097 1652 3173 20,
1672 3093 1728 3176 23)
1756 3095 1984 3175 mpositioneru,
2017 3094 2095 3174 quid
2125 3096 2166 3158 sit
2191 3094 2229 3158 li-

235 3179 456 3242 machedum
470 3183 528 3257 est,
549 3199 587 3243 ue
610 3179 688 3258 quid
708 3180 899 3260 omittamus,
926 3181 1007 3261 quod
1028 3180 1070 3244 ad
1089 3180 1207 3244 iustum
1255 3201 1332 3262 pare
1357 3178 1534 3245 etsoloere:
1566 3199 1673 3262 nempe
1699 3179 1842 3258 retinere,
1869 3184 1897 3243 et
1921 3181 2073 3244 remittere
2094 3184 2227 3261 peccata

236 3262 377 3327 ecciesiae
396 3263 531 3346 repimeu
550 3265 711 3344 pertimeat.
1258 3264 1391 3329 Modum
1420 3285 1489 3328 uero
1514 3265 1689 3348 lipomdiet
1720 3263 1855 3330 solueredi
1885 3285 1954 3329 euru
1979 3266 2137 3346 scriptura
2167 3269 2229 3328 tota

322 3351 372 3412 87.
417 3347 481 3413 Hic
502 3350 599 3431 ipitur
619 3350 661 3413 sit
688 3351 875 3430 umeshmis
895 3355 1010 3414 uuus.-
1036 3355 1143 3413 utrum
1164 3350 1206 3414 ad
1251 3351 1378 3432 passim
1405 3349 1554 3429 ostendit,
1580 3354 1646 3413 hem
1672 3349 1796 3414 Paulus
1821 3351 1932 3432 optume
1956 3350 2106 3429 declarat,
2131 3370 2228 3431 quum
2309 3350 2312 3362 “

122 3476 130 3494 .
235 3453 340 3498 ueram
360 3433 552 3499 hierarchiae
579 3435 627 3519 (ut
647 3434 767 3519 vocam)
794 3455 849 3500 seu
871 3435 1065 3500 ecdesiastici
1085 3435 1206 3501 ordiuis
1257 3436 1332 3500 dieii
1347 3434 1497 3518 eoaupelii
1513 3436 1672 3500 mirustros
1688 3435 1797 3500 hahere
1812 3436 1995 3501 umudatum
2010 3436 2229 3501 reconciliandi

163 3528 170 3537 ’
235 3520 384 3584 rotimum
404 3539 522 3585 uecesse
542 3520 592 3599 sit,
614 3520 715 3585 sedem
735 3540 832 3585 uuum
852 3521 932 3585 iuter
952 3520 1037 3586 alim
1055 3524 1085 3586 et
1105 3520 1206 3603 dipui
1256 3521 1393 3585 houriues
1420 3520 1502 3599 Deo,
1535 3524 1563 3585 et
1589 3520 1684 3585 simui
1705 3525 1884 3602 puriorum
1911 3520 2020 3587 hahere
2046 3522 2228 3586 merceudae

235 3609 295 3669 tate
316 3609 344 3669 et
365 3609 512 3687 potestate
537 3606 682 3685 emisere,
710 3611 745 3670 ut
768 3607 810 3671 sit
835 3607 929 3671 totius
949 3607 1085 3689 eorporis
1105 3611 1204 3687 caput.
1256 3607 1408 3671 uiudictae
1428 3607 1464 3670 iu
1484 3626 1543 3685 eos,
1565 3607 1620 3687 qui
1641 3606 1817 3688 hospicium
1833 3606 1888 3672 hoe
1908 3608 2081 3691 respuerint
2097 3607 2131 3691 (2
2151 3606 2227 3673 Cor.

159 3737 161 3741 ,
239 3689 306 3753 Nos
332 3711 401 3754 uero
429 3691 524 3755 mimis
550 3693 670 3772 irripuis
696 3692 811 3776 uptus
838 3692 1020 3757 subiecimus
1040 3691 1204 3772 ecelesiam,
1257 3697 1286 3772 5,
1308 3697 1347 3757 18
1365 3698 1399 3756 et
1420 3696 1469 3770 10,
1489 3690 1532 3775 6).

236 3775 266 3837 si
287 3775 366 3839 hauc
385 3777 414 3840 ei
430 3778 634 3842 necessitatem
650 3779 719 3842 siue
735 3778 822 3843 uerbo
839 3776 903 3844 Dei
919 3778 1087 3842 iuiicimus.
1119 3777 1205 3861 Erpa
1342 3781 1393 3842 89.
1443 3776 1469 3861 ¹)
1484 3777 1567 3858 Quia
1588 3781 1688 3841 tameu
1715 3778 1794 3843 locos
1814 3778 1885 3843 illos
1905 3779 1960 3860 qui
1980 3777 2101 3860 lipaudi
2122 3783 2150 3841 et
2171 3777 2230 3841 sol

236 3859 266 3924 si
287 3860 391 3924 uoluut
410 3863 545 3927 euincere
565 3864 740 3928 adversarii
758 3864 839 3946 quod
853 3864 1026 3946 postularit,
1052 3864 1205 3929 ostendere
1255 3862 1346 3929 ouidi
1366 3865 1547 3929 maironem
1571 3863 1705 3944 faeiurrt,
1733 3864 1815 3945 quod
1841 3865 1884 3930 ad
1908 3863 2035 3946 fariuas
2061 3864 2164 3944 facere
2183 3863 2229 3926 oi-

236 3964 286 4009 eas
307 3945 449 4025 primum
474 3952 600 4029 eportet,
627 3951 829 4014 oeuumuium
853 3949 932 4014 harre
959 3970 981 4013 a
999 3947 1121 4015 Cluisto
1141 3970 1205 4016 esse
1256 3950 1381 4029 ἀααααν,
1409 3949 1469 4014 huc
1490 3955 1580 4030 atque
1600 3948 1676 4013 iiiuc
1696 3950 1870 4031 delorem
1890 3948 2044 4014 architecti
2070 3967 2228 4014 romaricu-

211 4030 416 4094 .iustitutam.
460 4031 503 4096 Ια
523 4033 602 4098 haue
625 4055 691 4103 rem
718 4036 812 4100 cituut
837 4056 875 4100 ec
896 4033 959 4117 lepe
978 4055 1136 4100 summum
1154 4055 1205 4101 su-
1256 4056 1313 4113 ses,
1336 4055 1373 4099 ac
1393 4036 1495 4100 instar
1515 4035 1627 4100 lesbiae
1649 4035 1785 4119 repulae,
1801 4055 1864 4118 pro
1883 4055 1944 4100 sira
1965 4034 2093 4100 lihidr'me
2113 4051 2227 4098 accerr-

236 4115 410 4195 cerdatiuur,
432 4138 586 4183 sumumm
605 4121 678 4184 item
698 4121 864 4199 iudicium,
884 4121 965 4200 quod
981 4119 1072 4186 Deus
1088 4120 1206 4187 Ieroso-
1256 4121 1381 4185 uudaut
1400 4140 1577 4203 quocumque
1597 4120 1701 4185 visum
1721 4126 1773 4201 est,
1796 4142 1904 4202 operae
1924 4121 2064 4202 pretium
2085 4119 2143 4183 erit
2163 4118 2227 4183 bre-

235 4201 328 4285 lpmis
350 4202 490 4267 iustituit.
526 4204 571 4267 At
590 4205 696 4285 facilis
717 4212 761 4271 est
781 4206 899 4284 solutio,
920 4226 1015 4288 eaque
1034 4206 1204 4288 multiphe,
1255 4207 1333 4272 νέαν
1365 4206 1456 4272 semei
1485 4208 1638 4288 explicare
1670 4206 1747 4288 quid
1778 4207 1878 4272 veiint.
1931 4206 2007 4272 Dua
2032 4205 2129 4289 ipitur
2154 4209 2228 4268 suut

235 4286 387 4369 siquidem
407 4307 473 4353 uua
493 4288 638 4354 illisum
659 4292 842 4374 satisfaciat.
886 4289 1046 4371 Primmu,
1068 4292 1149 4372 quod
1169 4293 1205 4356 irr
1256 4292 1327 4372 laci,
1354 4293 1411 4373 qui
1437 4293 1475 4357 de
1501 4292 1625 4376 lipaudo
1646 4299 1674 4358 et
1694 4293 1835 4359 soluendo
1856 4292 2029 4374 umerum
2063 4289 2161 4354 reue
2181 4295 2228 4354 est

235 4373 357 4438 uutimu
377 4393 442 4438 ααα
467 4374 530 4455 suit
550 4375 639 4454 utile,
668 4376 704 4440 id
729 4378 764 4441 iu
784 4379 964 4442 uniuersum
985 4377 1086 4442 orbem
1107 4382 1205 4442 eutem
1256 4377 1410 4443 Matthaei
1430 4377 1646 4444 decimosexto
1668 4378 1713 4464 (v.
1735 4379 1799 4463 19),
1821 4379 1875 4442 ubi
1898 4377 2042 4444 Christus
2060 4379 2227 4458 postquam

235 4457 320 4538 dere,
345 4458 433 4524 ruta
463 4461 544 4524 ratio
575 4462 659 4543 cupit.
703 4461 773 4527 Ima
798 4463 897 4546 peritis
917 4465 1028 4542 unius,
1057 4468 1085 4528 et
1111 4464 1205 4527 totius
1255 4485 1288 4529 se
1309 4465 1410 4528 dares
1430 4463 1517 4546 repui
1537 4463 1685 4529 melonem
1709 4465 1800 4530 Petro
1816 4465 1965 4530 daturum
1980 4461 2135 4545 prooemii,
2158 4479 2227 4525 core·

233 4543 316 4609 orbis
342 4544 427 4628 leupo
446 4545 571 4611 diversa
596 4546 655 4609 erit
680 4549 769 4612 ratio.
815 4549 899 4629 Quia
924 4549 1061 4630 midique
1080 4548 1120 4613 ab
1140 4549 1205 4614 ido
1255 4550 1342 4613 timue
1362 4549 1528 4632 subiuupit,
1550 4550 1748 4632 pmdaruque
1768 4551 1836 4632 ipse
1853 4552 1888 4613 iu
1908 4554 1991 4613 terra
2007 4547 2151 4632 lipaoerit
2170 4551 2226 4611 aut

233 4628 353 4695 hlatris
373 4632 452 4712 septi
472 4635 559 4696 eraut
571 4629 694 4711 Iudaei,
715 4653 753 4696 ue
773 4633 955 4717 relipiouum
974 4635 1121 4699 uarietate
1140 4635 1204 4700 dis-
1254 4634 1386 4714 soluerit,
1408 4641 1512 4700 ratum
1532 4636 1567 4700 iu
1588 4635 1665 4700 coelo
1683 4637 1756 4717 fore.
1789 4635 1906 4716 Quibm
1922 4633 2023 4698 uerbis
2038 4631 2120 4698 nihil
2136 4631 2225 4696 aliud
2335 4633 2338 4637 ’
2379 4648 2384 4663 ¹

234 4715 438 4797 tralureutur,
466 4717 566 4782 achiis
596 4718 649 4781 sui
676 4717 777 4783 sedem
802 4720 838 4782 irr
868 4719 968 4785 mulo
992 4725 1092 4785 terrae
1128 4722 1204 4785 sinu
1254 4721 1420 4803 sipiificat,
1449 4742 1544 4802 prum
1569 4721 1658 4800 aliis,
1686 4741 1765 4802 puae
1790 4719 1939 4785 haberetur
1964 4719 2051 4802 apud
2077 4716 2226 4782 Iouerum

233 4797 323 4865 Deus
344 4801 513 4882 mhoeaoit;
538 4802 604 4868 illic
620 4823 719 4867 uuum
739 4804 906 4870 aritistitem
928 4805 1091 4887 praefecit,
1113 4827 1203 4888 prem
1255 4806 1322 4890 (20,
1341 4806 1407 4890 23),
1429 4827 1526 4887 quum
1545 4807 1716 4890 discipulos
1734 4808 1891 4871 missurus
1908 4807 1951 4872 ad
1965 4803 2225 4888 maeduauaum,

233 4905 336 4951 oruues
356 4889 546 4969 respuermt,
568 4909 627 4972 quo
648 4889 761 4955 melius
779 4892 815 4955 iu
834 4891 952 4956 uuitate
972 4893 1202 4959 euehuumtur.
1248 4897 1415 4974 pstquam
1436 4893 1610 4975 insufflavit
1625 4893 1660 4957 iu
1677 4912 1736 4971 eos,
1757 4911 1896 4973 quorum,
1913 4893 2022 4973 imperit,
2044 4889 2227 4956 remiseritis

236 4970 329 5068 Nuus
350 4973 403 5070 ubi
422 4995 495 5040 αανα
515 4975 624 5059 relipio
641 4976 676 5040 iu
696 4981 791 5042 totum
811 4975 911 5042 orbem
931 4977 1051 5059 diffusa
1070 4983 1123 5057 est,
1144 4980 1203 5043 imi
1254 5035 1457 5042 --.-..--

234 5225 264 5288 si
284 5228 355 5307 quis
375 5231 545 5311 emendat,
573 5238 668 5298 mum
687 5197 838 5300 'nm-‘dum
858 5254 880 5298 a
898 5234 1052 5316 Imm
1072 5199 1202 5300 mede.
1252 5188 1376 5306 aarum
1384 5182 1627 5318 νεὲιὲαῗαχανῖοαζΐ
1643 5252 1667 5317 ς.
1679 5181 1789 5316 bbbdu
1809 5198 1834 5234 a.
1854 5179 2033 5250 1539p.1r1
2054 5181 2129 5248 (orde
2146 5181 2227 5248 susm
