4770 6030
184 480 266 539 1133

187 576 568 663 1110;Β100;0103.]

611 474 830 539 01011111.
855 473 1000 557 (11111.)
1044 474 1107 538 00
1129 474 1243 539 vira
1264 472 1463 539 00110110
1488 472 1767 540 0001011110.

2042 561 2045 571 1
2110 481 2193 542 1134

185 665 342 747 proximis
364 664 543 728 debitorem
565 665 615 727 sui
639 686 718 741 esse,
749 685 809 728 nec
832 663 932 727 alium
960 663 1162 728 exercendae
1215 684 1307 726 mum
1320 664 1377 726 fiet
1396 675 1432 726 ut
1454 685 1521 727 non
1537 685 1596 745 per
1617 662 1708 726 nefas
1720 670 1753 726 ct
1771 661 1853 726 dolis
1866 661 1891 746 ¹)
1911 684 1948 727 ac
1966 663 2061 729 malis
2073 665 2197 730 artibus

185 772 264 832 erga
281 751 368 831 ipsos
390 750 622 814 beneficentiae
645 748 855 814 statuendum
879 770 950 814 esse
967 750 1076 826 finem,
1099 751 1164 814 nisi

185 857 285 916 quum
307 836 478 901 facultates
507 835 677 911 deficiunt;
708 856 804 917 quae,
834 856 932 916 quam
960 835 1024 898 late
1050 847 1163 899 exten·

185 921 316 999 duntur,
338 921 380 986 ad
402 923 548 986 caritatis
570 921 717 1003 regulam
739 922 872 984 limitari
894 920 1022 985 debent.

275 1011 322 1071 12.
371 1007 588 1088 Praecipuum
628 1007 852 1089 abnegationis
890 1007 992 1070 nostri
1025 1015 1162 1088 partem,

184 1114 284 1174 quam
302 1093 445 1158 diximus
463 1094 499 1155 in
516 1093 625 1156 Deum
649 1100 804 1174 spectare,
827 1115 915 1157 nunc
937 1113 1162 1174 exsequamur.

185 1179 235 1243 Ac
256 1179 362 1242 multa
385 1179 515 1261 quidem
538 1178 577 1241 de
600 1199 639 1242 ea
661 1179 727 1241 iam
750 1178 943 1254 dictasunt,
966 1199 1049 1259 quac
1071 1200 1164 1260 repe·

186 1274 255 1328 tere
278 1285 519 1348 supervacuum
541 1264 640 1341 fcret;
664 1265 802 1329 sufficiet
825 1272 974 1339 tractare,
1005 1271 1165 1346 quatenus

188 1350 228 1414 ad
247 1350 534 1431 aequanimitatem
554 1349 823 1431 tolerantiamque
835 1370 894 1414 nos
906 1351 1032 1414 format.
1066 1349 1165 1414 Prin·

185 1437 268 1518 cipio
291 1437 400 1518 igitur,
423 1436 457 1498 in
480 1435 665 1517 quaerenda
686 1436 773 1500 vitae
801 1437 981 1516 praesentis
1004 1437 1164 1500 1010010-

185 1521 341 1585 moditate
363 1522 416 1586 101
438 1521 681 1601 tranquillitate,
711 1521 775 1585 huc
797 1542 856 1585 nos
879 1522 1040 1602 scriptura
1061 1529 1164 1599 vocat,

185 1618 223 1670 ut
239 1608 375 1671 Domini
394 1607 528 1670 arbitrio
546 1629 605 1671 000
628 1615 802 1687 nostraque
820 1609 929 1671 omnia
947 1609 1164 1690 resignantes,

186 1693 363 1758 domandos
392 1715 429 1757 ac
458 1692 679 1775 subiugandos
708 1691 812 1757 cordis
836 1694 939 1756 nostri
960 1694 1095 1758 affectus
1117 1693 1166 1757 illi

185 1779 364 1843 tradamus.
410 1778 464 1842 Ad
487 1799 562 1860 opes
583 1778 786 1859 honoresque
804 1778 1011 1860 expetendos,
1035 1779 1076 1843 ad
1095 1801 1165 1844 am·

185 1863 339 1930 biendam
360 1865 547 1946 potentiam,
571 1863 613 1928 ad
640 1864 853 1928 cumulandas
875 1864 1020 1942 divitias,
1048 1865 1166 1930 adeas

186 1972 299 2015 omnes
317 1952 465 2032 ineptias,
489 1971 571 2031 quae
590 1949 631 2013 ad
649 1951 928 2032 magnificentiam
950 1972 1166 2033 pompamque

146 2094 152 2107 ,
186 2037 293 2101 facere
314 2035 480 2112 videntur,
509 2034 748 2117 congerendas,
777 2036 900 2100 fiuicsa
921 2046 971 2101 cst
993 2045 1105 2101 nostra
1126 2037 1166 2100 li·

186 2122 276 2199 bide,
307 2122 436 2185 infinita
458 2120 626 2202 cupiditas.
661 2121 807 2184 Rursum
828 2124 1045 2203 paupertatis,
1072 2124 1165 2205 igno·

186 2207 331 2285 bilitatis‚
355 2207 549 2271 humilitatis
571 2208 674 2271 mirus
696 2207 802 2283 timor,
824 2209 945 2270 mirum
962 2208 1073 2272 edium
1095 2210 1165 2290 qui-

186 2294 248 2358 bus
276 2292 317 2356 ad
344 2293 401 2356 illa
428 2291 532 2356 modis
560 2294 709 2357 omnibus
736 2293 919 2357 amolienda
947 2294 1164 2359 stimulamur.

186 2380 277 2443 Hinc
300 2379 409 2443 videre
431 2388 489 2456 est,
513 2376 618 2460 quam*
632 2379 807 2461 irrequieto
829 2380 896 2443 sint
916 2380 1058 2463 ingenie,
1089 2388 1167 2462 quot

188 2473 316 2530 tentent
338 2474 434 2541 artes,
463 2464 580 2546 quibus
603 2464 719 2529 studiis
742 2485 776 2528 se
799 2465 952 2547 fatigent,
981 2467 1166 2548 quicunque

185 2553 287 2617 vitam
306 2551 435 2633 proprie
454 2550 587 2615 consilio
605 2559 815 2631 compcmmt:
836 2572 898 2632 quo
910 2551 1033 2617 scilicet
1044 2551 1165 2633 adipis·

187 2645 304 2703 cantur
325 2658 408 2717 quae
430 2636 484 2700 vel
512 2636 697 2700 ambitionis
724 2635 778 2700 101
805 2637 961 2700 avaritiae
983 2638 1048 2701 fert
1067 2638 1165 2703 affec-

187 2730 254 2797 tus,
287 2743 418 2786 rursum
447 2743 510 2803 quc
538 2721 727 2804 pauperiem
762 2720 1046 2805 humilitatemque
1073 2723 1165 2787 defu·

186 2810 285 2892 01001
331 2808 402 2872 Ρ110
425 2829 501 2889 ergo
522 2806 718 2885 hominibus,
742 2829 784 2870 00
806 2808 928 2872 talibus
956 2807 1082 2890 laqueis
1103 2811 1165 2872 im·

187 2896 362 2977 plicentur,
400 2894 481 2958 haec
521 2893 662 2957 tenenda
697 2902 747 2958 cst
779 2894 843 2958 via.
898 2894 1064 2977 Principio
1096 2916 1165 2959 000

187 2981 319 3044 aliunde
340 2979 555 3062 praeparandi
578 2981 738 3043 rationem
760 2979 814 3045 101
832 2987 996 3061 appetant,
1019 2980 1073 3046 101
1091 3002 1164 3063 spe-

187 3072 275 3142 rent,
308 3065 360 3131 101
383 3066 540 3149 cogitent,
572 3087 671 3148 quam
697 3087 739 3128 ex
764 3065 900 3129 Domini
928 3066 1163 3144 benedictione,

178 3151 322 3232 ideoque
344 3152 379 3215 in
391 3172 463 3216 eam
475 3172 509 3215 se
530 3158 600 3215 1010
612 3172 649 3216 ac
672 3151 872 3215 confidenter
892 3152 1092 3218 reiiciantcc
1112 3175 1164 3218 re-

186 3238 318 3302 clinent.
363 3237 450 3302 Nam
472 3244 638 3319 utcunque
657 3238 718 3301 sibi
735 3237 871 3319 pulchre
888 3238 1036 3303 sufficere
1054 3238 1165 3304 videa·

186 3331 243 3388 tur
274 3344 364 3401 care,
399 3323 477 3387 dum
510 3323 563 3387 101
592 3323 725 3405 propria
756 3320 918 3387 industria
952 3323 993 3387 ad
1025 3324 1165 3390 honores

186 3430 327 3492 opesque
349 3408 527 3487 contendit,
548 3409 600 3472 101
623 3408 730 3473 studio
752 3409 896 3486 enititur,
920 3409 973 3473 101
991 3409 1166 3475 adiuvatur

187 3494 358 3560 hominum
392 3496 513 3578 gratia,
548 3501 674 3559 certum
702 3502 752 3559 est
780 3503 905 3572 tamen,
940 3497 1049 3560 omnia
1083 3496 1164 3562 haec

187 3581 271 3645 nihil
293 3602 373 3658 0000,
395 3602 501 3662 neque
521 3579 643 3662 aliquid
670 3580 723 3646 101
742 3581 876 3664 ingenio
898 3581 952 3645 vel
973 3581 1083 3646 labere
1104 3604 1164 3647 1100

186 3669 401 3750 profecturos,
425 3667 488 3731 uisi
509 3674 669 3749 quatenus
696 3674 871 3748 utrumque
898 3666 1063 3732 Dominus
1088 3689 1165 3751 pro-

186 3753 338 3835 sperabit.
385 3755 430 3817 At
464 3775 481 3816 0
514 3774 670 3818 converso
703 3753 771 3817 sela
809 3752 992 3817 benedictio
1029 3755 1165 3818 Domini

185 3840 284 3903 etiam
305 3861 364 3921 per
384 3839 494 3903 omnia
514 3838 748 3920 impedimenta
773 3840 860 3904 viam
883 3840 1018 3921 reperit,
1047 3848 1084 3903 ut
1105 3862 1164 3905 no·

184 3924 291 3989 bisin
320 3926 443 3988 laetum
470 3925 676 4006 faustumque
703 3926 828 3988 exitum
856 3924 1028 3990 succedere
1055 3927 1164 3990 omnia

183 4011 297 4087 faciat;
331 4010 463 4087 deinde,
493 4018 530 4072 ut
557 4011 700 4074 maxime
728 4012 798 4074 sine
819 4012 891 4092 ipsa
920 4011 1081 4092 possimus
1103 4011 1163 4076 ali-

183 4096 260 4176 quid
273 4095 395 4178 gloriae
407 4105 504 4177 atque
522 4096 706 4177 opulentiae
721 4098 814 4161 nobis
831 4118 1020 4177 comparare
1036 4097 1163 4179 (quem-

1216 747 1269 812 101
1292 750 1469 830 rapacitate
1498 770 1571 814 cum
1602 749 1827 830 proximorum
1848 749 1970 812 iniuria
1991 771 2125 816 ruamus
2156 748 2197 816 ad

1217 834 1394 915 captandas
1428 856 1519 916 opes,
1555 833 1595 899 ad
1628 834 1768 898 hencres
1798 833 2019 911 invadendos,
2052 835 2109 900 sed
2142 859 2197 902 eas

1217 929 1345 983 tantum
1372 920 1520 984 fortunas
1543 941 1717 1001 sequamur
1743 941 1826 1002 quae
1856 940 1914 983 nos
1943 920 1983 984 ab
2011 921 2198 987 innocentia

1217 1028 1283 1070 uon
1311 1006 1481 1071 abducant.
1527 1004 1610 1086 Quis
1638 1007 1725 1069 enim
1753 1012 1862 1087 speret
1889 1005 2018 1070 divinae
2045 1007 2197 1074 benedic-

1218 1092 1314 1155 tionis
1336 1093 1424 1155 intcr
1446 1091 1576 1156 fraudes
1598 1093 1731 1174 rapinas
1759 1091 1901 1173 aliasque
1925 1093 2087 1173 nequitiae
2110 1101 2197 1159 artes

1218 1176 1400 1241 auxilium?
1439 1178 1525 1242 Nam
1553 1184 1592 1241 ut
1625 1178 1696 1253 illa,
1731 1178 1794 1240 nisi
1821 1198 1904 1259 pure
1932 1179 2130 1261 cogitantem
2160 1201 2198 1245 aa

1217 1273 1305 1327 recte
1328 1271 1493 1346 agentem,
1522 1285 1587 1327 000
1611 1264 1765 1345 sequitur,
1789 1263 1836 1326 ita
1858 1284 1912 1328 cos
1935 1285 2062 1341 omncs,
2085 1287 2105 1329 a
2126 1267 2197 1347 qui-

1217 1350 1278 1413 bus
1301 1350 1474 1430 expetitur,
1495 1350 1535 1414 ab
1558 1349 1687 1431 obliqua
1709 1348 1906 1431 cogitatione
1928 1350 2102 1432 pravisque
2119 1352 2198 1417 faci-

1218 1435 1350 1499 neribus
1377 1444 1516 1500 revocat.
1560 1434 1688 1500 Deinde
1715 1436 1872 1499 iniectum
1901 1437 1964 1499 erit
1991 1437 2084 1501 nobis
2113 1438 2197 1502 frae—

1217 1518 1312 1597 num,
1345 1542 1386 1584 00
1413 1520 1586 1586 immodica
1614 1520 1791 1586 ditescendi
1816 1520 1992 1603 eupiditate
2015 1522 2196 1602 ardeamus,

1217 1627 1301 1670 neve
1340 1607 1516 1671 honoribus
1555 1608 1724 1671 ambitiose
1764 1606 1938 1672 inhiemus.
1995 1606 2070 1687 Qua
2108 1609 2197 1672 enim

1217 1692 1324 1756 fronte
1353 1694 1425 1774 quis
1454 1714 1473 1756 a
1500 1694 1572 1758 Dee
1607 1715 1641 1757 se
1672 1692 1821 1757 adiutum
1848 1693 1888 1756 iri
1919 1693 2061 1758 confidat
2091 1695 2132 1758 ad
2159 1715 2198 1759 aa

1218 1778 1457 1859 consequenda,
1485 1800 1569 1860 quae
1594 1787 1706 1842 contra
1742 1779 1812 1842 eius
1843 1779 1981 1843 verbum
2011 1779 2194 1844 desiderat?

1218 1863 1315 1927 Absit
1337 1864 1435 1941 enim,
1458 1871 1494 1927 ut
1516 1864 1601 1946 quod
1623 1886 1678 1928 ore
1700 1885 1758 1929 000
1780 1864 1872 1928 Deus
1895 1864 2069 1943 maledicit,
2098 1864 2196 1931 bene·

1218 1948 1370 2015 dictionis
1392 1971 1471 2014 suae
1494 1949 1654 2014 adiutorio
1681 1956 1905 2032 prosequatur.
1949 1952 2136 2029 Postrema,
2168 1953 2196 2017 si

1217 2056 1277 2116 pre
1307 2042 1381 2100 voto
1411 2057 1448 2100 ac
1471 2057 1528 2117 spe
1550 2057 1617 2099 non
1639 2034 1806 2113 succedat,
1840 2035 2064 2100 cohibebimur
2086 2045 2197 2102 tamen

1219 2120 1259 2184 ab
1288 2121 1492 2202 impatientia
1520 2130 1553 2185 et
1580 2121 1813 2204 qualiscunque
1841 2128 1971 2187 nostrae
2004 2122 2197 2188 conditionis

1219 2206 1432 2271 detestatione
1438 2230 1446 2285 ;
1476 2206 1561 2288 quod
1589 2208 1728 2272 sciemus
1755 2207 1789 2272 id
1817 2229 1888 2272 esse
1909 2229 2117 2273 murmurare
2140 2209 2196 2274 ad·

1220 2311 1334 2356 versus
1363 2292 1490 2370 Deum,
1515 2294 1607 2358 cuius
1635 2292 1769 2357 arbitrie
1797 2293 1930 2358 divitiae
1957 2303 1990 2357 et
2012 2303 2195 2377 paupertas,

1217 2386 1422 2461 contemptus
1456 2386 1489 2443 et
1520 2379 1660 2442 honores
1693 2377 1933 2460 dispensantur.
1985 2380 2026 2444 In
2058 2403 2195 2459 summa,

1218 2465 1274 2545 qui
1296 2486 1331 2529 sc
1353 2486 1399 2542 co,
1423 2485 1487 2546 quo
1509 2463 1634 2529 dictum
1656 2471 1715 2543 est,
1741 2463 1837 2528 mode
1858 2465 1893 2528 in
1916 2466 1979 2529 Dei
1998 2466 2196 2532 benedictio-

1217 2571 1294 2614 nem
1317 2550 1490 2628 reclinarit,
1514 2571 1574 2615 nec
1596 2572 1635 2615 ea
1656 2571 1738 2632 quac
1758 2550 1878 2614 furiose
1901 2553 2009 2632 expeti
2033 2552 2073 2617 ab
2091 2553 2196 2617 homi·

1218 2635 1314 2700 nibus
1342 2636 1456 2712 solent,
1486 2636 1583 2700 malis
1613 2637 1737 2701 artibus
1759 2636 1988 2718 aucupabitur,
2018 2639 2135 2718 quibus
2161 2661 2196 2705 se

1217 2720 1301 2786 nihil
1334 2722 1554 2804 profecturum
1583 2721 1752 2806 cogitabit,
1775 2743 1849 2799 nec,
1876 2721 1904 2786 01
1932 2722 2009 2803 quid
2043 2746 2197 2807 prospere

1218 2806 1385 2883 acciderit,
1415 2808 1476 2872 sibi
1504 2808 1680 2892 imputabit
1708 2829 1744 2873 ac
1775 2827 1852 2873 suae
1883 2808 1935 2872 101
1957 2808 2121 2873 sedulitati
2144 2810 2197 2875 101

1217 2892 1398 2957 industriae
1425 2893 1479 2960 101
1507 2894 1671 2972 fortunae,
1706 2893 1763 2959 sed
1790 2895 1862 2958 Deo
1889 2894 1994 2958 autori
2026 2904 2196 2976 acceptum
2278 2900 2292 2919 “·

1217 2979 1307 3042 feret.
1353 2977 1451 3058 Quod
1472 2981 1500 3045 si
1528 2980 1720 3045 florentibus
1748 2979 1887 3044 aliorum
1919 2980 2016 3045 rebus
2041 2982 2111 3062 ipse
2138 3002 2196 3063 pa-
2295 3035 2299 3050 .

1218 3086 1292 3128 rum
1313 3073 1519 3146 promoveat,
1549 3067 1614 3130 imo
1636 3068 1736 3130 etiam
1756 3072 1844 3131 retro
1866 3064 2051 3145 delabatur,
2080 3068 2196 3131 maiori

1217 3156 1329 3214 tamen
1351 3152 1512 3233 aequitate
1535 3173 1572 3216 ac
1593 3151 1816 3217 mederatione
1838 3152 1940 3216 animi
1967 3173 2060 3217 suam
2088 3154 2195 3218 tenui-

1217 3243 1319 3300 tatem
1351 3238 1448 3314 feret,
1481 3258 1580 3321 quam
1612 3239 1768 3320 profanus
1805 3238 1967 3320 quispiam
2000 3238 2196 3304 mediocrem

1217 3343 1412 3400 successum,
1436 3325 1492 3407 qui
1514 3332 1590 3389 1010
1612 3323 1774 3388 duntaxat
1791 3344 1858 3388 non
1875 3324 2079 3405 respondeat.
2123 3325 2195 3391 Ha-

1216 3408 1298 3473 bens
1320 3408 1443 3474 scilicet
1463 3408 1616 3474 solatium
1633 3411 1669 3473 in
1687 3431 1749 3492 quc
1772 3409 1981 3492 tranquillius
2004 3412 2194 3493 acquiescat,

1217 3515 1315 3575 quam
1337 3495 1373 3558 in
1400 3516 1527 3560 summo
1554 3496 1609 3559 vel
1631 3495 1815 3577 opulentiae
1837 3495 1891 3559 vel
1912 3497 2076 3578 potentiae
2104 3498 2194 3561 10011-

1217 3580 1284 3662 gio;
1307 3581 1383 3662 quia
1403 3589 1441 3644 ut
1462 3581 1560 3646 saluti
1582 3602 1660 3646 suae
1682 3581 1846 3660 conducit,
1868 3582 1915 3646 ita
1936 3603 1989 3646 ree
2011 3603 2087 3646 suas
2109 3581 2195 3647 ordi-

1217 3667 1290 3730 nari
1312 3688 1332 3730 a
1353 3667 1497 3731 Domino
1519 3674 1657 3749 reputat.

1306 3756 1353 3815 14.
1398 3753 1512 3836 Neque
1539 3754 1574 3816 in
1603 3753 1664 3817 hac
1688 3759 1816 3817 tantum
1843 3760 1935 3834 parte
1962 3760 2110 3818 constare
2132 3755 2196 3836 piis

1216 3838 1335 3902 animis
1357 3837 1462 3904 debet
1474 3838 1532 3903 illa
1554 3839 1775 3921 tranquillitas
1804 3846 1838 3902 et
1857 3838 2044 3918 tolerantia,
2079 3861 2195 3906 verum

1217 3923 1257 3987 ad
1281 3945 1393 3988 omnes
1413 3926 1513 3989 etiam
1534 3946 1644 4002 casus,
1673 3924 1789 4006 quibus
1809 3924 1949 3989 obnoxia
1969 3936 2019 3989 est
2039 3947 2194 4007 praesens

1217 4011 1298 4086 1110,
1333 4010 1529 4075 extendatur
1560 4031 1691 4075 necesse
1720 4017 1777 4074 est.
1822 4010 1912 4094 Ergo
1939 4032 2035 4074 nemo
2070 4034 2105 4077 sc
2132 4015 2194 4078 rite

1217 4096 1400 4179 abnegarit,
1425 4097 1487 4161 nisi
1510 4097 1565 4179 qui
1588 4118 1622 4160 sc
1644 4103 1749 4160 totum
1771 4097 1817 4160 ita
1839 4096 2019 4180 resignavit
2039 4098 2194 4178 Domine,

185 4180 360 4245 admodum
379 4181 529 4247 ridemus
546 4181 688 4262 quotidie
706 4181 822 4264 impios
840 4183 968 4265 magnis
987 4183 1163 4247 ethonori·
1215 4189 1253 4245 ut
1274 4203 1386 4246 omnes
1409 4183 1497 4246 11100
1519 4204 1597 4247 suae
1625 4190 1734 4264 partes
1763 4183 1833 4246 eius
1856 4183 1988 4247 arbitrio
2017 4184 2193 4266 gubernari

184 4266 245 4330 bus
264 4274 296 4330 et
314 4268 429 4348 opibus
447 4266 631 4349 cumulari),
650 4267 780 4349 quando
798 4277 909 4332 tamen
927 4289 969 4332 110
991 4269 1163 4334 minimam
1215 4268 1309 4331 ferat.
1344 4266 1411 4347 Qui
1430 4289 1508 4332 vere
1530 4270 1577 4333 sic
1600 4269 1709 4332 animo
1728 4269 1924 4350 compositus
1942 4269 2013 4345 erit,
2037 4268 2193 4351 quidquid

65 4358 69 4363 ’
184 4352 317 4434 quidem
336 4353 498 4417 felicitatis
529 4352 723 4434 particulam
753 4353 945 4437 degustant,
974 4355 1090 4438 quibus
1112 4356 1163 4419 in-
1216 4353 1356 4431 accidat,
1380 4375 1441 4418 nec
1458 4355 1615 4419 miserum
1638 4375 1672 4418 se
1695 4354 1867 4436 reputabit,
1890 4376 1950 4419 nce
1968 4353 2085 4418 desua
2107 4362 2193 4422 sorte

184 4439 308 4503 cumbit
333 4439 398 4502 Dei
425 4437 623 4515 maledictio,
658 4438 728 4502 sine
754 4441 825 4521 ipsa
853 4439 954 4517 nihil,
984 4441 1048 4503 nisi
1077 4440 1163 4523 quod
1215 4460 1290 4503 cum
1316 4439 1380 4504 Dei
1407 4439 1531 4504 invidia
1558 4449 1783 4522 conqueretur.
1835 4439 1944 4520 Quam
1975 4461 2053 4504 1010
2080 4463 2192 4507 00000-

183 4523 269 4588 male
288 4525 380 4590 nobis
402 4531 518 4601 101101,
542 4542 786 4607 consequemur.
831 4526 936 4589 Porro
959 4546 1163 4608 nequaquam
1215 4525 1302 4588 saria
1330 4526 1373 4590 011
1400 4525 1481 4590 haec
1509 4527 1651 4603 affectio,
1685 4525 1763 4590 inde
1786 4525 1924 4608 patebit,
1960 4526 1985 4589 si
2009 4527 2193 4594 consideres

183 4609 403 4691 appetendum
423 4610 508 4693 quod
537 4611 684 4674 homines
706 4611 812 4693 magis
833 4613 969 4676 miseros
990 4613 1075 4677 facit.
1215 4617 1293 4691 quot
1325 4611 1545 4676 accidentibus
1578 4612 1714 4677 subiecti
1746 4613 1855 4677 simus.
1906 4609 1974 4674 Alii
2008 4619 2104 4694 atque
2137 4614 2192 4679 alii

274 4700 321 4760 13.
366 4698 457 4780 Ergo
486 4698 513 4760 01
535 4717 666 4760 emnem
696 4697 911 4779 prosperandi
940 4700 1099 4762 rationem
1127 4700 1161 4762 in
1214 4696 1320 4760 morbi
1345 4719 1404 4761 nos
1431 4696 1608 4761 identidem
1636 4698 1807 4775 infestant;
1840 4718 1926 4761 nunc
1957 4699 2061 4762 saevit
2093 4701 2193 4781 pesti·

183 4782 252 4846 sela
281 4783 346 4846 Dei
373 4782 596 4848 benedictione
624 4782 786 4849 credimus
814 4805 884 4848 esse
911 4785 1064 4865 positam,
1099 4806 1164 4866 qua
1187 4820 1190 4835 ι
1214 4781 1330 4860 lentia3
1353 4804 1441 4847 nunc
1463 4783 1540 4847 belli
1562 4782 1801 4849 calamitatibus
1824 4782 1998 4848 crudeliter
2016 4806 2191 4867 vexamur3
2259 4810 2263 4818 ·

184 4869 318 4934 absente
335 4869 487 4934 miseriae
504 4889 564 4934 000
586 4890 681 4933 omne
704 4890 808 4952 genus
826 4878 859 4934 et
876 4868 1071 4934 calamitatis
1093 4891 1162 4933 ma-
1215 4889 1302 4932 nunc
1323 4867 1398 4952 gelu
1420 4875 1478 4932 aut
1499 4869 1638 4952 grando,
1668 4891 1725 4951 spe
1748 4869 1827 4932 anni
1849 4868 2021 4947 devorata,
2039 4871 2192 4936 sterilita-

183 4963 270 5032 neat,
294 4962 398 5019 restat
424 4957 525 5020 etiam
544 4959 645 5020 utne
667 4956 799 5038 propria
827 4955 880 5019 101
902 4956 1026 5038 ingenii
1050 4955 1162 5020 dexte·
1215 4960 1282 5016 tem
1303 4952 1444 5032 inducit,
1473 4975 1556 5037 quae
1585 4976 1644 5020 nos
1673 4954 1714 5019 ad
1736 4955 1908 5036 penuriam
1928 4953 2069 5039 redigat,
2096 4979 2190 5038 uxor,

184 5040 280 5104 ritate
302 5040 354 5106 vel
378 5041 549 5106 sedulitate
571 5040 663 5119 freti,
691 5062 734 5105 ne
762 5040 932 5104 hominum
954 5042 1064 5106 favore
1087 5042 1163 5106 sub-
1214 5036 1378 5120 pa'rentes,
1401 5040 1503 5119 liberi,
1522 5041 1695 5125 propinqui
1712 5048 1816 5104 morte
1837 5040 2056 5122 abripiuntur3
2079 5044 2191 5108 incen-

184 5125 268 5201 nixi,
303 5127 356 5190 vel
383 5128 475 5191 inani
512 5128 661 5191 fortunae
694 5128 927 5209 imaginatione
959 5129 1086 5206 confisi,
1121 5128 1162 5192 ad
1215 5123 1267 5188 dio
1297 5126 1481 5191 absumitur
1510 5126 1633 5193 domus.
1677 5126 1771 5192 Haec
1798 5134 1875 5191 sunt
1903 5147 2041 5208 quorum
2070 5136 2190 5194 eventu
2284 5134 2288 5148 ¹

183 5229 261 5291 opes
283 5212 486 5296 honoresque
507 5210 623 5295 cupide
646 5211 889 5289 contendamus,
913 5212 1027 5278 sedin
1047 5214 1163 5278 Domi·
2228 5235 2230 5240 ·

184 5316 265 5359 num
283 5317 351 5361 sem
375 5320 411 5364 er
427 5299 649 5382 respiciamus,
662 5304 700 5362 nt
716 5297 788 5362 eius
805 5298 966 5381 auspiciis,
989 5297 1031 5363 ad
1048 5320 1163 5382 quam-

182 5383 343 5464 eunque'
410 5383 595 5466 providerit
612 5389 741 5463 sortem,
769 5381 977 5476 deducamm.
1021 5384 1075 5449 Ita
1095 5385 1163 5466 pri-

1214 5300 1418 5323 *ᾐτ-

1284 5399 1313 5466 1)
1331 5417 1382 5468 per
1398 5401 1440 5454 fae
1457 5406 1485 5454 ct
1503 5401 1585 5467 110100,
1604 5401 1673 5455 (10110
1692 5398 1766 5455 lata.
