4770 6030
224 365 287 426 843
739 408 744 417 ,
794 335 1652 424 6336666610666.6Η6136.666-1664.
2165 362 2230 422 844

1993 471 2229 540 1433930340.

223 552 277 627 tia,
301 548 454 629 66666666
470 548 631 629 potestatis
647 545 755 610 babent
772 548 837 610 ueri
860 547 1003 628 episcopi,
1026 547 1061 610 id
1076 546 1146 608 iure
1164 545 1199 607 in
1250 544 1387 607 seientia.
1440 543 1566 621 Altera,
1600 549 1635 607 ut
1667 546 1733 625 ipse
1762 565 1845 608 uuus
1871 459 2031 610 cuiseabur
2058 548 2230 629 imperium

222 655 272 699 ees
290 638 459 714 competere.
506 630 591 715 Nepa
611 637 713 696 taiueu
728 637 902 713 prepterea.
917 633 1107 714 lepislatores
1134 649 1199 693 6336
1250 629 1360 693 babere
1382 631 1417 692 in
1438 630 1563 693 animas
1585 635 1721 708 nostras,
1745 633 1796 693 cui
1812 651 1926 712 parere
1947 637 1974 694 et
1993 653 2014 695 a
2036 634 2127 697 euius
2148 638 2228 697 nutu

220 719 364 800 fidelibus
386 719 553 799 impositos,
573 719 630 797 aui
645 718 857 798 praescribere
879 739 900 781 a
922 737 955 780 se
976 717 1057 798 ipsis
1074 716 1200 798 possint
1245 714 1378 796 pendae
1399 715 1569 779 debeamus.
1615 715 1679 778 His
1700 716 1822 780 duabus
1849 718 2022 781 rationibus
2052 717 2228 790 obseruatis,

222 804 351 878 vivendi,
364 798 517 886 reputem,
546 805 593 867 666
615 803 657 866 ad
678 823 738 867 sua
753 803 877 885 placita
893 803 1015 883 plebem
1037 803 1100 866 sibi
1122 821 1199 865 6666·
1249 801 1359 882 facilis
1385 802 1444 865 erit
1467 801 1666 879 diiudicatio,
1702 822 1781 881 qnae
1812 804 1973 866 bmniiium
1999 805 2231 869 constitutiones

220 892 353 954 missam
376 891 507 972 adipere.
554 889 657 970 Quum
683 889 737 953 bec
763 889 844 966 dice,
873 889 1010 970 intellipe
1035 889 1117 969 ipsis
1142 887 1200 950 mi-
1250 886 1314 950 sint
1334 887 1423 949 eerbe
1433 885 1567 950 Domini
1582 889 1764 952 contrariae.
1800 887 1879 952 Sunt
1900 894 2004 952 666666
2022 890 2090 954 eius
2104 892 2230 973 pencris

221 977 422 1052 ulmetium,
445 975 527 1056 quod
547 975 611 1056 ipsi
633 996 655 1038 a
675 994 715 1051 se,
738 976 851 1055 absque
874 972 940 1037 Dei
964 974 1060 1050 verbe,
1082 973 1199 1054 excopi-
1251 992 1361 1050 emries,
1384 992 1464 1052 quae
1485 972 1527 1036 ad
1544 993 1650 1036 omum
1666 971 1731 1037 Dei
1752 974 1868 1038 cultum
1884 975 2046 1056 ,inpariter
2060 978 2228 1057 pertinere,

220 1063 360 1139 taoerint,
379 1062 522 1126 ecclesiae
538 1059 761 1124 observandum
771 1081 832 1141 pre
849 1060 1021 1123 necessario
1037 1059 1198 1123 mandare.
1250 1058 1411 1138 etauibus
1427 1058 1591 1122 servandis
1611 1060 1813 1124 666366666666
1841 1060 2030 1144 obliquatur,
2060 1064 2153 1142 quasi
2179 1062 2229 1127 eb

222 1144 264 1211 Id
289 1148 343 1210 ius
370 1168 468 1228 quum
497 1147 693 1228 etapostolis
713 1146 809 1227 suerit
830 1146 1035 1227 iucopnitum,
1064 1149 1091 1209 et
1112 1144 1199 1207 toties
1250 1148 1376 1208 screatu
1393 1145 1586 1208 necessariae
1608 1149 1713 1208 essent.
1758 1144 1831 1209 Hae
1857 1147 2033 1228 erpeiamc
2053 1148 2229 1212 immineri

221 1233 365 1298 666663666
390 1233 548 1297 ministris
576 1251 628 1294 ere
647 1230 780 1296 Danini
801 1231 993 1313 ademptum,
1021 1231 1122 1294 miror
1143 1229 1199 1308 qui
1250 1249 1322 1292 mus
1337 1230 1562 1309 ponderandas
1582 1250 1647 1294 6336
1668 1250 1773 1294 murres
1789 1231 1947 1296 liumaiias
1965 1233 2059 1315 lepes,
2086 1234 2117 1298 si
2142 1235 2230 1298 eolu-

220 1340 290 1383 eam
311 1324 438 1400 praeter
464 1318 673 1399 apostoloram
699 1319 873 1398 enemplum
905 1321 931 1380 et
958 1319 1065 1380 eontra
1096 1315 1199 1378 66666-
1250 1335 1322 1379 mus
1344 1314 1454 1379 babere
1481 1321 1596 1379 certum
1622 1335 1764 1394 6666666,
1792 1319 1874 1396 quod
1900 1339 2057 1399 nusquam
2083 1319 2230 1383 aberrare

218 1405 332 1486 testam
363 1403 428 1469 Dei
459 1402 699 1485 prohibitionem
739 1405 880 1484 arripere
921 1403 994 1467 ausi
1025 1401 1142 1481 fuerint
1173 1403 1199 1462 et
1250 1421 1306 1465 nos
1332 1401 1425 1465 sinat.
1477 1398 1591 1465 Pri'ere
1621 1402 1773 1465 contendit
1802 1400 1928 1467 Paulus
1956 1405 1996 1483 in
2023 1406 2155 1486 epristela
2186 1407 2230 1469 ad

218 1489 310 1555 bodie
330 1489 488 1571 defendere
509 1488 653 1552 audeant.
1253 1485 1457 1564 delassatam,
1486 1487 1637 1550 aduersus
1652 1488 1925 1568 pseudoapostolos
1945 1491 2001 1570 qui
2018 1492 2109 1555 noeis
2129 1492 2229 1555 areeri·

308 1580 335 1638 7.
376 1575 464 1657 Quod
481 1574 524 1638 ad
540 1574 710 1655 perfectam
731 1574 803 1637 berne
824 1572 949 1637 uiuendi
966 1572 1111 1654 repulam
1125 1590 1199 1652 per-
1250 1572 1307 1636 bus
1321 1592 1465 1653 premiere
1485 1573 1628 1637 ecclesias
1644 1573 1806 1637 tardabam.
1841 1573 1984 1640 Securula
2004 1577 2108 1659 mapis
2128 1578 2231 1640 utitur

220 1661 341 1739 timebat,
365 1661 398 1725 id
419 1665 514 1726 tetum
534 1660 581 1723 sic
602 1660 778 1740 cernpleicns
800 1664 843 1722 636
863 1656 1024 1722 Dominus
1045 1657 1108 1739 lepe
1128 1675 1198 1734 sua,
1250 1659 1286 1721 66
1309 1656 1453 1735 Galatis,
1466 1659 1502 1721 iu
1522 1659 1624 1722 simili
1644 1678 1750 1723 causa.
1795 1658 1864 1724 Hoc
1889 1662 2012 1744 erpeiu
2033 1663 2165 1745 epistola
2186 1664 2231 1727 ad

174 1740 176 1747 ¹
219 1751 253 1812 ut
274 1746 357 1812 uiliil
377 1745 553 1812 bominibus
569 1745 740 1826 reliquerit,
762 1744 845 1825 quod
865 1744 907 1808 ad
928 1763 1085 1807 summam
1107 1742 1199 1807 illam
1254 1742 1447 1809 Gelessmses
1474 1745 1666 1824 exsequitur:
1699 1766 1762 1808 non
1794 1765 1859 1810 esse
1886 1747 1923 1810 de
1953 1768 2022 1811 oere
2049 1746 2113 1811 Dei
2139 1749 2230 1813 cultu

220 1832 373 1898 adderent.
417 1830 517 1913 quue
538 1851 570 1895 ce
586 1831 659 1912 tecit
670 1829 695 1914 ¹)
718 1831 875 1912 primum,
897 1834 949 1907 ut,
972 1829 1049 1910 quia
1070 1832 1133 1892 tota
1154 1827 1199 1890 66-
1244 1829 1410 1909 petendam
1432 1829 1470 1893 ab
1492 1828 1668 1894 luminibus
1684 1831 1865 1908 doctrinam,
1889 1834 1967 1912 auia
1977 1832 2135 1898 Dorulaus
2152 1833 2230 1913 fide-

220 1919 310 1983 vendi
331 1918 478 1983 rectitudo
499 1919 535 1981 in
556 1915 609 1980 boe
631 1918 694 1980 sita
715 1921 772 1995 est,
802 1917 832 1980 si
852 1916 960 1980 omnia
977 1918 1083 1977 nestra
1105 1933 1199 1995 epeia
1252 1915 1321 1979 liter
1343 1935 1399 1978 nes
1420 1920 1448 1978 66
1470 1915 1656 1995 adplenum
1676 1917 1828 1994 instituit,
1857 1919 1992 1999 qualiter
2013 1920 2055 1983 sit
2074 1920 2229 1984 colendus.

221 2004 264 2070 ad
291 2005 358 2068 eius
386 2004 574 2069 uoluntatem
598 2007 748 2083 tauquam
776 2002 819 2065 ad
848 2020 993 2066 ammam
1026 2000 1198 2081 culparetur,
1255 2001 1320 2082 Quo
1348 1999 1402 2064 bec
1430 2002 1627 2081 demonstret,
1648 2003 1756 2083 prime
1784 2004 1886 2085 capite
1910 2005 1986 2067 dicit
2012 2005 2048 2068 in
2071 2007 2230 2088 eoanpelio

220 2092 334 2155 unicus
355 2090 437 2154 citae
462 2089 609 2172 papister
635 2108 672 2152 ac
698 2089 828 2154 director
856 2109 877 2151 a
904 2086 992 2150 nobis
1019 2083 1181 2165 baberetur
1187 2107 1198 2162 ,·
1250 2087 1399 2151 centimri
1427 2107 1547 2151 ornnem
1574 2089 1778 2169 sapientiam,
1808 2109 1871 2169 qua
1893 2089 2050 2172 perfectus
2076 2089 2230 2157 reddatur

179 2253 180 2257 Ἰ
221 2176 331 2240 deinde
351 2181 386 2239 ut
406 2179 547 2239 testatum
572 2173 698 2255 faceret,
728 2194 760 2238 se
782 2194 804 2235 a
819 2173 907 2237 nabis
926 2171 1008 2235 nibil
1029 2171 1132 2254 mapis
1153 2190 1199 2233 re
1250 2171 1337 2236 bonno
1358 2170 1422 2235 Dei
1444 2174 1480 2238 in
1501 2170 1631 2238 Gbristo.
1675 2171 1774 2237 Initie
1794 2176 1930 2253 secundi,
1953 2175 2029 2239 dicit
2050 2196 2156 2241 eiunes
2176 2199 2230 2242 sa·

222 2263 344 2341 puirere
364 2281 459 2342 66666
475 2259 682 2324 obedientiam.
715 2259 787 2324 Hac
802 2259 922 2323 ratione
939 2255 1126 2339 Iacebuss²)
1143 2256 1199 2337 qui
1244 2258 1385 2340 pientiae
1406 2263 1434 2321 et
1455 2259 1676 2342 intellipcntiae
1697 2257 1858 2324 tlusauros
1878 2261 1914 2323 iu
1927 2259 2051 2325 Obriste
2072 2283 2138 2326 csse
2159 2263 2230 2327 abs-

222 2347 489 2429 iudicatsratrem,
505 2346 605 2426 iuquit
617 2345 661 2429 (4,
678 2345 742 2428 11),
759 2344 878 2408 iudicat
893 2344 1004 2425 669666,-
1026 2343 1081 2422 qui
1104 2342 1198 2424 lepem
1249 2344 1400 2421 cendites;
1423 2343 1495 2407 iiule
1516 2349 1626 2426 postea
1647 2345 1813 2409 cuncludit:
1841 2352 1969 2410 6666666
1988 2346 2096 2426 fideles
2116 2369 2154 2412 ne
2169 2370 2231 2431 per

222 2433 356 2511 iudicat,
386 2453 448 2496 nen
468 2435 512 2495 est
533 2431 705 2495 observater
727 2432 811 2514 lepis,
832 2430 885 2493 sed
906 2429 1015 2492 iudei:
1037 2447 1120 2491 uuus
1141 2448 1198 2491 au
1250 2431 1376 2493 iimiiem
1392 2429 1627 2511 pbilosepbiem
1648 2431 1843 2495 abducantur
1868 2454 1889 2495 a
1908 2453 1998 2514 prcpe
2022 2430 2155 2512 Obristi,
2184 2456 2230 2500 se

221 2523 281 2584 tem
302 2518 465 2602 lepislator,
488 2517 547 2597 qui
560 2520 660 2598 potest
680 2536 804 2581 serrare
823 2514 1004 2596 etperdere.
1036 2512 1199 2577 Audimus
1249 2515 1386 2579 cundum
1408 2516 1636 2580 constitutiones
1655 2516 1823 2581 bominum.
1869 2517 1912 2580 Iu
1931 2517 1994 2597 fine
2015 2524 2120 2584 666666
2142 2522 2229 2602 capi-

189 2613 192 2623 “
221 2603 327 2669 Deum
352 2604 406 2667 boc
431 2603 492 2667 sibi
519 2602 577 2666 uui
600 2602 683 2666 uelut
697 2602 866 2683 proprium
885 2619 1036 2675 asserere,
1058 2603 1093 2662 ut
1114 2599 1198 2662 uerbi
1248 2601 1291 2664 tis
1306 2602 1425 2665 6666666
1442 2601 1543 2666 adbuc
1562 2601 1681 2682 fiducia
1692 2603 1823 2668 damnat
1838 2624 1942 2667 666663
1958 2607 2227 2687 imterpositione,

221 2692 273 2754 sui
301 2690 431 2771 imperio
458 2708 495 2753 ac
523 2688 641 2769 lepibus
667 2707 724 2751 nos
753 2691 866 2770 repat..
895 2684 998 2765 Atque
1027 2683 1062 2748 id
1091 2685 1197 2766 ipsum
1248 2686 1302 2751 boc
1321 2691 1372 2765 est,
1393 2686 1519 2767 fictitios
1539 2689 1641 2752 cultus
1677 2710 1754 2770 pnes
1775 2688 1912 2754 beiniiies
1933 2690 2081 2772 sibiipsi
2102 2693 2228 2756 commi-

221 2780 291 2841 ante
319 2776 357 2840 ab
380 2775 490 2839 Iesaia
519 2773 635 2837 dictmu
654 2773 773 2854 fuerat,
798 2772 943 2853 66666663
964 2771 1065 2852 paulo
1094 2769 1197 2833 abscie-
1248 2774 1426 2850 niscuntur,
1461 2774 1508 2838 cel
1539 2774 1578 2838 ab
1605 2738 1683 2838 aliis
1709 2777 1880 2857 accipiunt,
1910 2780 1937 2840 et
1964 2796 2160 2857 quaecunque
2187 2779 2228 2841 de

222 2863 291 2925 rius
313 2861 389 2944 (Ios.
411 2864 460 2937 33,
480 2858 555 2943 22).·
582 2856 740 2922 Dmuinus
761 2879 816 2921 rea
836 2860 949 2933 nester,
972 2854 1130 2920 Dmniuus
1157 2857 1196 2919 le·
1249 2858 1333 2921 cultu
1344 2858 1409 2923 Dei
1430 2860 1552 2923 tradere
1567 2866 1735 2942 praecepta
1754 2860 1893 2924 beminis
1909 2862 2031 2925 audent.
2064 2861 2229 2928 Habemus
2328 2911 2333 2923 .

219 2948 351 3030 pislator
380 2950 493 3022 nester,
528 2942 686 3008 Dmuinus
712 2945 807 3008 iudex
828 2946 943 3019 nester,
972 2943 1039 3023 ipsc
1063 2941 1197 3005 satiabit
1248 2965 1319 3026 erpo
1340 2944 1459 3025 impias
1477 2965 1541 3009 esse
1562 2966 1666 3011 omnes
1691 2948 1933 3025 mutilationes,
1963 2948 2154 3027 inquorum
2178 2950 2229 3016 eb

221 3053 285 3097 nos.
331 3031 463 3111 Utroque
483 3051 559 3094 sane
582 3031 643 3094 loco
665 3030 834 3093 ostenditur
854 3029 935 3091 66666
956 3032 982 3090 et
1003 3027 1112 3092 moitis
1133 3045 1197 3090 esse
1248 3031 1420 3094 servatione
1444 3031 1545 3094 cubus
1573 3029 1637 3094 Dei
1664 3033 1745 3096 situs
1772 3053 1837 3096 esse
1862 3032 2000 3115 tinpitur.
2051 3033 2127 3098 Loci
2155 3056 2229 3099 oere

223 3117 430 3200 arbitrum8),
453 3117 509 3197 qui
536 3117 590 3179 ius
608 3115 695 3179 biibet
722 3117 755 3178 66
778 3114 926 3180 animam.
972 3111 1042 3177 Iino
1064 3110 1197 3176 Iacobus
1249 3115 1360 3194 auibus
1381 3116 1416 3178 iu
1441 3115 1569 3181 Galatis
1589 3123 1688 3199 urpet,
1716 3139 1778 3182 non
1799 3139 1864 3182 esse
1885 3120 2011 3198 laqueos
2032 3121 2229 3186 conscientiis

223 3203 277 3267 bec
300 3204 383 3267 clare
404 3202 596 3284 pronuntiat.
648 3200 690 3264 Id
709 3221 807 3282 porro
836 3200 899 3263 sibi
928 3218 1015 3262 nemo
1036 3197 1197 3261 bominum
1249 3200 1434 3278 induendos,
1463 3223 1544 3282 oues
1571 3225 1592 3267 a
1608 3205 1672 3268 sole
1694 3203 1762 3268 Dee
1787 3205 1854 3286 repi
1875 3207 2024 3281 66666666,
2053 3207 2135 3269 satis
2151 3212 2227 3270 3666

222 3309 343 3353 samem
358 3292 465 3371 poue.
503 3286 608 3351 Deum
629 3287 726 3370 ipitur
747 3286 875 3349 6666666
895 3284 1076 3349 animarum
1097 3304 1197 3366 copem
1249 3287 1367 3368 aperti;
1389 3290 1578 3368 praesertim
1604 3290 1703 3372 capite
1736 3290 1848 3368 quinto.
1899 3289 1974 3355 Ideo
2003 3290 2145 3372 sufficiat
2169 3313 2228 3357 an-

222 3376 347 3458 apnosci
368 3378 495 3457 oportet,
518 3393 614 3455 penes
642 3392 731 3453 quem
751 3392 849 3435 unum
868 3370 1015 3434 sereamli
1030 3370 1195 3451 perdendi·
1248 3377 1377 3437 notasse.

221 3482 278 3542 que
296 3464 431 3543 potestas
452 3455 1146 3542 636,·666(666666163666666666366666)
1170 3458 1196 3517 et
1335 3463 1362 3521 9.
1411 3458 1473 3523 Sed
1503 3461 1579 3540 quia
1606 3461 1756 3541 eaauplis
1784 3481 1834 3524 res
1866 3465 1928 3526 totu
1958 3463 2072 3527 nulius
2097 3463 2229 3544 patefid

220 3567 319 3630 repom
340 3551 368 3610 et
388 3545 522 3609 iudicem
544 3548 572 3608 et
591 3544 793 3628 lepislatorem
815 3547 842 3606 66
862 3546 1054 3606 servatorem.
1086 3540 1196 3621 Itaque
1249 3550 1414 3624 antequam
1436 3546 1521 3610 ultra
1537 3540 1774 3628 propredimur,
1798 3568 1907 3628 operae
1919 3549 2059 3630 pretium
2080 3553 2125 3612 636
2144 3548 2228 3613 banc

224 3631 349 3710 Petrus,
378 3631 455 3694 dum
470 3633 614 3713 pastores
635 3630 734 3712 officii
754 3630 807 3694 sui
824 3629 978 3703 admonet,
1002 3628 1048 3690 sic
1073 3646 1197 3709 prepem
1247 3630 1421 3695 doctrinam
1441 3631 1485 3695 ad
1506 3636 1613 3694 iiostra
1635 3636 1771 3712 tempora
1791 3635 2026 3698 accenmiodare.
2072 3632 2228 3700 Caristitu

218 3715 351 3800 pascant
376 3715 515 3781 bortatur
543 3716 576 3799 (l
602 3717 692 3781 Petr.
719 3720 753 3794 5,
774 3715 823 3800 2),
848 3734 886 3778 ne
914 3713 1087 3777 dominium
1114 3732 1197 3776 acer-
1248 3716 1345 3780 tiones
1360 3737 1442 3797 quas
1455 3722 1562 3791 666666
1579 3716 1808 3796 ecclesiasticas,
1830 3719 1941 3797 quibus
1956 3741 2048 3802 papa
2068 3739 2140 3783 aum
2154 3723 2229 3785 suis

142 3834 144 3836 ·
222 3807 306 3868 ceant
333 3802 482 3868 (idianis
509 3803 622 3881 cleres‚·
647 3823 709 3883 quo
734 3802 857 3866 nominc
883 3799 1102 3864 baereditatem
1123 3797 1195 3875 Dei,
1248 3807 1355 3866 eiurat
1381 3804 1552 3881 eeclesiam,
1580 3802 1715 3867 dicimus
1729 3804 1927 3883 perniciosas
1954 3825 2019 3870 esse
2039 3810 2067 3868 et
2088 3806 2210 3888 impias
2217 3831 2228 3886 ,-

221 3887 279 3969 666
298 3891 354 3965 636,
381 3887 523 3968 bdelium
539 3889 695 3970 populum
722 3886 886 3970 sipiificat.
931 3884 974 3948 Id
999 3886 1029 3947 si
1057 3885 1116 3948 rite
1147 3904 1196 3948 66
1250 3887 1427 3952 aduersarii
1454 3890 1553 3953 nostri
1580 3894 1708 3952 sanctas
1736 3910 1800 3954 6336
1826 3892 2032 3955 etsalutares
2048 3891 2226 3971 discredunt.
2250 3901 2252 3907 '

216 3973 394 4056 puidimus,
416 3974 504 4055 rictas
520 3993 584 4037 esse
600 3974 643 4038 ad
657 3973 810 4038 bominem
827 3971 993 4052 transferri
1014 3970 1096 4050 qued
1106 3967 1197 4033 Deus
1251 3970 1331 4036 Sunt
1352 3978 1455 4038 autem
1479 3974 1539 4037 due
1566 3994 1675 4039 earum
1699 3996 1819 4057 periero.
1867 3975 1953 4041 Nam
1980 3978 2064 4042 aliae
2090 3968 2228 4042 sunt⁰dc

220 4079 315 4124 suum
336 4061 433 4123 66663
451 4059 537 4140 facit,
559 4060 764 4143 intellipemus
784 4060 830 4122 ita
846 4058 1026 4139 praecisum
1043 4055 1197 4144 qumque
1248 4060 1448 4123 caeronmiiiis
1480 4065 1507 4124 et
1536 4060 1662 4137 ritibus,
1696 4062 1781 4126 aliae
1812 4062 1855 4125 ad
1886 4063 2089 4143 disciplinam
2120 4065 2228 4146 inopis

220 4146 283 4210 sibi
299 4146 460 4226 potestatis
481 4144 648 4223 vindicant,
670 4147 726 4226 qui
747 4165 779 4208 36
801 4145 844 4208 ad
865 4143 989 4224 aliquid
1011 4143 1046 4204 iii
1068 4141 1196 4206 ecclesia
1247 4149 1391 4225 spectant.
1435 4145 1532 4208 Estne
1554 4147 1651 4227 ipitur
1672 4147 1758 4211 iusta
1779 4168 1891 4225 eausa,
1919 4169 1999 4230 picae
2026 4169 2082 4212 663
2104 4149 2147 4213 ad
2170 4170 2228 4214 eas

222 4232 397 4308 iubendum,
415 4231 483 4294 sine
500 4229 587 4294 eerbe
607 4230 672 4295 Dei
692 4231 797 4311 efferre
819 4230 930 4294 velient.
1247 4231 1478 4313 impupnandas
1499 4232 1640 4295 moueat?
1684 4231 1804 4296 Iustior
1836 4238 1912 4297 certe
1941 4254 2037 4316 quam
2068 4235 2226 4300 rabanus.

307 4321 336 4381 8.
383 4315 497 4395 Porro,
526 4318 675 4397 quoniam
701 4322 763 4381 6666
790 4336 887 4381 causa
914 4315 987 4378 inde
1011 4313 1136 4394 pendet,
1165 4314 1195 4375 si
1250 4315 1404 4394 Primum,
1425 4338 1524 4380 66666
1541 4322 1665 4381 autores
1682 4318 1745 4398 ipsi
1762 4319 1851 4383 clara
1867 4341 1936 4384 cece
1951 4320 2228 4400 detainedipsis-

221 4402 311 4468 Deus
338 4408 382 4467 636
408 4404 521 4466 unicus
548 4402 718 4485 lepisbitor,
745 4423 807 4466 non
836 4402 925 4466 licere
951 4397 1127 4465 luminibus
1160 4398 1195 4462 id
1247 4402 1377 4479 3666666,
1404 4407 1438 4465 ut
1459 4403 1505 4466 ita
1525 4402 1649 4484 loquar,
1671 4403 1736 4468 Dei
1757 4405 1872 4468 cultum
1895 4407 1930 4470 in
1947 4407 2029 4487 ipsis
2049 4405 2228 4471 contineri?

221 4490 282 4553 sibi
308 4488 434 4553 limeris
457 4508 585 4566 summe,
615 4489 712 4554 simul
736 4490 818 4554 dues
848 4487 923 4552 illas
952 4486 1086 4550 ratiems
1113 4502 1192 4563 quas
1248 4486 1290 4550 In
1316 4509 1405 4568 quan
1430 4487 1525 4567 briem
1543 4490 1712 4569 conferunt
1741 4510 1818 4554 suas
1843 4493 2065 4568 caeremonias,
2093 4491 2160 4554 nisi
2189 4498 2227 4555 ut

216 4575 383 4656 posuimus
408 4575 558 4639 nummio
582 4578 680 4638 666666
706 4575 851 4649 66666666,
885 4592 942 4635 cur
968 4570 1022 4634 boc
1048 4569 1109 4632 sibi
1136 4570 1193 4632 666
1240 4595 1301 4656 per
1323 4574 1399 4638 illas
1421 4572 1512 4637 Deus
1530 4576 1672 4639 celetur?
1712 4576 1819 4657 Neque
1840 4578 1875 4640 id
1898 4577 1935 4658 fii
1956 4579 2020 4642 sele
2042 4596 2143 4641 eirere
2165 4578 2225 4640 im-

221 4659 380 4724 Dominus
401 4665 529 4724 asserat.
575 4657 674 4724 Prior
696 4665 797 4724 autem
819 4663 874 4736 est,
905 4661 938 4720 ut
959 4656 1027 4718 eius
1054 4655 1195 4719 voluntas
1240 4659 1363 4742 peritae
1394 4660 1625 4739 multitudinis;
1661 4663 1714 4726 sed
1752 4683 1857 4725 eorum
1888 4662 2134 4744 approbationi,
2166 4665 2225 4744 qui

216 4747 353 4827 perfecta
374 4747 416 4809 sit
437 4747 524 4810 vuobis
546 4747 646 4809 omnis
664 4746 802 4808 iustitiae
831 4747 857 4805 et
878 4741 1051 4806 sanctitatis
1077 4743 1193 4825 repula,
1248 4746 1346 4810 lecum
1367 4745 1494 4810 decenti
1520 4746 1637 4811 babent.
1685 4747 1773 4827 Quod
1799 4769 1869 4830 erpo
1896 4749 2053 4827 tolerabile
2075 4769 2136 4815 nou
2158 4769 2225 4814 esse

222 4837 310 4912 atque
333 4834 378 4896 ita
400 4833 435 4894 in
456 4832 523 4895 eius
545 4831 747 4913 reeepuitioue
762 4828 900 4911 perfecta
922 4828 964 4890 sit
984 4827 1055 4891 bene
1071 4829 1195 4892 uiuendi
1247 4831 1350 4895 decuit
1370 4829 1503 4908 Paulus,
1527 4833 1697 4915 lepitimum
1718 4834 1837 4897 colendi
1852 4833 1916 4898 Dei
1944 4836 2041 4898 ritum
2062 4835 2106 4898 ad
2126 4834 2225 4899 bomi-

652 4925 654 4929 ·
1246 4937 1323 4980 num
1346 4917 1513 4982 arbitrium
1540 4919 1652 5000 redipi,
1680 4920 1710 4981 si
1738 4919 1827 4983 bodie
1852 4921 1935 5000 forre
1963 4942 2025 4984 uon
2042 4940 2224 5002 possumus,

223 5023 301 5029 ··-·
310 5023 424 5029 w*
1227 5002 1325 5082 -eui'd
1336 5003 1525 5084 peccamus?
1546 5005 1734 5085 praesertim
1760 5025 1830 5069 uero
1856 5026 1951 5085 quum
1977 5007 2145 5071 seeundum
2166 5008 2225 5072 ele-

1246 5093 1349 5152 menta
1373 5090 1485 5153 mundi
1511 5089 1607 5152 buius
1633 5091 1730 5154 colere
1752 5093 1965 5172 praecipiunt,
1992 5092 2074 5172 quod
2097 5091 2225 5158 Paulis

222 5203 607 5344 &alffetbanturlbtsspffl
721 5202 774 5259 364
795 5222 820 5273 q.
838 5219 863 5258 6.
880 5219 931 5258 suo
952 5204 1017 5259 loeo.
1120 5203 1150 5270 3)
1169 5205 1195 5257 ei
1247 5172 1411 5271 “dmm
1439 5171 1730 5342 Ξὲῒῆἱῖἷιπέθδΐαΐαῆ
1781 5176 2224 5345 βανῗίᾶηθὲυαέθηῶαξμοῖἰα

314 5293 329 5327 Γ
348 5293 441 5328 inum
608 5315 614 5329 .
1246 5264 1422 5324 ’mm
1629 5267 1828 5326 (mmmm
2209 5303 2225 5314 ·
2244 5313 2249 5318 -

292 5138 320 5204 1)
338 5138 426 5190 effecit
445 5135 513 5192 1545
530 5152 650 5260 seqdeV
675 5221 696 5274 p
723 5135 754 5199 i)
774 5133 852 5204 Quae
869 5141 1018 5204 3666663666
1040 5136 1150 5190 incdit.
1168 5153 1194 5189 a.
