4732 6030
154 345 216 407 301
818 339 918 407 CAP.
941 341 968 406 L
1011 340 1076 406 DE
1099 337 1388 407 eoemulorvu
1408 341 1500 406 DEI.
1760 369 1766 380 ·
2098 346 2160 408 302

153 454 456 526 stauracia.

153 533 238 596 ritus
254 442 482 614 magisteriurii
499 531 733 596 fastuosissime
745 531 771 616 ¹)
790 530 1011 611 obtendentes,
1022 532 1133 597 lectio-
1186 552 1228 595 ne
1256 532 1316 596 sub
1346 530 1440 595 titulo
1467 552 1526 596 suo
1556 537 1689 595 satanae
1711 532 1845 614 spiritus
1866 533 2017 615 obrepat,
2045 534 2080 597 in
2102 556 2163 601 sua

153 638 231 682 nem
258 618 323 700 ipsi
345 638 476 682 omnem
502 624 675 699 respuunt,
704 625 737 682 et
758 639 872 682 eorum
893 618 1031 681 irrident
1055 618 1133 683 sim·
1185 618 1338 700 imagine,
1362 638 1461 700 quam
1482 618 1652 699 scripturis
1669 617 1843 700 impressit,
1865 619 1939 684 vult
1959 640 1978 683 a
1995 620 2088 685 nobis
2110 641 2162 685 re·

152 702 344 786 plicitatem,
367 704 424 786 qui
445 710 627 767 emortuam
649 710 683 768 et
700 703 908 780 occidentem,
932 713 970 767 ut
990 705 1052 786 ipsi
1075 724 1146 768 v0··
1185 705 1344 786 cognosci.
1379 701 1627 785 Scripturarum
1646 711 1741 767 autor
1762 713 1824 783 εει;
1846 705 1959 769 varius
1981 704 2162 771 dissimilis-

127 794 246 869 cant,
275 789 406 854 literam
435 787 542 854 adhuc
576 796 813 854 consectantur.
865 786 932 853 Sed
960 789 1059 854 velim
1092 788 1133 853 ab
1177 809 1248 872 ,que
1270 789 1330 853 sibi
1348 788 1374 872 ¹)
1403 810 1562 853 essenon
1590 795 1705 871 petest.
1751 788 1894 871 Qualem
1914 791 2016 874 igitur
2038 813 2072 855 se
2094 791 2162 858 illie

154 875 234 958 ipsis
256 876 350 954 εειιε,
372 875 523 958 quisnam
545 875 588 939 sit
609 876 670 939 iste
688 875 831 958 spiritus,
854 875 946 939 cuius
965 875 1078 939 affiatu
1095 896 1133 939 eo
1185 874 1286 939 semel
1312 873 1469 958 prodidit,
1490 875 1566 939 talis
1587 882 1743 957 perpetuo
1768 884 1901 940 maneat
1921 883 2056 958 eportet.
2088 877 2164 943 Hoc

155 960 366 1026 sublimitatis
388 959 583 1039 evehuntur,
605 968 643 1024 ut
663 961 843 1043 scripturae
861 960 1134 1037 doctrinam,·ceu
1185 960 1455 1025 contumeliosum
1485 960 1534 1024 illi
1563 982 1629 1024 non
1655 970 1717 1026 est:
1750 962 1813 1026 nisi
1843 963 1925 1026 forte
1948 962 2163 1028 honorificum

154 1046 314 1129 puerilem
347 1054 380 1111 ει
411 1047 584 1125 ιιιιιιιιιειιι,
619 1046 784 1129 despicere
814 1045 945 1110 ausint?
990 1047 1078 1110 Nam
1105 1047 1133 1111 si
1185 1045 1343 1111 ducamus
1365 1068 1385 1110 a
1407 1068 1441 1111 εε
1462 1047 1532 1129 ipso
1555 1045 1733 1112 desciscere
1755 1062 1789 1111 et
1809 1046 2017 1130 degenerare.

155 1131 282 1199 Christi
302 1133 454 1215 spiritum
475 1153 546 1197 esse
575 1131 786 1215 respondent,
817 1153 973 1215 perquam
996 1132 1134 1197 ridicula
1273 1135 1323 1195 36.
1369 1130 1466 1212 Quod
1491 1153 1570 1197 vero
1596 1132 1711 1198 literae
1739 1132 1896 1199 occidenti
1919 1155 1979 1199 nos
2006 1135 2163 1200 incubare

155 1226 206 1284 εει
229 1217 390 1284 eiusmodi
416 1219 587 1284 securitas:
622 1218 781 1300 siquidem
810 1217 970 1300 apostolos
998 1217 1131 1296 Christi,
1185 1217 1396 1294 cavillantur,
1419 1219 1454 1282 in
1476 1239 1514 1282 eo
1535 1240 1656 1301 poenas
1678 1218 1775 1282 luunt
1796 1227 2000 1302 contemptae
2023 1222 2162 1303 scriptu·

155 1303 299 1387 aliosque
327 1306 363 1368 in
390 1306 497 1387 prima
525 1304 661 1370 ecelesia
687 1302 814 1382 fideles,
843 1325 909 1368 non
932 1303 995 1368 alic
1017 1304 1133 1386 spiritu
1185 1325 1250 1368 rae.
1296 1301 1386 1369 Satis
1408 1305 1497 1368 enim
1518 1312 1654 1381 constat,
1676 1305 1819 1369 Paulum
1840 1305 1907 1370 illic
1929 1306 1963 1389 (2
1983 1305 2057 1370 Cor.
2078 1311 2106 1384 3,
2127 1306 2163 1391 6)

154 1390 355 1456 illuminatos
377 1390 487 1469 hrisse,
510 1398 548 1454 ut
569 1391 692 1473 opinor,
715 1390 902 1455 concedent
935 1390 1036 1472 Atqui
1059 1389 1133 1454 nul-
1186 1389 1344 1455 adversus
1360 1389 1645 1473 pseudoapostolos
1662 1390 1868 1469 contendere,
1891 1393 1947 1474 qui
1965 1391 2097 1474 quidem
2114 1392 2162 1456 le-

116 1518 119 1523 ·
154 1476 210 1542 lus
230 1497 342 1542 eorum
361 1476 455 1542 verbi
475 1476 541 1541 Dei
570 1484 793 1558 contemptum
820 1475 897 1539 inde
919 1475 1045 1553 didicit,
1076 1475 1134 1541 sed
1185 1497 1260 1559 gem
1287 1476 1370 1541 citra
1398 1473 1568 1541 Christum
1596 1476 1875 1555 commendantes,
1910 1499 1930 1541 a
1958 1479 2036 1543 novi
2062 1485 2162 1543 testa·

153 1562 379 1645 unusquisque
399 1563 507 1645 potius
533 1563 655 1632 maiore
677 1563 862 1627 reverentia
888 1562 1032 1626 imbutus
1054 1563 1132 1641 suit3
1184 1563 1288 1625 menti
1308 1561 1465 1627 beneficio
1491 1562 1649 1645 populum
1671 1563 1863 1628 avocabant:
1898 1584 1961 1646 quo
1988 1565 2163 1646 paciscitur

154 1647 430 1730 quemadmodum
452 1670 564 1712 eorum
592 1649 713 1730 scripta
733 1647 990 1712 luculentissime
1008 1654 1133 1712 testan·
1185 1647 1362 1725 Dominus,
1396 1669 1431 1712 se
1464 1648 1570 1732 legem
1598 1669 1692 1713 suam
1720 1650 1755 1713 in
1782 1648 1930 1713 fidelium
1956 1651 2084 1716 viscera
2110 1651 2163 1713 in·

154 1748 218 1799 tur.
261 1733 393 1799 Deinde
420 1741 454 1798 et
485 1733 548 1799 hoe
574 1734 657 1798 mihi
684 1733 874 1815 responderi
901 1734 941 1799 ab
968 1734 1048 1817 ipsis
1076 1755 1132 1798 ve·
1185 1733 1405 1815 sculpturam,
1434 1741 1467 1798 et
1492 1734 1643 1799 cordibus
1669 1735 1903 1817 inscriptumm
1926 1735 2003 1820 (Ier.
2024 1740 2074 1814 31,
2095 1736 2160 1820 31).

155 1818 228 1897 lim,
252 1840 297 1884 an
310 1838 312 1843 ·
325 1820 426 1884 aliurn
448 1820 620 1885 hauserint
646 1821 797 1901 spiritum
821 1820 862 1884 ab
886 1842 924 1884 co
946 1840 1043 1903 quem
1067 1819 1132 1884 dis-
1184 1819 1345 1883 Emorura
1367 1828 1417 1884 est
1436 1821 1539 1903 igitur
1558 1820 1664 1898 litera,
1688 1828 1721 1884 et
1739 1842 1815 1886 suos
1833 1820 1970 1886 lectores
1991 1828 2087 1887 necat
2107 1822 2162 1886 lex

154 1904 271 1988 cipalis
299 1907 367 1970 suis
389 1906 551 1971 Dominus
579 1905 811 1988 promittebat?
857 1905 1000 1970 Tametsi
1024 1913 1131 1970 extre·
1184 1905 1329 1982 Domini,
1352 1906 1409 1970 ubi
1431 1912 1465 1970 et
1486 1927 1506 1969 a
1528 1905 1652 1970 Christi
1675 1908 1782 1989 gratia
1801 1906 1967 1973 divellitur
1987 1917 2020 1972 et
2040 1909 2163 1972 intacto

152 2012 209 2057 ma
232 1991 365 2056 insania
391 1998 567 2069 vexantur,
596 2013 664 2066 non
691 1999 801 2055 tamen
832 2013 886 2057 eos
912 2000 1005 2056 tanta
1032 1992 1132 2057 verti-
1185 1990 1281 2055 corde
1309 1991 1443 2056 auribus
1470 1999 1600 2055 tanturn
1627 1993 1766 2056 insonat
1810 1992 1938 2057 Verum
1967 1996 1995 2058 si
2016 2014 2075 2075 per
2097 1994 2162 2076 spi·

153 2078 230 2161 gine
251 2086 332 2161 puto
352 2079 485 2159 raptari,
509 2085 546 2141 ut
567 2077 601 2142 id
621 2079 742 2142 iactare
763 2079 880 2142 ausint
915 2076 1056 2158 Qualem
1074 2099 1132 2142 au·
1156 2070 1160 2109 ¹
1185 2076 1287 2139 ritum
1312 2077 1488 2142 efficaciter
1514 2077 1665 2146 cordibus
1691 2078 1904 2161 imprimitur,
1936 2081 1963 2143 si
1990 2078 2162 2144 Christum

152 2173 221 2228 tem
251 2163 321 2228 fore
343 2163 561 2245 promittendo
581 2162 819 2228 denuntiabat?
848 2185 965 2246 nempe
987 2164 1044 2247 qui
1066 2184 1133 2228 non
1185 2161 1332 2241 exhibet,
1364 2165 1502 2228 verbum
1524 2170 1574 2227 est
1594 2165 1696 2241 vitae,
1725 2174 1918 2229 convertens
1941 2166 2080 2244 animas,
2109 2187 2161 2230 sa-
2286 2202 2291 2214 ·

153 2270 175 2314 a
194 2263 230 2314 se
258 2249 329 2332 ipsc
351 2248 553 2331 loqueretur,
581 2249 639 2314 sed
666 2257 857 2332 suggereret
878 2271 991 2314 eorum
1014 2250 1133 2313 animis
1184 2248 1342 2329 pientiam
1369 2258 1540 2331 praestans
1569 2249 1730 2331 parvulis,
1760 2257 1819 2314 etc.
1870 2249 1960 2330 Quin
1986 2253 2085 2315 etiam
2108 2272 2161 2315 eo-

153 2342 188 2400 et
207 2334 386 2400 instillaret
401 2355 484 2417 quac
501 2335 571 2418 ipse
588 2357 648 2418 per
664 2336 802 2399 verbum
819 2334 1007 2400 tradidisset
1024 2334 1131 2418 (Ioan.
1185 2333 1259 2397 dem
1279 2333 1349 2398 loco
1367 2338 1412 2419 (v.
1432 2334 1468 2418 8)
1489 2334 1764 2418 praedicationem
1787 2357 1880 2399 suam
1903 2337 2075 2418 apostolus,
2098 2339 2160 2400 mi-

156 2420 290 2505 16,13).
335 2420 411 2485 Non
433 2442 511 2505 ergo
533 2422 685 2503 promissi
711 2421 804 2485 nobis
833 2421 966 2503 spiritus
988 2421 1132 2485 officium
1184 2420 1356 2484 nisterium
1381 2421 1517 2503 spiritus
1546 2426 1649 2486 vocat.
1694 2420 1860 2485 Nimirum
1883 2423 2086 2504 significans,
2115 2425 2162 2488 ita

154 2513 218 2586 εει,
237 2527 342 2572 novas
364 2514 398 2572 et
424 2506 589 2572 inauditas
610 2506 825 2573 revelationes
846 2507 1046 2590 confingere,
1075 2515 1133 2571 aut
1185 2526 1272 2584 suae,
1295 2527 1393 2588 quam
1411 2508 1445 2570 in
1463 2507 1632 2589 scripturis
1650 2507 1819 2588 expressit,
1842 2509 1973 2571 veritati
1988 2509 2161 2575 inhaerere

153 2614 276 2658 novum
303 2590 471 2657 doctrinae
499 2614 603 2677 genus
636 2592 829 2675 procudere,
860 2613 924 2675 quo
953 2614 972 2656 a
1001 2601 1132 2675 recepta
1184 2592 1336 2673 spiritum
1363 2600 1527 2671 sanetum,
1561 2600 1599 2656 ut
1618 2594 1687 2658 vim
1713 2598 1784 2655 tum
1811 2593 1944 2656 demum
1971 2615 2064 2658 suam
2085 2617 2161 2678 pro-

153 2678 316 2763 evaugelii
334 2678 482 2744 doctrina
499 2678 713 2745 abducamur:
734 2678 790 2744 sed
807 2679 900 2743 illam
912 2679 1027 2760 ipsam,
1048 2700 1132 2761 quae
1184 2676 1375 2760 feratatque
1397 2686 1536 2757 exserat,
1559 2679 1615 2744 ubi
1635 2700 1695 2743 sua
1711 2684 1838 2743 constat
1854 2679 1954 2743 verbo
1977 2682 2162 2745 reverentia

151 2786 212 2848 per
237 2765 447 2848 evangelium
469 2765 729 2842 commendatur,
760 2764 941 2830 doctrinam
967 2765 1132 2830 mentibus
1185 2784 1223 2828 ac
1245 2763 1397 2846 dignitas.
1442 2765 1512 2831 Nee
1533 2764 1585 2829 his
1606 2771 1783 2847 repugnat,
1806 2764 1892 2846 quod
1911 2786 2017 2846 nuper
2039 2765 2161 2830 dietum

151 2851 275 2916 nostris
293 2849 476 2934 obsignare.
1184 2857 1247 2913 est:
1282 2850 1420 2915 verbum
1451 2851 1561 2933 ipsum
1588 2872 1654 2915 non
1680 2850 1777 2915 valde
1805 2858 1932 2916 eertum
1958 2851 2051 2916 nobis
2078 2873 2158 2931 esse,

243 2939 293 3000 35.
333 2935 433 3002 Unde
454 2937 548 3002 facile
567 2937 790 3019 intelligimus,
809 2937 989 3020 scripturae
1011 2942 1045 3000 et
1066 2935 1131 3001 lec·
1184 2936 1248 2999 nisi
1266 2936 1401 3018 spiritns
1412 2937 1596 3001 testimonio
1607 2939 1826 3001 confirmetur.
1854 2937 1972 3001 Mutuo
1984 2938 2161 3019 enimquo·

151 3023 236 3086 tioni
259 3030 292 3088 et
312 3022 542 3088 auscultationi
563 3045 633 3088 esse
655 3021 798 3087 studiose
815 3021 1079 3100 incumbendum,
1102 3023 1131 3087 si
1184 3020 1260 3086 dam
1282 3043 1371 3086 nexu
1394 3022 1556 3087 Dominus
1577 3023 1670 3087 verbi
1697 3023 1894 3105 spiritusque
1921 3024 1971 3087 sui
1993 3023 2161 3088 certitudi-

150 3129 250 3191 quem
271 3129 292 3174 a
312 3109 429 3191 spiritu
446 3109 511 3174 Dei
528 3130 624 3196 usum
642 3129 680 3173 ae
696 3109 840 3173 huctum
857 3108 1024 3190 percipere
1041 3107 1130 3173 libet
1184 3129 1262 3171 nem
1283 3108 1369 3171 inter
1390 3129 1425 3173 se
1447 3108 1626 3190 copulavit,
1656 3116 1695 3171 ut
1716 3107 1819 3173 solida
1839 3109 1931 3174 verbi
1953 3109 2068 3193 religio
2091 3111 2161 3175 ani·

151 3193 277 3259 Contra
297 3215 390 3273 vero,
420 3195 543 3276 siquis
566 3195 714 3277 spiritus,
743 3196 920 3276 praeterita
947 3195 1038 3261 verbi
1066 3195 1131 3259 Dei
1183 3194 1245 3258 mis
1262 3195 1383 3258 nostris
1402 3193 1533 3273 insidat,
1551 3195 1607 3258 uhi
1624 3195 1760 3278 affulget
1777 3196 1919 3277 spiritus,
1940 3197 1996 3278 qui
2014 3216 2074 3261 nos
2091 3197 2159 3262 illic

150 3281 327 3363 sapientia,
355 3281 455 3345 aliam
477 3280 658 3347 doctrinam
685 3280 778 3345 nobis
799 3282 934 3364 ingerit,
963 3302 1039 3345 eum
1061 3301 1130 3344 me-
1183 3280 1248 3344 Dei
1267 3280 1384 3343 faciem
1402 3281 1614 3362 contemplari
1631 3281 1745 3359 faciat;
1763 3289 1801 3344 ut
1818 3282 1961 3346 vicissim
1980 3282 2070 3345 nullo
2088 3282 2160 3346 hal-

151 3367 213 3431 rito
239 3367 398 3433 vanitatis
426 3389 464 3432 ac
490 3365 652 3432 mendacii
684 3374 869 3448 suspectum
899 3388 971 3432 esse
1002 3366 1128 3431 debere.
1183 3365 1392 3430 lueinationis
1414 3366 1530 3431 timore
1551 3367 1702 3449 spiritum
1724 3367 1963 3449 amplexemur,
1986 3368 2042 3431 ubi
2066 3367 2160 3431 illum

150 3449 239 3533 Quid
272 3452 383 3517 enim?
428 3451 541 3533 Quum
568 3474 603 3517 se
631 3460 763 3517 satanas
796 3454 831 3515 in
861 3453 1014 3537 angelum
1047 3453 1129 3517 lucis
1183 3451 1217 3514 in
1249 3473 1308 3516 sua
1327 3452 1480 3535 imagine,
1508 3452 1569 3517 hoc
1598 3444 1661 3531 est,
1687 3454 1723 3516 in
1748 3453 1862 3531 verbo,
1890 3454 2159 3536 recognoscimus.

150 3538 379 3622 mnsfiguret,
411 3560 510 3621 quam
544 3540 751 3603 autoritatem
783 3538 917 3603 habebit
949 3537 1036 3620 apud
1069 3560 1129 3605 nos
1182 3537 1236 3601 Ita
1258 3545 1308 3602 est
1329 3559 1416 3602 sane.
1461 3538 1536 3603 Non
1563 3539 1701 3603 verbum
1727 3538 1913 3603 hominihus
1940 3541 2160 3604 communica·

151 3624 301 3706 spiritis,
324 3625 388 3689 nisi
409 3625 590 3691 certissima
611 3631 689 3690 neta
710 3623 937 3689 discernatur?
982 3625 1028 3688 Et
1049 3645 1129 3689 sane
1181 3624 1231 3688 vit
1250 3622 1359 3702 Deus,
1382 3624 1468 3705 quod
1490 3625 1623 3707 spiritus
1651 3626 1701 3689 sui
1732 3624 1875 3688 adventu
1897 3625 2061 3706 extemplo
2083 3625 2160 3690 abc·

149 3711 321 3793 perspicue
348 3711 441 3775 uobis
468 3710 658 3794 designatus
690 3719 741 3774 est
772 3731 850 3775 voce
883 3710 1032 3774 Domini:
1065 3711 1129 3776 nisi
1180 3710 1278 3788 leret;
1311 3709 1368 3773 sed
1395 3710 1535 3774 eundem
1562 3710 1727 3792 spiritum,
1761 3711 1854 3775 cuius
1875 3712 1996 3775 virtute
2022 3711 2160 3777 verbum

149 3797 228 3879 quia
250 3804 368 3879 sponte
389 3798 425 3860 in
445 3818 542 3861 suum
563 3797 701 3861 exitium
718 3817 829 3860 errare
847 3796 1001 3859 affectant
1018 3797 1129 3860 nriseri
1182 3794 1483 3873 administraverat,
1511 3796 1675 3872 submisit,
1709 3796 1765 3877 qui
1797 3818 1893 3859 suum
1923 3817 2004 3880 opus
2037 3797 2161 3862 efficaci

149 3881 214 3961 isti,
236 3881 318 3947 dum
339 3883 490 3966 spiritum
513 3905 533 3947 a
554 3904 589 3948 se
610 3883 689 3965 ipsis
715 3883 836 3964 potius,
864 3902 963 3963 quam
985 3882 1127 3965 abipso,
1182 3881 1274 3946 verbi
1301 3882 1548 3946 confirmatione
1583 3882 1773 3947 absolveret.
1829 3881 1870 3945 In
1903 3882 1992 3947 hunc
2026 3882 2161 3948 modum

150 3975 322 4050 quaenmt
366 3970 414 4033 At
435 3989 512 4034 vero
534 3968 708 4052 indignum
730 3990 801 4032 esse
823 3974 1009 4045 causantur,
1033 3969 1128 4050 spiri·
1182 3966 1336 4032 Christus
1363 3967 1530 4050 discipulis
1557 3966 1681 4032 duobus
1708 3988 1841 4032 sensum
1870 3968 2035 4050 aperiebat
2061 3969 2158 4054 (Luc.

149 4054 308 4132 tumDei,
326 4055 379 4120 eui
399 4054 600 4120 subiicienda
619 4062 698 4118 sunt
714 4055 832 4130 omnia,
853 4054 1033 4135 scripturae
1051 4054 1128 4119 sub·
1181 4056 1232 4129 24,
1254 4054 1325 4137 27):
1349 4074 1417 4117 non
1438 4062 1477 4117 ut
1498 4053 1631 4119 abiectis
1658 4055 1827 4136 scripturis
1853 4076 1913 4136 per
1934 4076 1969 4118 se
1991 4063 2158 4137 saperent;

147 4139 266 4206 iacere.
316 4138 420 4221 Quasi
447 4162 525 4206 vero
554 4142 597 4205 sit
628 4140 690 4205 hcc
718 4140 972 4223 ignominiosum
1000 4140 1128 4221 spiritui
1181 4139 1238 4203 sed
1265 4147 1302 4203 ut
1334 4141 1512 4222 seriptmas
1545 4140 1776 4223 intelligerent.
1832 4138 1992 4205 Similiter
2022 4141 2157 4217 Paulus,

148 4233 292 4305 sanctes
308 4226 370 4291 sibi
396 4248 466 4291 esse
493 4226 611 4308 ubique
638 4247 752 4309 parem
774 4233 808 4291 et
828 4226 1042 4304 conformem,
1067 4226 1129 4291 sibi
1180 4223 1259 4289 dum
1281 4225 1432 4289 hortatur
1459 4225 1766 4290 Thessalonicenses
1787 4247 1829 4291 ne
1857 4227 2008 4308 spiritum
2034 4226 2172 4300 ειειιιι-Δ

147 4312 342 4394 peremnia
362 4320 521 4392 constare,
541 4333 703 4394 nusquam
720 4313 858 4378 variare.
903 4311 1075 4393 Equidem,
1100 4313 1128 4376 si
1180 4318 1284 4394 guant
1304 4311 1336 4393 (l
1352 4311 1465 4375 Thess.
1481 4317 1509 4391 5,
1524 4316 1572 4374 19.
1586 4312 1652 4396 20),
1675 4333 1742 4376 ιιειι
1764 4312 1947 4377 sublimiter
1968 4333 2022 4377 eos
2043 4311 2159 4392 arripit
2248 4333 2257 4340 ’

148 4397 194 4462 ad
215 4399 411 4478 humanam,
433 4399 487 4465 vel
515 4399 711 4481 angelicam,
738 4399 792 4463 vel
815 4397 955 4462 alienam
978 4398 1128 4479 quamvis
1181 4397 1222 4462 ad
1254 4399 1369 4462 inanes
1397 4398 1468 4463 sine
1498 4398 1598 4462 verbo
1630 4397 1881 4480 speculationes;
1915 4397 1971 4463 sed
2004 4397 2158 4462 continuo

145 4483 300 4567 regulam
326 4485 526 4568 exigeretur,
555 4482 739 4550 censendus
766 4491 839 4547 tum
865 4490 952 4548 esset
977 4485 1012 4547 in
1040 4483 1126 4548 ordi-
1180 4484 1324 4562 subiicit,
1364 4505 1429 4548 non
1458 4484 1657 4566 spernendas
1690 4485 1887 4566 prophetias.
1938 4482 2012 4563 Quo
2044 4482 2158 4564 procul

145 4590 236 4648 nem,
260 4568 341 4636 adde
359 4572 458 4636 etiam
480 4572 508 4635 si
524 4571 632 4652 placet
650 4572 685 4635 in
704 4571 904 4647 servitutem,
927 4568 1045 4652 redigi3
1069 4568 1126 4633 sed
1180 4568 1277 4635 dubio
1299 4570 1463 4649 innuitur,
1487 4571 1620 4651 spiritus
1642 4571 1748 4636 lucem
1770 4570 1963 4652 praefocari,
1987 4568 2084 4633 simul
2107 4575 2156 4632 at·

145 4653 228 4719 dum
248 4656 310 4721 sibi
330 4657 393 4740 ipsi
415 4665 638 4740 comparatur,
667 4655 745 4720 dum
772 4657 807 4718 in
829 4677 864 4719 se
885 4656 956 4736 ipso
978 4655 1125 4720 conside—
1178 4676 1240 4736 que
1267 4656 1302 4720 in
1329 4663 1553 4739 contemptum
1579 4657 1719 4721 veniunt
1746 4655 1944 4737 prophetiae.
1997 4651 2086 4733 Quid
2113 4654 2155 4719 ad

144 4750 249 4821 ratim,
272 4744 345 4824 quis
366 4744 401 4807 in
423 4764 461 4807 eo
484 4742 570 4808 dicet
590 4743 729 4826 irrogari
746 4742 777 4805 ei
798 4739 977 4805 iniuriam?
1022 4742 1126 4823 Atqui
1178 4739 1261 4807 haee
1282 4742 1400 4806 t11midi
1421 4743 1477 4806 isti
1496 4745 1723 4814 intermutat,
1751 4743 1807 4822 qui
1829 4741 1914 4804 hanc
1936 4760 2037 4803 unam
2058 4762 2155 4822 repu-

144 4827 193 4892 ita
225 4827 268 4892 ad
302 4849 440 4894 examen
467 4839 654 4894 revocatur:
693 4828 811 4906 fateor3
845 4825 902 4891 sed
935 4847 998 4909 quo
1031 4848 1124 4892 suam
1178 4833 1251 4891 tant
1268 4828 1424 4891 eximiam
1441 4828 1722 4905 illuminationem,
1745 4826 1811 4904 ubi,
1834 4845 1946 4890 secure
1964 4825 2093 4902 omisso,
2118 4847 2155 4892 ac

145 4912 235 4995 apud
255 4935 317 4979 nos
343 4915 548 4980 maiestatem
574 4916 695 4980 sanciri
716 4913 827 4981 voluit
872 4912 974 4978 Nobis
997 4911 1125 4977 abunde
1177 4911 1287 4977 valere
1308 4913 1397 4978 iusso
1418 4913 1482 4978 Dei
1504 4914 1613 4991 verbe,
1635 4911 1791 4995 quidquid
1812 4910 1978 4976 stertendo
1999 4932 2155 4994 concepe-

144 5020 218 5064 esse
239 4999 349 5080 debet,
373 5001 470 5066 simul
492 5008 589 5084 atque
611 5023 645 5066 se
673 5001 767 5065 nohis
788 4999 942 5064 insinuat.
988 4997 1124 5075 Verum,
1178 4998 1254 5077 rint,
1278 5019 1345 5062 non
1367 5000 1478 5064 minus
1497 4999 1697 5065 confidenter
1714 5018 1812 5079 quam
1830 5004 1952 5061 temere
1970 4996 2153 5081 arripiunt?

216 5275 246 5343 1)
263 5276 431 5329 assumtae
450 5274 524 5328 1543.
1150 5256 1172 5355 Ι,
1248 5272 1665 5342 1)sibiomic.1543erseqq.
