4770 6030
210 341 273 403 231
364 348 373 369 ”
848 335 1241 403 1111111110111.
1266 335 1445 406 omar.
1472 341 1564 402 1536.
2153 337 2215 400 232

212 547 272 611 pes
299 528 518 610 principatum
545 530 665 611 gerunt
692 533 726 593 et
752 529 898 594 munifici
922 524 1054 615 [1476]
1078 547 1190 592 omnes
1242 528 1329 592 cium
1351 527 1549 607 animentur,
1569 525 1649 591 dum
1671 524 1836 603 docentm,
1859 526 1924 590 Dei
1941 547 1976 590 se
1992 524 2117 608 legatos
2135 546 2215 602 esse,

213 612 338 678 iudices
360 627 475 678 terrae.
511 612 655 678 Perinde
676 614 765 678 enim
786 613 874 679 istud
895 614 993 693 valet,
1016 635 1054 679 ae
1076 613 1104 678 si
1124 611 1191 678 dic-
1241 613 1295 678 cni
1317 611 1562 677 administratae
1583 613 1769 695 provinciae
1786 612 1946 675 rationem
1963 611 2031 675 sint
2047 609 2216 676 reddituri

213 707 288 764 tum
308 704 408 776 esset,
435 719 503 763 non
531 699 677 764 humana
703 701 918 782 peruersitate
939 700 1012 764 fieri
1033 707 1071 763 ut
1091 719 1191 781 penes
1241 698 1288 763 Et
1314 699 1432 763 merito
1460 697 1547 781 apud
1569 714 1623 762 eos
1651 697 1830 780 plurimum
1857 696 1938 761 haec
1960 696 2138 761 admonitio
2157 719 2216 762 va-

215 805 310 867 reges
332 790 366 848 et
385 786 566 866 praefectos
589 785 669 850 alios
689 785 784 850 sitin
801 787 897 850 terris
915 806 1027 850 rerum
1045 785 1191 848 omnium
1241 783 1309 848 lere
1337 782 1441 849 debet
1485 784 1574 848 Nam
1600 783 1728 866 siquid
1751 782 1959 865 delinquunt,
1985 803 2054 846 non
2076 781 2216 846 homini-

216 869 403 948 arbitrium,
432 869 489 935 sed
512 870 624 936 divina
643 870 850 953 providentia
871 878 905 935 et
925 882 1039 937 sancta
1059 869 1191 935 ordina·
1241 871 1303 935 bus
1325 869 1420 935 modo
1442 876 1521 934 sunt
1539 869 1651 934 iniurii
1673 890 1753 951 quos
1775 868 1931 934 scelerate
1947 873 2079 946 vexant,
2103 867 2216 932 sedin

214 955 316 1032 tione,
351 957 404 1021 cui
437 957 482 1021 sic
513 958 623 1022 visum
655 963 705 1021 est
736 977 789 1021 res
815 956 986 1022 hominum
1017 955 1189 1021 moderari.
1242 957 1352 1020 Deum
1372 977 1499 1040 quoque
1520 956 1628 1038 ipsum
1645 954 1878 1031 contumeliosi,
1901 955 1994 1019 cuius
2011 963 2218 1019 sacrosancta

215 1038 312 1120 Quod
336 1048 370 1105 et
389 1041 515 1106 Paulus
537 1050 648 1125 aperte
670 1042 763 1107 docet
780 1042 890 1127 (Rom.
912 1042 975 1126 12),
999 1042 1078 1106 dum
1096 1062 1191 1124 prae·
1242 1040 1361 1108 iudicia
1382 1042 1541 1124 polluunt.
1586 1041 1734 1106 Rursum
1756 1040 1880 1105 habent
1900 1047 1933 1104 et
1953 1032 2097 1104 unde‘se
2122 1061 2217 1122 prae-

214 1126 357 1192 fecturas
384 1128 472 1191 inter
491 1129 556 1192 Dei
583 1127 668 1193 dona
690 1136 874 1206 enumerat,
908 1150 991 1211 quae
1012 1126 1192 1193 secundum
1243 1127 1330 1192 clare
1351 1128 1567 1205 consolentur,
1591 1125 1669 1190 dum
1687 1147 1797 1191 seeum
1814 1133 1977 1208 reputant,
1999 1126 2124 1209 nonin
2141 1147 2217 1208 pro·

215 1213 341 1295 gratiae
361 1212 585 1278 diversitatem
606 1215 697 1279 varie
719 1213 900 1293 distributa,
924 1235 944 1278 a
966 1214 1070 1279 servis
1092 1212 1190 1279 Obri-
1243 1213 1342 1292 fanis,
1371 1235 1432 1280 nec
1456 1235 1476 1278 a
1498 1234 1592 1285 servo
1616 1213 1682 1277 Dei
1708 1211 1824 1276 alienis
1850 1212 2114 1293 occupationibus
2142 1233 2217 1277 ver·

216 1298 260 1362 sti
276 1299 312 1377 in
329 1297 586 1364 aedificationem
605 1300 759 1365 ecclesiae
776 1300 915 1365 conferri
927 1298 1074 1365 debeant.
1102 1298 1192 1364 Mul·
1244 1300 1319 1378 sari,
1341 1299 1399 1364 sed
1421 1299 1625 1364 sanctissimo
1646 1319 1797 1374 munere,
1825 1298 1944 1380 quippe
1965 1297 2021 1379 qui
2042 1298 2107 1361 Dei
2127 1297 2217 1380 lega·

217 1390 251 1447 to
271 1405 350 1448 vero
366 1384 507 1464 clarius,
536 1385 592 1449 ubi
618 1387 739 1450 iustam
761 1407 800 1450 ea
820 1384 860 1449 de
882 1406 918 1449 re
940 1385 1193 1467 disputationem
1243 1385 1330 1449 tione
1349 1386 1539 1469 fungantur.
1579 1382 1647 1464 Qui
1668 1405 1746 1449 vero
1767 1405 1835 1447 non
1855 1391 2030 1447 moventur
2050 1391 2100 1447 tot
2116 1384 2217 1465 scrip-

217 1469 367 1534 instituit.
407 1470 495 1535 Nam
520 1478 554 1535 et
574 1478 768 1553 potestatem
785 1472 850 1536 Dei
867 1470 1104 1536 ordinationem
1121 1491 1192 1535 esse
1242 1478 1336 1536 turae
1348 1471 1549 1549 testimoniis,
1567 1491 1630 1554 quo
1648 1471 1757 1534 minus
1775 1490 1904 1534 sacrum
1922 1468 1983 1533 boc
1999 1469 2218 1533 ministerium

218 1554 319 1619 tradit
413 1577 456 1620 m.
479 1555 548 1705 132,
582 1577 642 1621 nec
674 1564 849 1640 potestates
876 1578 948 1622 esse
974 1557 1058 1622 ullas
1087 1557 1193 1622 nisia
1243 1558 1397 1623 insectari
1429 1558 1552 1634 ausint,
1586 1557 1680 1639 quasi
1711 1576 1782 1620 rem
1809 1575 1830 1619 a
1855 1555 2012 1639 religione
2038 1561 2072 1619 et
2097 1556 2217 1637 pietate

97 1678 101 1684 -
217 1640 290 1705 Deo
309 1662 346 1706 or
371 1643 377 1656 '
404 1651 483 1707 atas.
536 1664 612 1724 psos
631 1649 742 1706 autem
757 1643 921 1725 principes
936 1644 1103 1708 ministros
1121 1663 1192 1708 esse
1243 1643 1423 1708 christiana
1460 1642 1702 1720 abhorrentem,
1741 1640 1819 1724 quid
1855 1639 1953 1705 aliud
1975 1661 2075 1723 quam
2106 1641 2217 1706 Deum

217 1725 298 1805 Dei,
321 1728 404 1792 bene
431 1728 603 1811 agentibus
624 1728 659 1792 in
681 1727 825 1808 laudem,
854 1727 951 1794 malis
973 1728 1121 1793 adirem
1142 1728 1192 1792 ul·
1242 1731 1350 1812 ipsum
1379 1729 1571 1812 suggillant,
1605 1729 1697 1794 cuius
1725 1727 1920 1810 ignominia,
1948 1747 2024 1791 cum
2044 1727 2217 1792 ministerii

216 1819 313 1876 tores.
356 1813 433 1878 Huc
459 1812 620 1878 accedunt
647 1821 680 1878 et
706 1823 894 1880 sanctorum
914 1815 1061 1879 virorum
1082 1835 1192 1879 exem·
1244 1817 1295 1880 sui
1316 1816 1434 1898 probro
1451 1836 1518 1879 non
1535 1837 1605 1879 esse
1623 1813 1797 1879 coniuncta
1813 1833 1880 1877 non
1897 1811 2023 1895 potest?
2057 1814 2107 1879 Ao
2124 1833 2217 1895 pror-

217 1897 281 1979 pla,
304 1918 442 1980 quorum
462 1899 518 1963 alii
540 1901 659 1983 regnis,
683 1908 721 1965 ut
740 1900 860 1979 David,
882 1900 995 1978 Iosias,
1018 1901 1192 1978 Ezechias;
1244 1925 1300 1967 sus
1322 1922 1390 1966 non
1410 1902 1623 1984 magistratus
1640 1900 1825 1981 reprobant,
1849 1896 1906 1963 sed
1923 1900 2034 1963 Deum
2051 1898 2215 1977 abiiciunt,

218 1981 274 2047 alii
291 1985 451 2065 satrapiis,
470 1993 507 2048 ut
524 1984 643 2068 Ioseph
662 1992 695 2050 et
711 1986 840 2063 Daniel,
860 1986 914 2050 alii
933 1986 1082 2052 civilibus
1098 2007 1192 2069 prae·
1245 2008 1287 2052 111
1309 2008 1407 2069 super
1427 2008 1461 2052 11
1483 1995 1606 2069 regnet.
1651 1983 1690 2050 Si
1715 1986 1803 2049 enim
1829 1983 1918 2049 istud
1939 2005 2017 2049 vere
2038 1984 2078 2049 de
2099 1984 2217 2066 populo

217 2067 351 2133 11111111
372 2070 409 2134 in
429 2070 531 2135 libero
552 2071 680 2153 populo,
703 2079 741 2135 ut
757 2072 876 2149 Moses,
896 2071 995 2136 Iosua
1012 2078 1046 2136 et
1063 2071 1193 2137 Iudices
1244 2073 1349 2139 Israel
1376 2095 1396 2137 a
1420 2072 1562 2137 Domino
1584 2071 1708 2135 dictim
1729 2078 1780 2136 est
1801 2069 1833 2154 (l
1855 2068 1945 2135 Sam.
1965 2069 2016 2156 8),
2046 2069 2132 2153 quod
2154 2067 2217 2135 Sa

217 2153 322 2218 functi
348 2163 440 2235 sunt;
469 2178 608 2238 quorum
640 2158 824 2222 mustiones
855 2157 917 2223 sibi
944 2159 1097 2240 probatas
1123 2178 1193 2222 esse
1244 2159 1361 2223 muelis
1382 2158 1556 2240 imperium
1578 2156 1826 2222 detrectassent:
1850 2157 1907 2238 qui
1927 2157 2038 2222 minus
2059 2177 2137 2221 vere
2158 2156 2217 2221 ho·

218 2238 383 2305 Dominus
404 2240 591 2322 declaravit.
637 2241 749 2323 Quare
772 2242 856 2307 nulli
876 2245 944 2306 iam
965 2242 1101 2309 dubium
1122 2264 1193 2308 esse
1245 2244 1297 2308 die
1318 2244 1359 2309 de
1381 2245 1433 2309 his
1454 2244 1587 2323 dicetur,
1610 2244 1665 2326 qui
1686 2244 1721 2306 in
1742 2241 1962 2325 praefecturas
1978 2262 2091 2307 omnes
2108 2263 2129 2307 a
2145 2242 2218 2306 Deo
2322 2289 2324 2292 .

219 2322 323 2404 debet,
346 2327 425 2408 quin
448 2327 552 2393 civilis
573 2335 716 2410 potestas
737 2331 863 2393 vocatio
884 2330 1009 2394 sitnon
1026 2328 1122 2394 modo
1139 2350 1192 2395 eo-
1244 2331 1410 2396 institutas
1433 2329 1626 2395 debacchari
1647 2329 1708 2394 sibi
1729 2327 1943 2411 permittunt?
1972 2402 1975 2407 ,

217 2430 291 2474 ram
308 2412 380 2476 Deo
401 2421 516 2479 sancta
538 2428 571 2477 et
589 2413 745 2497 legitima,
768 2414 826 2480 sed
847 2415 1023 2480 sacerrima
1044 2417 1143 2480 etiam
1160 2424 1193 2480 et
1333 2413 1373 2502 [p.
1390 2431 1428 2480 47
1433 2429 1449 2481 9
1490 2415 1538 2480 At
1553 2436 1629 2480 cum
1645 2414 1812 2496 discipulis
1828 2414 1951 2479 dietum
1966 2422 2017 2478 est
2033 2434 2054 2478 a
2073 2413 2218 2479 Domino

217 2496 254 2559 in
275 2503 344 2561 tota
364 2498 552 2564 mortalium
572 2500 641 2564 vita
667 2500 765 2583 longe
786 2501 933 2564 omnium
953 2501 1191 2567 honestissima.
1244 2502 1341 2587 (Luc.
1361 2502 1430 2586 22):
1506 2523 1563 2584 ges
1585 2501 1733 2584 gentium
1753 2499 1916 2564 dominari
1931 2499 2014 2578 illis«
2027 2501 2114 2564 iuter
2129 2501 2217 2582 ipsos

302 2581 397 2663 Quae
419 2586 571 2668 cogitatio
597 2587 810 2670 magistratus
837 2587 925 2668 ipsos
947 2585 1076 2652 assidue
1098 2608 1192 2652 exer·
1243 2609 1321 2653 vero
1338 2610 1406 2653 non
1427 2589 1475 2652 ita
1491 2608 1570 2666 esse,
1593 2588 1651 2652 ubi
1670 2587 1726 2669 qui
1743 2586 1869 2667 primus
1885 2587 1936 2664 sit,
1953 2585 2026 2649 fieri
2042 2585 2216 2649 minimum

218 2690 292 2734 cere
313 2668 418 2748 debet,
438 2670 568 2752 quando
588 2672 758 2754 ingentem
781 2669 821 2757 [p.
840 2669 917 2758 477]
936 2672 1001 2737 illis
1022 2673 1192 2738 stimulum
1243 2680 1403 2758 oporteat3
1425 2674 1487 2739 hac
1504 2694 1583 2738 voce
1600 2671 1811 2737 interdictum
1827 2678 1878 2738 est
1897 2669 2094 2736 Christianis
2111 2672 2216 2734 omni-

218 2753 352 2832 addere,
380 2776 443 2837 quo
472 2756 514 2820 ad
541 2757 685 2822 officium
706 2759 903 2836 excitentur,
935 2766 969 2823 et
990 2759 1192 2842 singularem
1242 2761 1319 2839 bus,
1347 2782 1389 2824 ne
1416 2781 1519 2844 regna
1540 2766 1599 2823 aut
1618 2758 1839 2841 praefecturas
1859 2763 2037 2840 capessant
2083 2754 2216 2823 01111-

216 2839 471 2906 consolationem
492 2842 619 2907 adferre
639 2848 759 2924 potest,
782 2864 847 2926 qua
867 2845 1014 2909 muueris
1036 2845 1086 2909 sui
1107 2844 1192 2909 diffi·
1243 2853 1311 2911 tros
1333 2848 1536 2928 interpretes.
1580 2844 1675 2909 Inter
1703 2843 1970 2926 discipulosorta
1991 2856 2063 2907 erat
2083 2851 2216 2908 conten·

217 2926 368 3004 cultates,
391 2947 474 3008 quae
494 2929 617 2993 multae
638 2936 726 2995 certe
749 2937 782 2994 et
803 2950 921 3013 graves
941 2937 1033 3010 sunt,
1056 2931 1189 2996 leniant
1243 2933 1301 3012 tio,
1324 2934 1397 3016 quis
1419 2932 1521 2997 alium
1541 2930 1760 3014 praecelleret.
1805 2929 1903 2994 Hanc
1924 2948 2047 2996 vanam
2068 2929 2217 2994 ambitio·

216 3009 390 3092 Quantum
418 3013 507 3076 enim
532 3014 744 3098 integritatis,
771 3013 979 3098 prudentiae,
999 3023 1191 3082 mansuetu·
1242 3041 1319 3084 nem
1345 3027 1383 3083 ut
1409 3024 1627 3100 compesceret
1653 3016 1830 3094 Dominus,
1858 3036 1972 3080 eorum
1998 3015 2217 3081 ministerium

217 3096 320 3177 dinis,
353 3099 587 3178 continentiae,
619 3101 826 3167 innocentiae
851 3101 995 3167 studium
1024 3103 1085 3168 sibi
1112 3104 1191 3186 ipsis
1242 3126 1310 3169 non
1331 3125 1401 3170 esse
1428 3104 1538 3187 regnis
1567 3102 1673 3168 simile
1694 3101 1817 3180 docuit,
1839 3103 1873 3166 in
1896 3101 2014 3184 quibus
2035 3102 2123 3166 inter
2143 3121 2217 3166 cae-

216 3183 380 3266 imperare
406 3182 540 3263 debent,
566 3187 623 3268 qui
647 3186 778 3252 divinae
803 3188 945 3253 iustitiae
966 3189 1134 3255 ministros
1156 3211 1191 3255 se
1242 3198 1329 3256 tenos
1352 3212 1439 3255 unus
1466 3190 1596 3255 eminet
1641 3187 1736 3269 Quae
1762 3187 1904 3267 mnodo,
1934 3186 2013 3270 quid
2034 3208 2154 3269 quaeso
2174 3186 2216 3252 ad

216 3270 409 3334 constitutos
436 3291 507 3335 esse
534 3271 677 3335 norunt?
735 3271 811 3353 Qua
837 3272 958 3339 fiducia
984 3275 1192 3358 iniquitatem
1241 3277 1456 3360 ignominiam
1472 3277 1582 3359 regiae
1600 3274 1768 3359 dignitatis
1783 3273 1883 3339 facit?
1911 3272 2216 3356 Imoquidomnino

215 3355 252 3419 in
272 3355 418 3420 tribunal
436 3377 532 3437 suum
551 3356 734 3436 admittent,
756 3359 844 3441 quod
858 3359 924 3424 Dei
941 3362 1086 3426 viventis
1099 3361 1191 3427 thro-
1243 3364 1378 3440 evincit,
1411 3362 1476 3426 nisi
1503 3363 1631 3445 regium
1658 3381 1793 3439 munus,
1823 3357 2035 3442 apostolieum
2056 3380 2124 3424 non
2145 3380 2216 3424 esse

215 3461 298 3505 num
320 3462 390 3506 esse
417 3441 577 3506 audiunt?
622 3442 698 3523 Qua
723 3444 860 3510 audacia
880 3446 1037 3511 iniustam
1058 3453 1190 3512 senten·
1241 3446 1480 3514 ministerium?
1535 3447 1726 3526 Praeterea,
1766 3447 1854 3511 inter
1884 3447 1972 3528 ipsos
2003 3447 2216 3529 magistratus

214 3527 296 3591 tiam
322 3529 588 3610 pronunciabunt
613 3551 650 3595 eo
678 3551 748 3608 ore,
779 3531 865 3613 quod
892 3530 1023 3598 divinae
1042 3535 1190 3600 1111111111
1241 3535 1373 3600 tametsi
1397 3534 1508 3600 variae
1535 3540 1614 3598 sunt
1637 3534 1775 3611 formae,
1807 3531 1938 3597 nullum
1962 3537 2074 3595 tamen
2101 3530 2216 3596 discri-

216 3611 424 3696 designatum
457 3637 528 3679 esse
559 3636 721 3698 organum
752 3616 963 3701 intelligtmt?
1008 3618 1084 3700 Qua
1112 3642 1189 3686 con·
1241 3642 1318 3685 men
1345 3621 1408 3687 hac
1428 3621 1464 3684 in
1484 3626 1578 3703 parte
1599 3626 1663 3699 est,
1687 3619 1766 3701 quin
1792 3639 1851 3700 pro
1872 3618 1938 3684 Dei
1958 3615 2215 3681 ordinationibus

214 3698 351 3762 scientia
367 3700 404 3763 in
420 3701 522 3783 impia
539 3699 669 3767 decreta
685 3703 890 3769 subscribent
906 3725 945 3768 ea
960 3726 1072 3784 manu,
1089 3728 1189 3789 quam
1241 3706 1464 3791 suscipiendae
1497 3705 1637 3771 anobis
1663 3726 1776 3769 omnes
1808 3705 1883 3770 sint
1927 3703 2014 3768 Nam
2042 3708 2076 3766 et
2100 3722 2215 3767 omnes

215 3781 257 3846 ad
278 3786 528 3865 praescribenda
549 3788 615 3852 Dei
635 3796 708 3854 acta
729 3790 838 3854 sciunt
858 3789 1062 3856 ordinatam?
1241 3791 1341 3858 simul
1360 3793 1586 3874 complectitur
1605 3790 1741 3870 Paulus,
1763 3811 1840 3856 cum
1860 3790 1908 3855 ait
1924 3788 2034 3873 (Rom.
2056 3787 2123 3873 13):
2146 3809 2215 3852 non

301 3869 343 3932 In
365 3891 502 3950 summa,
525 3874 553 3937 si
575 3895 610 3938 se
631 3876 695 3939 Dei
716 3876 855 3942 vicarios
877 3898 947 3942 esse
968 3879 1187 3960 meminerint,
1240 3900 1311 3944 esse
1332 3885 1526 3962 potestatem
1541 3877 1606 3943 nisi
1624 3899 1644 3942 a
1660 3877 1742 3955 Deo,
1763 3883 1797 3941 et
1812 3896 1895 3958 quae
1916 3874 2064 3940 omnium
2080 3875 2215 3939 minime

213 3955 302 4053 omni
330 3976 424 4034 cura,
453 3957 641 4039 sedulitate,
669 3961 832 4027 industria
857 3964 1032 4048 invigilent
1052 3974 1187 4048 oportet,
1241 3964 1418 4045 arridebat,
1447 3965 1567 4030 eximio
1588 3984 1667 4047 prae
1688 3963 1761 4028 aliis
1781 3962 1968 4027 testimonio
1989 3961 2215 4026 commendata

212 4059 269 4122 qur
289 4040 482 4140 ’hominibus
509 4044 675 4125 quandam
701 4046 832 4113 divinae
863 4049 1103 4132 providentiae,
1131 4074 1187 4118 cu·
1240 4057 1304 4128 est,
1343 4069 1461 4135 nempe
1499 4051 1599 4115 unius
1631 4055 1788 4133 potestas;
1826 4068 1910 4130 quae
1941 4049 2019 4130 quia
2049 4047 2214 4130 publicam

213 4125 346 4226 stadiae,
368 4126 533 4207 bonitatis,
555 4131 810 4212 benevolentiae,
835 4135 987 4216 iustitiae,
1010 4137 1189 4220 imaginem
1240 4138 1387 4202 omnium
1419 4138 1610 4203 servitutem
1643 4156 1754 4201 secum
1781 4134 1859 4213 fert,
1891 4142 2027 4216 excepto
2053 4154 2119 4198 uno
2146 4131 2213 4211 illo,

212 4233 249 4276 m
275 4233 310 4277 se
339 4220 593 4310 repraesentent.
646 4218 694 4283 Ac
720 4226 876 4302 perpetuo
902 4221 984 4286 illud
1005 4223 1067 4287 sibi
1088 4224 1188 4288 subii·
1239 4224 1332 4289 cuius
1352 4223 1480 4289 libidini
1501 4222 1612 4288 omnia
1632 4222 1770 4301 subiicit,
1792 4217 1930 4285 heroicis
1950 4227 1986 4284 et
2006 4218 2214 4284 excellentio-

212 4298 303 4363 ciant
318 4297 468 4363 maledici
490 4320 618 4380 omnes,
646 4305 700 4384 qui
723 4325 805 4386 opus
825 4307 891 4370 Dei
911 4308 1037 4372 faciunt
1057 4309 1094 4372 in
1115 4308 1188 4374 dolo
1240 4309 1330 4374 ribus
1363 4310 1503 4395 ingeniis
1540 4309 1650 4373 minus
1682 4307 1761 4372 olim
1793 4306 1965 4388 approbari
1996 4305 2111 4387 potuit
2165 4304 2214 4368 At

212 4382 290 4467 (Ier.
311 4382 377 4468 48).
422 4383 538 4468 Itaque
564 4408 640 4451 cum
661 4410 737 4455 suos
763 4391 887 4457 iudices
908 4393 950 4457 ad
972 4395 1115 4459 officium
1135 4414 1188 4460 oo·
1240 4396 1410 4477 scriptura,
1432 4415 1496 4478 quo
1518 4395 1637 4478 iniquis
1659 4394 1730 4458 istis
1751 4391 1879 4457 iudiciis
1900 4396 2057 4469 occurrat,
2080 4388 2211 4456 divinae

211 4467 337 4568 hortari
355 4468 1186 4627 11111111Μ111111111111113Β111.1.2Ρ11.19),
1240 4482 1417 4563 sapientiae
1455 4480 1695 4564 providentiam
1724 4499 1796 4544 esse
1833 4477 2027 4542 nominatim
2058 4476 2209 4553 affirmat,

211 4554 295 4619 mhil
323 4555 511 4620 habuenmt
531 4557 708 4640 efficacius,
733 4581 796 4644 qno
819 4563 948 4629 'lorum
969 4565 1095 4631 animos
1116 4567 1188 4631 affi·
1238 4566 1325 4650 qnod
1349 4589 1444 4652 reges
1465 4573 1620 4652 regnant,
1643 4561 2211 4648 111111111111111θὲθῐῦ110110Μὶ

211 4648 338 4740 carent,
368 4663 466 4724 quam
489 4643 579 4742 ‘quod
612 4646 703 4728 prius
728 4645 908 4716 retulimus.
959 4651 1079 4716 Videte
1108 4652 1188 4735 quid
1237 4653 1395 4737 praecipit
1416 4652 1528 4738 (Prov.
1549 4657 1578 4718 8.
1599 4655 1648 4715 24.
1674 4651 1798 4716 lPetr.
1819 4647 1862 4734 2).

212 4732 332 4810 agatrs;
354 4748 429 4791 non¹
444 4749 603 4813 emmpro
618 4731 750 4799 homine
767 4737 925 4802 exercetis
941 4737 1107 4816 indicium,
1130 4739 1187 4803 sed
1323 4739 1371 4804 Et
1395 4761 1474 4806 sane
1495 4739 1591 4806 valde
1618 4738 1758 4802 otiosum
1779 4742 1843 4813 est,
1866 4735 1939 4818 quis
1959 4734 2148 4817 potissimus
2161 4733 2213 4798 sit

232 4833 270 4876 ro
290 4811 378 4890 Deo,
407 4814 526 4916 quippe
538 4818 603 4917 ‘qui
624 4818 718 4918 iuxta
739 4841 797 4885 vos
818 4823 925 4887 estin
947 4844 1046 4889 causa
1065 4823 1185 4891 iudicii
1238 4824 1369 4909 politiae
1387 4832 1500 4905 statu,
1520 4823 1689 4907 aprivatis
1702 4821 1887 4886 homiuibus
1905 4819 2064 4918 disputati
2073 4816 2119 4969 ΕΡ·
2133 4815 2213 4905 480]

167 4974 170 4979 ἱ
246 4895 348 4997 5478]
372 4898 470 4965 Nunc
501 4909 603 4985 igitur
630 4910 673 4969 srt
703 4925 806 4988 pavor
831 4907 968 4973 Domini
995 4930 1093 4994 super
1118 4932 1186 4977 vos.
1238 4912 1355 4994 quibus
1376 4910 1417 4977 de
1438 4908 1665 4978 constituenda
1688 4930 1725 4972 re
1753 4907 1862 4990 aliqua
1881 4906 2012 4990 pubboa
2032 4904 2074 4971 de
2099 4905 2214 4972 berare

243 4981 344 5062 rdete,
374 4992 408 5049 et
428 4987 529 5081 agite:
556 4990 710 5071 quoniam
735 4997 804 5057 nbn
831 4999 882 5058 est
902 4994 970 5061 ulla
989 4998 1187 5078 perversitas
1239 5019 1306 5062 non
1326 4998 1417 5078 licet;
1443 5004 1515 5063 tum
1532 4997 1631 5062 etiam
1657 4993 1848 5077 simpliciter
1872 4992 1907 5057 id
1929 4990 2062 5057 definiri
2078 4991 2143 5056 nisi
2164 4999 2214 5056 ifl-

210 5068 297 5150 apud
318 5069 500 5136 Dominum
520 5074 632 5142 Deum
657 5084 815 5143 nostrum.
858 5079 905 5144 Et
931 5079 995 5146 alio
1015 5081 1086 5148 loeo
1106 5082 1187 5150 dici·
1238 5105 1328 5149 mere
1350 5086 1417 5149 nou
1437 5088 1552 5166 potest,
1575 5101 1652 5147 cum
1672 5079 1848 5164 praecipua
1868 5079 1967 5144 huillss
1984 5076 2214 5160 dispalssffifflfiss

209 5153 391 5252 tur·(Psal.
411 5155 482 5256 βῖ);
510 5159 622 5226 Deum
647 5164 775 5228 stetisse
800 5165 836 5228 in
859 5186 1029 5251 synagoga
1051 5167 1188 5233 deorum
1238 5170 1322 5235 ratio
1348 5170 1383 5237 in
1411 5166 1664 5235 circumstantiis
1689 5165 1796 5251 posita
1816 5165 1872 5244 Sil,
1901 5172 1934 5229 Ol
1956 5165 1984 5230 δί
2004 5164 2092 5247 ll)sos
2113 5163 2214 5226 elim

209 5242 243 5302 et
267 5259 304 5303 rn
330 5241 440 5307 medio
467 5244 603 5311 deorum
630 5248 771 5316 iudicem
799 5271 922 5334 agero:
942 5250 1025 5334 Quo
1053 5253 1095 5318 ad
1116 5255 1188 5321 offi·
1238 5259 1344 5322 status
1369 5256 1452 5322 citra
1477 5253 1739 5320 circumstantias
1765 5251 1853 5316 inter
1878 5270 1914 5316 se
1934 5269 2116 5332 compares,
2145 5264 2214 5314 non
