4732 6030
1139 320 1230 385 XIII

176 520 437 603 recent-iores
474 519 662 628 aliasque
700 518 872 600 notitias
917 546 1033 600 mere
1070 515 1429 625 bibliographicas
1469 515 1641 626 speciali
1672 517 2013 599 commentationi
2049 548 2186 601 reser-

177 658 333 739 vaturi.
380 658 647 740 Varietatem
678 655 807 738 etiam
836 654 1041 760 lectionis,
1074 654 1110 734 si
1141 682 1225 784 (pua
1256 652 1470 733 exstiterit
1499 663 1649 737 notatu
1680 653 1823 763 digua,
1854 655 2025 738 minime
2047 656 2186 766 negli-

179 825 355 905 gemus,
395 795 558 877 omissis
590 805 732 876 tamen
763 793 880 885 vanis
912 791 996 873 illis
1029 804 1074 873 et
1103 790 1332 871 fastidiosis
1369 790 1557 870 minutiis
1590 791 1743 899 quibus
1774 790 1898 874 nimis
1930 793 2092 877 curiose
2122 796 2187 877 in-

181 933 414 1042 dulgentes
444 930 638 1013 nonnulli
668 929 793 1012 hodie
825 959 993 1038 quoque
1024 927 1172 1010 lectori
1203 957 1404 1009 nauseam
1436 939 1618 1008 movent.

262 1109 267 1123 ·
339 1068 507 1179 Scripta
532 1067 702 1175 Caluini
732 1067 871 1149 omnia
902 1067 1016 1147 edita
1046 1076 1175 1174 atque
1207 1065 1365 1146 inedita
1394 1064 1438 1144 iu
1469 1075 1557 1145 tres
1588 1084 1736 1174 partes
1771 1068 1857 1149 sive
1890 1068 2018 1150 series
2051 1069 2189 1180 digeri

181 1217 378 1318 possunt,
408 1235 486 1315 pro
516 1205 642 1286 variis
674 1234 782 1313 quae
814 1204 855 1284 in
882 1204 932 1284 iis
955 1214 1192 1285 tractantur
1223 1202 1497 1313 argumentis.
1548 1201 1695 1283 Prima
1718 1231 1817 1312 pars
1840 1216 1908 1286 est
1936 1207 2188 1317 scriptorum

184 1343 542 1454 dogmaticorum,
583 1341 885 1452 polemicorum
916 1353 960 1423 et
996 1340 1397 1445 nomotheticorum,
1436 1364 1543 1448 quae
1576 1323 1740 1421 scilicet
1768 1340 1838 1422 vel
1869 1342 1924 1424 ad
1955 1344 2189 1426 doctrinam

184 1479 478 1589 evangelicam
509 1479 799 1590 exponendam
830 1491 875 1560 et
911 1477 1220 1581 vindicandam,
1251 1477 1320 1557 vel
1351 1477 1503 1557 adres
1535 1476 1678 1559 civiles
1710 1489 1755 1559 01
1785 1478 2088 1563 ecclesiasticas
2119 1511 2188 1563 or-

184 1616 392 1698 dinandas
423 1616 648 1727 pertinent.
709 1613 864 1696 Altera
895 1615 1189 1726 complectitur
1220 1643 1348 1725 opera
1379 1614 1599 1723 exegetica
1630 1627 1674 1695 et
1703 1615 1957 1722 homiletica,
1988 1647 2122 1727 quum
2144 1631 2189 1701 et
2294 1706 2302 1721 ,

184 1755 268 1838 hoc
306 1753 516 1864 posterius
553 1782 691 1863 genus
722 1752 903 1834 maxime
946 1752 989 1832 in
1008 1787 1011 1791 ·
1027 1751 1300 1863 explanandis
1332 1764 1377 1832 et
1407 1751 1665 1861 applicandis
1703 1754 1892 1835 textibus
1935 1756 2062 1838 sacris
2093 1785 2188 1838 ver·

184 1902 320 1974 setur.
380 1888 455 1972 Ad
492 1890 664 1972 tertiam
694 1889 875 1999 denique
906 1890 1150 1971 referendae
1183 1904 1282 1970 sunt
1321 1888 1525 1999 epistolae
1557 1889 1709 1998 quibus
1749 1892 1964 1973 commode
2002 1893 2188 2002 iungam-

183 2041 260 2110 tur
291 2028 483 2129 consilia,
513 2027 687 2131 iudicia,
728 2027 987 2132 testimonia,
1021 2027 1243 2135 variaeque
1275 2025 1381 2108 aliae
1413 2025 1592 2108 schedae
1623 2038 1712 2108 tam
1742 2029 1911 2138 publico
1943 2058 2071 2139 quam
2100 2031 2187 2142 pri-

181 2178 287 2249 vato
316 2164 483 2247 nomine
520 2164 633 2246 inter
663 2164 907 2274 quotidiana
937 2165 1049 2265 vitae
1090 2163 1264 2273 negotia
1302 2163 1572 2273 conscriptae.
1636 2163 1817 2275 Singula
1854 2167 2184 2278 uniuscuiusque

183 2302 312 2386 seriei
343 2302 410 2385 hic
441 2301 676 2383 accuratius
708 2329 953 2383 enumerare
979 2300 1086 2382 nihil
1117 2300 1280 2382 attinet.
1332 2300 1473 2382 Multo
1505 2302 1642 2410 magis
1673 2330 1780 2412 opus
1813 2313 1880 2385 est
1908 2315 1960 2385 ut
1986 2305 2190 2410 lectorem

182 2441 411 2523 doceamus
444 2467 528 2548 qua
560 2439 612 2519 de
644 2468 770 2520 causa
800 2438 1144 2520 Bretschneideri
1181 2438 1376 2549 exemplo
1409 2437 1656 2547 posthabito
1685 2440 1737 2521 ab
1770 2441 1853 2521 alia
1882 2441 2024 2551 potius
2057 2444 2188 2553 scrip-

182 2591 330 2660 torum
361 2575 494 2659 classe
526 2574 693 2656 initium
723 2576 875 2657 facturi
906 2605 1052 2656 sumus
1084 2604 1212 2684 quarn
1243 2577 1296 2656 ab
1327 2575 1402 2658 illa
1422 2603 1531 2684 quae
1555 2605 1638 2656 non
1660 2577 1799 2658 00111111
1818 2557 2032 2687 ’110111001ιο
2054 2581 2188 2659 maxi-

181 2715 245 2796 mi
277 2724 344 2796 est
373 2713 577 2803 momenti
606 2712 857 2823 praesertim
887 2712 1094 2818 historici,
1134 2713 1208 2793 sed
1240 2713 1368 2794 etiam
1397 2713 1440 2792 in
1472 2741 1557 2820 qua
1586 2713 1720 2794 nostri
1753 2714 1927 2796 sudores
1958 2715 2189 2824 plurimum

182 2853 241 2934 ad
287 2852 596 2969 incrementum¹
634 2850 831 2932 scientiae
870 2851 1057 2931 conferre
1102 2861 1314 2960 poterunt.
1396 2850 1528 2931 Multi
1569 2850 1729 2932 scilicet
1765 2851 1844 2932 viri
1889 2852 2001 2933 docti
2038 2883 2189 2935 novam

184 2988 501 3096 auctioremque
533 2999 578 3068 et
607 2987 923 3097 castigatiorem
953 2987 1143 3068 thesauri
1174 2984 1380 3097 epistolici
1412 2987 1631 3068 calviniani
1663 2986 1891 3070 editionem
1921 2990 2188 3100 cupidissime

185 3135 437 3237 exspectant
444 3156 457 3231 3
496 3136 540 3206 et
570 3153 667 3230 uos,
706 3124 812 3206 citra
842 3153 1009 3205 omnem
1030 3107 1170 3207 ¹vanae
1200 3124 1363 3234 gloriae
1403 3124 1730 3230 affectationem,
1773 3126 1904 3208 talem
1939 3127 2187 3237 promittere

183 3263 402 3345 audemus.
448 3261 614 3343 Verum
636 3273 836 3370 utquam
864 3261 1177 3344 absolutissima
1209 3263 1388 3372 prodeat
1410 3262 1535 3343 multi
1556 3262 1674 3373 prius
1700 3263 1867 3345 labores
1888 3264 2008 3346 nobis
2039 3280 2187 3345 exant-

182 3400 303 3513 landi
333 3412 451 3505 sunt,
482 3399 627 3510 plures
661 3398 1022 3510 peregrinationes
1055 3400 1343 3511 suscipiendae
1381 3429 1480 3481 sane
1511 3428 1594 3481 non
1624 3400 1874 3481 iniucundae
1907 3401 1982 3481 sed
2012 3413 2057 3482 et
2087 3430 2188 3511 ope-

181 3566 307 3620 rosae
339 3548 383 3617 et
412 3536 562 3619 taediis
594 3566 678 3618 non
709 3536 876 3618 omnino
900 3537 1071 3644 liberae,
1094 3538 1266 3648 plurimi
1294 3537 1455 3619 codices
1483 3538 1639 3646 ubique
1666 3549 1876 3620 terrarum
1903 3537 2187 3647 conquirendi,

183 3674 426 3757 conferendi
437 3737 449 3780 ,
487 3673 761 3756 describendi.
824 3672 945 3778 Quae
984 3675 1123 3758 omnia
1162 3676 1197 3756 si
1235 3676 1303 3756 vel
1340 3675 1451 3756 intra
1487 3704 1717 3785 paucorum
1759 3703 1963 3754 annorum
2004 3676 2189 3785 spatium

183 3812 389 3894 conficere
427 3811 635 3915 licuisset,
673 3809 796 3891 nimis
841 3813 1020 3894 fortasse
1065 3812 1392 3923 praecipitanter
1437 3823 1481 3892 01
1522 3811 1799 3892 tumultuarie
1841 3812 1994 3893 firisset
2035 3825 2186 3895 actum.

184 3950 280 4030 Iam
309 3960 479 4060 praeter
518 3978 677 4029 ammas
709 3948 834 4033 ferias
874 3950 1141 4032 autumnales
1180 3949 1251 4029 vix
1290 3947 1410 4029 nobis
1447 3946 1608 4056 aliquid
1645 3948 1720 4028 otii
1759 3950 2002 4031 conceditur
2040 3952 2188 4034 acade-

183 4086 293 4167 mico
324 4085 460 4168 officio
492 4085 704 4168 adstrictis
737 4088 849 4195 quod
881 4087 1101 4201 itineribus
1133 4086 1337 4167 faciundis
1369 4085 1611 4194 impendere
1637 4085 1860 4195 possimus,
1893 4099 1938 4168 et
1968 4101 2019 4168 ut
2040 4088 2186 4169 alienis

184 4222 319 4306 oculis
351 4235 396 4304 et
422 4223 613 4305 manibus
645 4236 734 4304 tam
766 4225 941 4305 arduam
971 4254 1062 4305 rem
1093 4234 1138 4305 et
1167 4222 1447 4335 periculosam
1479 4251 1624 4305 secure
1647 4223 1990 4333 permitteremus
2019 4255 2044 4305 a
2067 4224 2187 4305 nobis

184 4360 357 4442 minime
377 4359 717 4470 impetravimus.
766 4360 994 4443 Caeterum
1025 4373 1070 4442 et
1099 4361 1231 4472 ipsius
1264 4359 1608 4442 Bretschneideri
1640 4361 1793 4441 summi
1823 4360 1902 4441 viri
1934 4376 1978 4441 et
2001 4360 2188 4469 alioquin

183 4497 504 4608 prudentissimi
534 4497 717 4607 vestigia
759 4526 835 4579 nos
866 4500 1104 4603 terrebant,
1137 4497 1211 4606 qui
1242 4526 1446 4578 annorum
1478 4496 1642 4602 seriem,
1677 4509 1727 4578 111
1756 4526 1824 4578 100
1855 4495 2112 4607 postulabat,
2143 4499 2188 4580 in

186 4633 361 4715 edendis
401 4634 690 4717 Melanthonis
730 4635 921 4745 epistolis
961 4635 1218 4744 sequendam
1254 4634 1333 4715 sibi
1366 4635 1548 4744 sumpsit
1579 4634 1769 4742 quidem,
1808 4664 1892 4715 non
1923 4645 2066 4715 autem
2099 4663 2187 4716 ser-

183 4770 314 4876 vavit,
346 4797 478 4880 quum
508 4772 718 4882 prioribus
746 4771 870 4853 tomis
902 4771 986 4852 iam
1017 4771 1222 4854 absolutis
1255 4801 1384 4878 novas
1420 4771 1763 4882 supervenientes
1796 4771 1935 4881 copias
1967 4782 2088 4852 extra
2119 4800 2188 4852 or-

186 4908 330 4989 dinem
360 4919 404 4989 et
431 4908 824 5020 supplementorum
850 4908 942 4991 loeo
975 4909 1232 5018 subiungere
1264 4922 1432 4992 coactus
1464 4909 1604 4991 fuerit.
1667 4906 1794 5011 Quod
1820 4935 1903 4987 non
1935 4906 2023 4989 sine
2054 4908 2187 4990 lecto-

184 5075 284 5127 rum
308 5044 602 5152 ·incommodo,
641 5075 778 5154 neque
826 5045 914 5127 sine
953 5046 1104 5128 damno
1136 5046 1350 5128 annalimn
1391 5045 1572 5155 singulis
1609 5044 1733 5125 tomis
1773 5044 2057 5153 praefixorum
2084 5045 2189 5127 ‘fieri

184 5180 377 5294 potuisse
407 5211 530 5265 nemo
560 5212 645 5265 non
674 5182 801 5265 videt.
