4770 6030
202 350 267 413 415
779 341 1046 410 INSTITU'PIO
1068 343 1173 410 RllIr.
1195 341 1377 409 OHBJST.
1403 345 1632 408 1539-1554.
2145 351 2210 413 416

1906 458 2209 528 As2;ssr;cs1.

201 535 417 602 castimoniam
439 534 474 597 ia
494 533 563 596 sais
587 531 796 597 sacerdotibus
815 532 994 611 raetiam,
1019 537 1179 596 amcoccat
1231 531 1311 594 tiam
1333 551 1361 594 a·
1374 529 1447 595 Deo
1468 531 1697 596 commendari.
1748 530 1786 596 Si
1835 445 2003 598 udibitiam
2031 536 2210 616 requirite

202 622 360 688 macros
380 640 417 684 ac
443 623 640 697 cantatorem
667 639 705 682 ac
725 638 791 697 cos,
820 619 856 681 ia
879 617 992 699 quibas
1021 617 1179 682 amam
1229 617 1323 681 nobis
1344 616 1515 695 Dominus,
1538 616 1695 701 quidquid
1715 617 1764 680 illi
1825 641 1956 684 versum
1976 627 2038 698 est,
2063 620 2206 688 damnat

202 729 240 774 ac
255 708 408 790 micam
427 704 509 770 thori
529 725 625 768 mum
645 724 707 768 aaa
727 705 886 782 metant,
909 705 945 767 ia
965 724 1052 768 cana
1075 703 1179 767 tibidi»
1230 701 1374 768 Proinde
1408 703 1436 767 si
1472 702 1514 766 ad
1539 702 1756 768 obedientiam
1783 703 1944 787 adspires,
1984 728 2045 772 neo
2079 708 2208 775 animus

200 795 253 859 ais
271 813 368 876 penus
389 793 516 872 impunc
536 791 772 867 ranasiaoat,
800 795 936 854 rcccmat
955 789 1046 853 ittam
1068 788 1178 853 abacta·
1230 808 1332 869 prava
1354 787 1504 870 cupidine
1530 791 1621 853 intus
1644 788 1771 866 ardeat,
1795 811 1855 855 nec
1877 791 1961 855 oculi
1982 793 2017 855 in
2040 802 2208 876 corruptos

200 885 265 944 tam
286 877 502 958 disciplinam,
531 897 593 957 qao
613 896 717 940 anna
738 876 886 940 tascimac
907 880 1115 953 mactantem·
1141 874 1178 937 a
1231 874 1366 938 affectus
1388 874 1573 951 lasciviant,
1601 896 1662 939 nec
1690 896 1807 957 eorpus
1830 876 1871 940 ad
1892 877 2091 942 lenocinium
2112 900 2208 945 exco-

201 965 303 1030 bcrcnt
328 963 487 1027 amasiam
513 962 571 1026 law
600 968 664 1026 tam
689 963 848 1045 flagitiosa
873 962 1080 1043 taipitadiac,
1114 980 1177 1040 aaa
1230 959 1325 1038 latur,
1349 980 1410 1025 nae
1432 961 1545 1044 lingua
1566 962 1692 1042 spurcis
1710 963 1916 1026 sermonibus
1937 970 2082 1029 mentem
2099 965 2141 1030 ad
2163 968 2207 1031 si·

200 1052 267 1115 iaia
295 1051 352 1114 dia
380 1049 553 1130 Maioma
580 1054 632 1111 cst.
688 1047 751 1112 aa
782 1047 836 1112 hcc
868 1047 1078 1125 concesserim,
1111 1051 1178 1109 tam
1229 1045 1324 1110 miles
1357 1048 1568 1129 cogitationes
1594 1046 1720 1124 illiciat,
1750 1068 1812 1112 nec
1834 1048 1912 1130 gula
1933 1069 1993 1113 sua
2014 1051 2207 1133 intemperie

200 1155 315 1200 nasas
341 1135 528 1199 adawiwitdi
553 1139 656 1211 auid,
682 1154 720 1198 ac
746 1154 815 1197 cam
836 1154 902 1196 rem
918 1133 1178 1214 marcescentia
1229 1131 1427 1210 inflammet;
1457 1139 1534 1196 sunt
1561 1133 1648 1197 enim
1675 1133 1786 1196 omnia
1805 1133 1962 1198 eiusmodi
1984 1135 2079 1214 vitia,
2101 1138 2205 1202 veluti

201 1223 362 1298 casatam,
384 1240 464 1301 quac
480 1241 540 1301 pcc
560 1240 593 1283 sc
612 1220 709 1284 libera
730 1240 768 1282 aa
789 1219 931 1282 ccclesiae
951 1218 1084 1282 utilitate
1099 1238 1176 1299 pera
1229 1217 1375 1281 maculae
1407 1218 1582 1300 quaedam,
1625 1219 1741 1300 quibus
1773 1219 1932 1284 castitatis
1970 1222 2096 1302 puritas
2128 1244 2205 1288 con—

201 1309 258 1372 det.
304 1306 411 1388 Neque
437 1311 539 1370 aaa
566 1306 639 1369 traco
659 1307 741 1383 dico,
771 1306 853 1385 quod
872 1305 941 1368 atta
965 1305 1088 1367 maniae
1110 1323 1176 1367 coit·
1229 1310 1411 1384 spurcatur.

201 1395 316 1460 cama
337 1392 476 1457 madum
497 1392 680 1456 asebaim
702 1392 745 1454 iis
765 1390 933 1454 amaus
953 1409 1099 1468 mascam,
1121 1390 1176 1469 qai

201 1479 360 1544 maculam
381 1478 549 1543 meditatas
575 1477 774 1544 ecclesiastica
802 1477 907 1540 ordini
933 1476 1094 1551 iniiciaat5
1123 1475 1177 1538 aad

200 1571 237 1629 at
253 1564 425 1647 iiitctlipaat
442 1565 636 1641 cordatiores,
659 1583 722 1644 qao
737 1564 838 1644 fronte
858 1561 958 1626 hostes
974 1561 1073 1624 matri
1089 1580 1176 1623 saac-
1425 1559 1703 1626 PRAEOEPTU
1704 1560 1742 1624 M
1763 1559 1999 1629 OO'PAVUM.

201 1657 268 1716 tam
290 1652 480 1733 carciapiam,
507 1648 616 1714 obiecto
643 1648 840 1729 antiquitatis
859 1649 994 1724 mmiac,
1022 1648 1058 1709 ia
1077 1665 1177 1709 sacca-
1381 1690 1383 1694 ψ

200 1737 321 1802 coccus
348 1737 506 1818 infamant.
557 1733 728 1815 Quantum
756 1733 797 1797 ad
824 1742 934 1816 patres
961 1733 1077 1796 attinet
1097 1752 1176 1812 quo-
1483 1737 1581 1818 N0n
1612 1738 1776 1819 ful-qum
1805 1739 1944 1821 facies·

200 1844 277 1887 nrm
297 1823 418 1905 scripta
440 1827 579 1898 exstant,
602 1842 707 1902 neque
727 1820 804 1903 ipsi,
827 1840 929 1900 quum
949 1840 991 1882 ex
1013 1839 1071 1882 suo
1092 1816 1177 1880 iudi·

202 1909 252 1974 cio
271 1909 496 1991 loquebantur,
518 1913 654 1989 excepto
675 1906 887 1989 Hieronymo,
910 1911 1004 1968 tanta
1024 1903 1177 1986 maligni-
1316 1906 1365 1966 74.
1410 1903 1518 1966 Finis:
1547 1903 1701 1984 quoniam
1729 1905 1961 1970 abominationi
1982 1911 2033 1970 est
2052 1907 2124 1972 Deo
2151 1909 2203 1972 in·

107 2003 113 2013 ”
202 2001 271 2059 tate
297 1994 438 2078 coniugii
467 1993 628 2057 honestati
655 1991 886 2056 obtrectarunt.
938 1988 1092 2054 Contenti
1113 1989 1177 2051 eri-
1229 1988 1361 2066 iustitia,
1380 1996 1418 2051 ut
1434 1987 1591 2052 reddatur
1607 1990 1782 2072 unicuique
1798 1991 1884 2073 quod
1902 2013 1999 2056 suum
2015 2000 2072 2057 est.
2104 1991 2204 2058 Sum-

202 2074 286 2145 mus¹
315 2101 381 2144 uno
413 2077 640 2162 Ohrysostomi
674 2077 792 2159 elogio:
812 2075 837 2160 ι)
876 2075 962 2158 quod
993 2077 1037 2153 is,
1077 2095 1178 2156 quum
1230 2095 1285 2138 ma
1305 2075 1407 2156 igitur
1428 2075 1503 2152 erit,
1531 2096 1591 2138 nos
1613 2076 1718 2140 vetari
1739 2077 1836 2141 rebus
1858 2077 1972 2142 alienis
1993 2078 2136 2158 inhiare,
2166 2101 2205 2146 aa

202 2167 397 2249 praecipuus
423 2165 523 2228 fuerit
542 2164 741 2246 virginitatis
763 2162 957 2240 admirator,
985 2182 1052 2224 nou
1072 2166 1179 2242 potest
1232 2159 1368 2242 proinde
1389 2161 1503 2237 iuberi,
1526 2161 1594 2225 suis
1615 2162 1790 2244 uniomque
1806 2163 2037 2229 conservandis
2055 2166 2148 2231 bonis
2164 2167 2205 2231 fi·
2326 2237 2330 2243 ,

203 2252 240 2316 in
266 2251 465 2316 matrimonii
497 2248 810 2314 commendationem
836 2247 940 2312 videri
973 2247 1073 2310 fuisse
1106 2245 1178 2310 aliis
1233 2245 1339 2310 delam
1371 2266 1504 2327 operam
1536 2246 1733 2334 impendere.
1788 2247 1845 2313 Sic
1877 2251 1964 2313 onim
1996 2251 2206 2334 cogitandum

204 2337 374 2420 profanior.
424 2333 480 2400 Sic
509 2341 618 2399 autem
644 2334 799 2416 loquitur:
828 2334 954 2415 primus
982 2330 1103 2415 gradus
1125 2351 1178 2395 aa
1232 2338 1295 2395 est:
1318 2332 1491 2413 unicuique
1519 2333 1665 2397 evenisse
1687 2333 1773 2415 quod
1792 2335 1951 2418 possidet,
1978 2356 2045 2400 non
2071 2337 2206 2402 fortuita

204 2424 324 2489 stitutis
345 2429 408 2500 est,
430 2421 558 2486 sincera
577 2421 749 2503 virginitas
755 2443 763 2498 ;
786 2418 961 2496 secundus,
984 2415 1080 2481 fidele
1102 2438 1178 2481 con·
1230 2425 1325 2494 sorte,
1349 2417 1406 2482 sed
1428 2440 1469 2481 ex
1491 2417 1718 2483 distributione
1734 2420 1887 2499 ‘Domini;
1909 2441 1975 2485 non
1992 2443 2087 2504 posse
2104 2425 2205 2507 igitur

203 2509 338 2593 iugium.
381 2508 472 2591 Ergo
494 2507 616 2589 species
638 2505 781 2570 secunda
802 2505 1015 2587 virginitatis,
1038 2509 1087 2567 est
1107 2522 1178 2566 ma·
1229 2503 1395 2585 praeverti
1421 2503 1517 2568 malis
1544 2504 1668 2569 artibus
1698 2506 1870 2572 facultates
1897 2507 2090 2588 cuiuspiam,
2124 2511 2205 2590 quin

205 2595 349 2659 aimonii
370 2600 460 2658 casta
482 2592 619 2658 dileetio.
1230 2588 1320 2653 fraus
1353 2588 1484 2653 divinae
1513 2588 1748 2671 dispensationi
1780 2593 1848 2656 fiat
1907 2592 2057 2658 leirna
2094 2602 2204 2658 autern

290 2682 339 2743 73.
384 2680 503 2757 Porro,
526 2680 554 2743 si
575 2679 729 2762 coniuges
754 2685 991 2760 recognoscunt
1012 2695 1106 2739 suam
1128 2693 1179 2736 so-
1231 2682 1309 2739 sunt
1347 2675 1509 2739 furtorum
1547 2696 1675 2758 genera
1727 2677 1840 2742 Unum
1876 2686 1927 2743 est
1964 2679 2000 2741 in
2037 2679 2202 2756 violentia,

202 2761 1177 2840 neaamessealiomjnobenedictam,ooadm0nent1n,
1231 2757 1332 2842 quum
1359 2761 1392 2824 vi
1413 2782 1605 2842 quacunque
1633 2769 1666 2825 et
1691 2761 1897 2844 praedatoria
1924 2763 2068 2842 licentia,
2097 2764 2205 2829 aliena

202 2872 269 2929 non
290 2873 361 2916 esse
382 2852 600 2932 intemperata
627 2857 660 2915 et
681 2848 839 2914 dissoluta
866 2846 1001 2912 libidine
1023 2866 1178 2927 conspur-
1232 2844 1436 2928 diripiuntur.
1487 2847 1639 2911 Alterum
1665 2849 1701 2911 in
1732 2848 1894 2913 malitiosa
1920 2850 2112 2931 impostura,
2147 2851 2204 2915 ubi

203 2934 351 3004 cendam}
395 2937 472 3000 Nou
494 2936 581 2999 enim
607 2937 635 3000 si
661 2934 915 3000 iuoontinentiae
941 2930 1179 3015 turpitudinem
1231 2931 1456 2996 fraudulenter
1480 2933 1740 3015 intercipiuntur.
1785 2934 1886 2999 Aliud
1907 2935 1943 2999 in
1964 2937 2091 3000 tectiori
2113 2937 2204 3001 calli·

203 3023 293 3088 velat
318 3021 519 3086 matrimonii
545 3021 712 3100 honestas,
740 3020 813 3085 ideo
841 3020 911 3084 eius
936 3019 1179 3082 irritamentum
1231 3018 1365 3110 ditate,
1380 3018 1437 3082 ubi
1468 3039 1528 3100 per
1555 3019 1695 3100 speciem
1721 3020 1802 3084 iuris
1833 3021 2053 3085 excutiuntur.
2104 3022 2206 3086 Aliud

173 3184 175 3188 Ι
203 3109 353 3192 protinus
380 3128 450 3171 esse
479 3106 582 3170 debet.
635 3105 746 3187 Quare
773 3127 841 3171 non
862 3106 972 3170 omnia
998 3103 1060 3169 sibi
1081 3102 1179 3168 licere
1231 3105 1267 3167 in
1292 3100 1474 3182 blanditiis,
1506 3104 1563 3168 ubi
1589 3105 1650 3169 sub
1670 3104 1853 3171 donationis
1873 3114 2061 3188 praetexui,
2090 3129 2205 3173 emun-

204 3194 359 3276 ooniuges
380 3193 581 3271 exisnment3
609 3191 666 3257 sed
687 3213 781 3257 suam
808 3192 943 3274 qiu'sque
963 3210 1101 3254 uxorem
1128 3209 1179 3253 so-
1232 3197 1364 3272 guntur.
1411 3187 1479 3254 Sed
1508 3211 1551 3254 ne
1578 3191 1625 3254 in·
1642 3191 1816 3274 generibus
1837 3192 2045 3258 recensendis
2066 3194 2205 3258 mnrium

203 3280 275 3346 brie
302 3278 435 3358 habeat,
470 3284 504 3342 et
528 3278 673 3343 vicissim
700 3299 784 3341 uxor
809 3279 932 3356 virum3
962 3277 1007 3341 sic
1035 3280 1178 3358 agentes,
1229 3276 1434 3354 insistamus,
1465 3283 1553 3340 artes
1579 3297 1707 3356 omnes,
1741 3278 1859 3359 quibus
1887 3280 2110 3361 proximorum
2131 3300 2206 3362 pos·

203 3386 247 3430 ne
268 3363 346 3447 quid
367 3365 499 3429 omnino
520 3363 693 3447 indignum
714 3363 886 3429 honestate
907 3385 945 3428 ac
962 3361 1180 3443 temperantia
1232 3361 1391 3426 sessiones
1412 3369 1447 3426 et
1466 3363 1624 3446 pecuniae
1645 3361 1687 3426 ad
1708 3384 1769 3427 nos
1790 3362 1995 3443 derivantur,
2018 3366 2076 3430 ubi
2097 3387 2117 3430 a
2139 3366 2205 3430 sin-

154 3451 158 3471 '
203 3451 403 3515 matrimonii
425 3450 609 3514 admittant
654 3447 711 3514 Sic
732 3449 820 3513 enim
842 3448 884 3513 ad
905 3448 1038 3513 modum
1061 3455 1094 3511 et
1110 3467 1179 3511 mo-
1232 3447 1365 3512 caritate
1397 3447 1592 3528 dilectionis,
1627 3447 1669 3513 ad
1695 3448 1844 3528 fallendi,
1877 3456 1936 3515 aut
1962 3452 2076 3533 quovis
2108 3450 2205 3516 modo

205 3535 344 3601 destiam
365 3537 512 3602 revocari
539 3535 632 3601 decet
657 3536 845 3619 coniugium
872 3535 908 3599 in
934 3534 1076 3599 Domino
1103 3554 1179 3597 eon-
1231 3531 1369 3602 nocendi
1390 3533 1601 3616 cupiditatem
1621 3534 1798 3617 obliquant,
1818 3556 1879 3618 pro
1899 3536 1996 3602 furtis
2016 3538 2205 3603 noverimus

204 3627 355 3699 tractum
376 3643 443 3686 non
460 3623 496 3686 in
514 3629 696 3686 extremam
712 3642 875 3704 quamque
890 3620 1059 3686 lasciviam
1076 3639 1180 3683 exun-
1233 3639 1303 3683 esse
1332 3618 1509 3684 habendas.
1560 3619 1602 3684 Iu
1619 3620 1750 3709 ‘forensi
1777 3623 1954 3686 certamine
1976 3622 2142 3687 obtineant
2163 3623 2203 3686 li-

205 3706 292 3771 dare.
328 3706 421 3771 Hanc
436 3708 645 3790 mutuatam
662 3707 851 3772 Ambrosias
864 3707 957 3791 pravi
973 3706 1105 3786 quiden
1126 3704 1181 3768 scd
1233 3713 1292 3783 oet,
1321 3725 1342 3768 a
1362 3705 1434 3770 Deo
1461 3712 1572 3770 tamen
1598 3726 1666 3771 non
1692 3728 1784 3772 secus
1812 3709 2034 3773 aestimantur.
2078 3708 2205 3790 Nempe

204 3811 267 3856 aaa
286 3793 418 3875 iadipua
438 3795 587 3858 meantia
607 3795 730 3872 actacit,
756 3815 853 3876 quma
873 3794 983 3858 acas
1004 3791 1180 3856 adalam
1232 3790 1323 3856 videt
1352 3791 1467 3876 longas
1494 3792 1672 3874 captiones,
1702 3792 1819 3875 quibus
1846 3794 2075 3876 simpliciorem
2107 3795 2205 3859 homo

205 3878 337 3955 aava,
366 3880 422 3959 pai
442 3881 477 3943 ia
502 3900 565 3944 asc
586 3880 741 3963 ccaiapati
767 3880 889 3946 nattam
915 3877 1113 3944 immundicie
1134 3875 1182 3940 ccl
1233 3877 1325 3942 vafer·
1351 3877 1499 3942 animum
1524 3878 1639 3960 incipit
1665 3879 1808 3959 irretire,
1839 3879 1941 3946 donec
1968 3879 2003 3944 in
2032 3902 2109 3945 suas
2132 3888 2205 3944 tan-

205 3962 372 4028 ltcaastatis
393 3984 502 4029 carcaa
521 3965 654 4050 actast)
698 3967 869 4031 Postremo
891 3972 1088 4048 reputemus,
1109 3963 1181 4046 quis
1234 3962 1309 4027 dem
1341 3983 1456 4029 nassas
1492 3965 1651 4044 attrahat,
1690 3963 1781 4030 videt
1813 3964 1913 4031 duras
1944 3966 2206 4049 inhumanasque

205 4049 261 4114 hio
289 4049 456 4132 legislator
482 4052 710 4116 scortationem
738 4051 885 4116 damnet:
914 4071 1032 4132 nempe
1058 4051 1088 4113 is
1114 4050 1180 4131 qui,
1233 4048 1332 4132 leges,
1353 4050 1470 4130 quibus
1491 4050 1654 4132 potentior
1675 4057 1807 4115 tenuem
1827 4059 1924 4135 urget
1945 4073 1983 4117 ao
1999 4053 2205 4134 praecipitat;

205 4155 308 4218 quum
329 4143 499 4211 uastatos
526 4137 691 4219 possidere
717 4136 849 4214 debeat,
876 4137 948 4200 iure
971 4169 1020 4204 sao
1042 4135 1180 4214 animae,
1234 4134 1324 4200 videt
1343 4135 1529 4216 illecebras,
1556 4137 1673 4218 quibus
1694 4143 1851 4221 tunquam
1873 4137 1994 4217 hamis,
2016 4138 2206 4220 impruden·

205 4221 338 4303 spiritus
360 4230 395 4285 et
415 4224 557 4304 corpeus
577 4223 800 4307 integritatem
816 4221 960 4304 requirit.
994 4222 1085 4304 Ergo
1103 4219 1182 4285 dum
1233 4229 1301 4285 tem
1323 4222 1460 4286 astritior
1481 4223 1618 4302 inescat;
1645 4243 1729 4305 quae
1755 4224 1865 4288 omnia
1890 4223 1997 4289 latent
2024 4225 2206 4289 humanum

205 4307 341 4373 scortari
362 4307 521 4388 prohibet,
545 4308 643 4373 simul
663 4315 754 4374 vetat
774 4314 807 4372 et
828 4307 949 4372 lascivo
969 4306 1111 4388 eorporis
1129 4327 1181 4369 or-
1233 4306 1397 4386 iudicium,
1420 4329 1481 4374 neo
1501 4309 1779 4392 incognitionem
1799 4311 1945 4375 veniunt
1989 4309 2104 4393 Neque
2125 4310 2207 4378 haec

204 4401 285 4458 natu
308 4398 342 4456 et
362 4394 528 4459 obscoenis
551 4394 863 4478 gesticulationibus,
894 4399 928 4458 et
955 4392 1092 4474 impmis
1113 4413 1181 4456 ser·
1233 4392 1353 4457 iniuria
1372 4395 1408 4458 in
1429 4395 1568 4476 pecunia
1588 4394 1699 4473 modo,
1721 4402 1778 4460 aut
1799 4395 1835 4459 in
1856 4397 2018 4462 mercibus
2040 4403 2098 4461 aut
2119 4397 2207 4480 agris

205 4479 356 4544 monibus
378 4479 503 4544 alienae
527 4479 702 4562 pudicitiae
722 4479 878 4546 insidiari.
923 4479 1000 4544 Non
1019 4478 1107 4543 enim
1128 4499 1181 4542 ra-
1233 4478 1341 4544 locum
1361 4479 1469 4559 habet,
1491 4479 1605 4544 sedin
1626 4481 1697 4546 iure
1718 4481 1882 4565 cuiusque.
1927 4481 1996 4548 Suo
2018 4484 2106 4548 enirn
2123 4483 2208 4548 bono
2303 4524 2305 4528 .

205 4565 294 4629 tione
315 4572 405 4631 caret
422 4561 578 4631 Archelai
600 4567 763 4631 sententia
780 4565 822 4631 ad
839 4565 1081 4632 adulescentem
1099 4563 1181 4628 mol·
1232 4566 1398 4647 proximos
1424 4565 1629 4646 fraudamus,
1660 4567 1688 4632 si
1721 4566 1923 4652 denegamus
1953 4569 2060 4633 officia
2091 4569 2208 4650 quibus

206 4649 282 4714 liter
302 4656 336 4715 et
358 4651 494 4717 delicate
515 4651 605 4716 ultra
625 4651 758 4717 modum
779 4654 949 4719 vestitum:
971 4671 1039 4715 non
1060 4649 1181 4715 referre
1233 4671 1313 4735 erga
1340 4672 1395 4716 eos
1422 4653 1666 4737 obstringimus
1700 4651 1749 4718 ‘si
1777 4661 1968 4736 procurator
1994 4663 2051 4717 aut
2079 4653 2208 4718 villicus

205 4755 271 4817 qua
296 4745 390 4818 parte
416 4737 569 4804 cinaedus
597 4745 697 4816 esset3
727 4739 887 4822 siqnidem
911 4737 1022 4802 Deum
1049 4736 1181 4819 respici·
1233 4738 1355 4804 otiosus
1375 4744 1471 4803 vorat
1491 4737 1615 4804 domini
1636 4739 1866 4820 substantiam,
1893 4760 1953 4805 neo
1974 4736 2017 4803 ad
2043 4739 2091 4802 rei
2112 4737 2208 4800 fami-

205 4840 289 4901 mus,
312 4824 367 4904 qui
388 4844 520 4889 omnem
540 4825 848 4890 contaminationem
865 4822 1078 4901 abominatum,
1101 4843 1181 4909 qua·
1232 4822 1324 4889 liaris
1351 4845 1465 4889 curam
1492 4825 1638 4889 intentus
1665 4832 1729 4903 est3
1755 4825 1784 4889 si
1804 4825 1993 4890 commissas
2022 4824 2084 4888 sibi
2105 4823 2208 4887 facul-

206 4927 333 4991 ounque
354 4909 391 4972 in
412 4917 505 4991 parte
527 4911 580 4976 vel
602 4912 729 4976 animae
750 4910 804 4976 vel
825 4909 968 4992 corporis
995 4908 1099 4973 nostri
1122 4929 1180 4991 ap-
1232 4915 1318 4975 tatas
1345 4910 1399 4974 vel
1425 4911 1546 4975 miuria
1574 4909 1725 4991 dissipat,
1752 4910 1807 4975 vel
1832 4909 1998 4976 luxuriose
2025 4907 2207 4991 profundit3

205 5001 327 5075 pareat.
379 4995 429 5059 Ac
457 5017 499 5060 ne
521 4995 656 5061 dubium
680 4997 737 5075 sit,
765 4995 953 5060 memineris
980 4994 1033 5059 hio
1055 4994 1180 5076 pudici·
1234 4997 1262 5060 si
1290 5017 1404 5061 servus
1431 4995 1599 5060 dominum
1625 4994 1765 5059 ludibrio
1792 4994 1906 5073 habet,
1934 4995 1963 5060 si
1991 4995 2060 5060 eius
2088 5015 2210 5059 arcana

235 5135 246 5140 -
1234 5080 1399 5164 divulgat,
1430 5083 1458 5146 si
1478 5081 1546 5146 ullo
1566 5079 1662 5146 modo
1688 5085 1761 5144 tum
1780 5080 1898 5160 utam,
1927 5086 2000 5145 tum
2027 5080 2112 5146 bona
2139 5082 2209 5146 eius

278 5197 306 5264 1)
323 5199 423 5251 Hamil.
443 5199 476 5250 dc
494 5200 595 5252 invent.
614 5202 708 5254 crucis.
778 5199 808 5265 2)
826 5199 987 5253 Ambrosius
1004 5201 1049 5253 lib.
1069 5201 1102 5253 de
1120 5200 1179 5269 phi·
1255 5165 1354 5266 mlliti
1373 5167 1402 5231 εἰ
1420 5164 1569 5231 dminus
1582 5186 1714 5232 rmum
1723 5164 1883 5231 famlham
1892 5167 2080 5267 maniter
2090 5173 2228 5267 Vfflfal3².

208 5264 311 5333 losoph.
330 5283 409 5334 quem
428 5268 495 5320 citat
514 5268 656 5336 Angustia
676 5270 722 5322 lib.
741 5276 835 5322 eontra
852 5268 947 5321 Iulian
965 5267 990 5321 2.
1009 5285 1031 5322 c.
1050 5267 1074 5321 1.
1334 5250 1421 5334 apud
1441 5251 1552 5317 Deum
1572 5257 1711 5316 tenena.
1745 5251 1903 5318 11Ῑὶ6111111
1922 5275 2012 5320 emm
2032 5261 2067 5320 61
2088 5259 2208 5320 ratmot
