4770 6030
188 312 277 420 ‘455
652 402 654 406 Α
791 351 1058 420 marmeno
1079 354 1183 420 aaa.
1208 352 1390 420 enarer.
1415 359 1646 420 1oas-1554.
2159 358 2222 418 aas

1882 465 2224 536 A983131oa·,c1oa

217 546 404 611 dubitamus
425 543 566 624 quodam
587 542 680 607 verbi
702 550 801 626 gustu
823 543 955 610 affectos
972 546 1081 627 ipsum
1098 543 1193 609 avide
1245 543 1300 606 tiri
1322 545 1438 625 possit,
1461 544 1526 608 m'si
1548 546 1726 608 constituas
1748 456 1981 626 procul[dubio
2003 541 2160 624 quidquid
2182 543 2223 608 ah

217 632 369 712 arripere,
393 635 426 692 et
447 628 594 692 divinam
616 628 686 692 eius
707 630 863 693 virtutem
884 631 1134 712 persentiscere;
1156 635 1194 693 ut
1245 629 1315 710 ipso
1344 629 1452 711 prodit
1477 637 1718 695 sacrosanctam
1749 652 1821 694 esse
1849 636 1883 693 ct
1914 627 2137 693 inviolabilem
2167 650 2223 692 ve-

216 716 326 783 fallaci
346 714 423 777 fidei
449 713 655 778 simulatione
679 734 747 777 non
777 714 948 780 hominum
970 716 1071 780 oculis
1098 715 1193 778 modo
1246 715 1385 779 ritatem.

216 803 402 883 imponant,
441 799 498 864 sed
531 801 599 864 suis
634 801 780 881 ipsorum
813 802 940 866 animis.
991 801 1195 884 Ipsissimam
1335 806 1362 864 5.
1408 798 1476 865 Sed
1497 802 1653 884 quoniam
1675 823 1734 865 nec
1759 800 1801 864 ad
1823 821 1936 865 vocem
1957 801 2023 863 Dei
2044 799 2224 881 quamlibet

216 888 305 952 enim
337 887 492 968 pietatem
526 906 597 949 esse
629 885 691 950 sibi
719 887 933 967 persuadent,
961 887 1067 965 illam,
1096 908 1194 968 quam
1247 907 1303 951 cor
1332 886 1473 951 hominis
1500 887 1536 951 in
1562 885 1662 951 fidem
1683 888 1834 970 erigitur,
1863 885 2095 968 inquirendum
2117 885 2225 952 adhuc

216 972 281 1039 Dei
303 973 403 1038 verbo
425 971 589 1049 deferunt,
618 973 851 1052 reverentiam;
879 974 955 1054 quia
976 974 1102 1037 nullam
1124 993 1194 1036 esse
1247 979 1305 1050 est,
1329 972 1407 1053 quid
1427 973 1557 1055 proprie
1578 973 1660 1038 fides
1682 974 1717 1036 in
1738 973 1838 1038 verbo
1859 972 2020 1054 respiciat.
2061 972 2138 1035 Vox
2159 972 2223 1036 Dei

216 1058 417 1140 impietatem
440 1064 609 1138 reputant,
637 1058 701 1121 nisi
726 1059 936 1123 manifestum
957 1068 991 1123 et
1012 1059 1195 1124 confessum
1248 1065 1319 1122 erat
1341 1058 1382 1122 ad
1405 1057 1526 1122 Adam:
1553 1067 1658 1122 morte
1687 1059 1849 1138 morieris3
1875 1079 1942 1123 vox
1963 1057 2028 1122 Dei
2057 1056 2099 1121 ad
2121 1055 2220 1122 Cain:

217 1145 288 1211 cius
316 1143 369 1208 vel
401 1144 558 1226 probrum
583 1143 636 1207 vel
669 1151 898 1227 contemptum.
951 1143 1195 1227 Qualiscunque
1248 1145 1382 1227 sanguis
1409 1144 1519 1209 fratris
1547 1147 1594 1208 tui
1617 1145 1738 1209 clamat
1764 1144 1806 1208 ad
1827 1166 1880 1208 me
1904 1142 1943 1207 de
1965 1150 2055 1208 terra
2074 1142 2174 1227 (Gen.
2194 1147 2223 1221 2,

218 1238 328 1296 autem
349 1230 407 1294 illa
429 1238 478 1294 est
500 1231 652 1307 assensio,
677 1229 718 1292 ad
740 1251 796 1294 cor
816 1232 924 1313 ipsum
941 1252 1043 1312 usque
1060 1231 1195 1294 minime
1251 1234 1289 1292 17
1308 1238 1342 1294 et
1358 1235 1388 1308 4,
1410 1229 1480 1314 10),
1503 1230 1561 1294 sed
1583 1252 1665 1313 quae
1687 1230 1771 1294 nihil
1792 1252 1851 1313 per
1873 1250 1916 1307 se,
1940 1230 2004 1294 nisi
2027 1228 2126 1294 fidem
2144 1250 2224 1311 qua-

218 1323 382 1401 penetrat,
412 1322 449 1380 ut
475 1315 541 1380 illic
562 1316 670 1379 defixa
692 1315 848 1394 resideat;
876 1325 909 1380 et
930 1338 1118 1399 quanquam
1140 1338 1193 1380 ra·
1247 1316 1387 1380 tefacere
1415 1324 1552 1398 queant,
1585 1323 1714 1380 tantum
1744 1317 1835 1381 abest
1861 1324 1898 1379 ut
1925 1313 2137 1380 stabiliendae
2160 1316 2225 1380 sint
2268 1387 2271 1393 ¹

219 1402 308 1467 dices
340 1402 444 1485 egisse
477 1400 642 1465 interdum
669 1400 813 1479 videtur,
848 1403 943 1466 vivae
976 1410 1087 1466 tamen
1120 1401 1195 1466 illae
1246 1401 1390 1484 idoneae.
1435 1402 1511 1466 Non
1538 1423 1697 1485 negamus
1724 1403 1858 1466 interim
1879 1402 1958 1484 quin
1984 1400 2061 1465 fidei
2082 1402 2254 1467 officium*

219 1509 286 1552 non
314 1497 400 1551 sunt.
451 1488 513 1550 'Pot
542 1488 695 1552 vanitatis
717 1508 864 1553 recessus
892 1488 1005 1565 habet,
1034 1496 1083 1552 tot
1103 1509 1195 1551 men·
1247 1489 1299 1566 sit,
1322 1488 1453 1552 veritati
1473 1488 1538 1552 Dei
1560 1488 1772 1567 subscribere,
1795 1489 1928 1571 quoties,
1953 1493 1986 1550 ct
2003 1487 2169 1570 quidquid,
2192 1496 2225 1552 et

219 1573 304 1639 dacii
325 1573 459 1638 latebris
481 1580 584 1639 scatet
605 1594 660 1637 cor
682 1573 874 1653 humanum,
896 1580 966 1638 tam
987 1573 1196 1638 fraudulenta
1247 1595 1440 1655 quocunque
1477 1573 1573 1637 modo
1611 1574 1770 1655 loquitur;
1809 1573 1866 1639 sed
1899 1574 2086 1655 quaerimus
2119 1573 2224 1651 modo,

218 1660 383 1745 hypocrisi
400 1660 565 1724 obtectum
585 1667 642 1736 est,
666 1668 703 1722 ut
720 1680 754 1722 se
772 1659 880 1741 ipsum
898 1681 994 1742 saepe
1015 1660 1116 1723 fallat.
1149 1661 1197 1723 At
1247 1658 1326 1742 quid
1346 1661 1381 1722 iu
1403 1659 1503 1724 verbo
1523 1660 1660 1725 Domini
1683 1661 1824 1744 reperiat
1845 1659 1939 1738 fides,
1963 1680 2026 1742 quo
2045 1661 2171 1724 nitatur
2193 1667 2226 1724 et

218 1767 297 1811 vero
325 1747 380 1828 qui
412 1745 531 1809 talibus
552 1744 629 1808 fidei
650 1744 833 1809 simulacris
855 1746 1051 1828 gloriantur,
1075 1745 1196 1809 intelli·
1247 1745 1425 1810 recumbat.
1475 1744 1541 1810 Ubi
1566 1745 1668 1810 solam
1698 1744 1959 1829 indignationem
1985 1751 2018 1809 et
2044 1744 2225 1810 vindictam

220 1841 301 1915 gant
334 1831 470 1896 diabolis
502 1831 605 1905 nihilo
638 1852 673 1894 se
705 1831 742 1892 in
778 1831 840 1897 hac
872 1840 966 1915 parte
998 1832 1195 1913 praecellere
1248 1831 1445 1916 conscientia
1462 1838 1575 1895 nostra
1599 1833 1763 1913 conspicit,
1788 1831 1947 1913 quomodo
1965 1852 2031 1895 non
2049 1830 2224 1913 trepidabit

220 1917 301 2002 (Iac.
321 1921 350 1996 2,
373 1917 436 2000 la).
485 1918 617 1982 Priores
644 1924 731 1981 certe
758 1917 806 1980 illi
833 1927 912 1982 sunt
938 1918 1041 1981 multo
1063 1917 1195 1981 iuferio-
1248 1924 1281 1980 et
1307 1915 1536 1982 exhorrescet?
1586 1917 1697 1981 Deum
1726 1927 1851 1991 autem,
1886 1939 1983 1999 quem
2013 1918 2222 1996 exhorrescit,

219 2025 288 2081 res,
316 2005 371 2086 qui
395 2003 516 2084 stupidi
538 2002 730 2067 audiuut'et
750 2003 952 2088 intelligunt,
976 2026 1115 2086 quorum
1136 2024 1195 2068 no-
1248 2002 1407 2083 qucmcdo
1429 2024 1495 2067 non
1519 2002 1703 2086 refugeret?
1748 2003 1851 2087 Atqui
1875 2004 1986 2068 Deum
2007 2025 2163 2085 quaerere
2183 2007 2223 2068 fi-

220 2090 293 2153 titia
321 2088 439 2154 diaboh
466 2090 733 2167 contremiscunt;
763 2090 819 2152 alii
846 2091 881 2153 in
903 2089 964 2155 hoc
991 2098 1194 2172 parescunt,
1248 2088 1304 2152 des
1327 2087 1431 2167 debet,
1454 2110 1521 2153 non
1542 2089 1699 2172 refugere.
1733 2088 1871 2154 Constat
1892 2111 1970 2173 ergo
1991 2088 2138 2153 nondum
2154 2090 2223 2172 ple-

219 2175 305 2259 quod
327 2176 561 2257 qualiscunque
581 2196 710 2252 sensus,
733 2196 796 2258 quo
815 2182 1012 2260 tangrmtur,
1034 2176 1070 2239 in
1092 2182 1195 2240 terro-
1247 2196 1325 2238 nam
1350 2174 1464 2239 haberi
1491 2196 1511 2238 a
1537 2175 1630 2239 nobis
1652 2175 1728 2239 fidei
1750 2175 1986 2253 definitionem,
2014 2176 2145 2258 quando
2168 2197 2223 2240 vo·

220 2283 290 2326 rem
311 2261 445 2325 tandem
466 2261 535 2325 exit
556 2273 589 2324 et
609 2262 912 2326 consternationem.
1246 2259 1409 2324 luntatem
1430 2261 1494 2325 Dei
1516 2259 1775 2343 qualemcunque
1796 2282 1901 2340 nosse,
1924 2282 1983 2343 pro
2005 2260 2070 2326 fide
2089 2284 2224 2327 censen·

306 2350 336 2411 4.
381 2348 410 2411 E
433 2367 588 2412 converso
616 2353 750 2411 verast
776 2348 956 2413 christiana
983 2347 1078 2426 fides,
1112 2367 1195 2429 quae
1248 2345 1327 2410 dum
1349 2367 1415 2410 non
1437 2355 1495 2411 est.

217 2434 287 2501 sola
315 2432 446 2497 demum
474 2433 588 2497 haberi
614 2432 695 2497 fides
725 2441 884 2512 meretur,
918 2455 1022 2516 neque
1056 2433 1195 2516 simplici
1335 2438 1362 2496 6.
1409 2431 1507 2513 Quid,
1530 2434 1558 2498 si
1579 2432 1743 2498 inlocum
1762 2430 1941 2498 voluntatis
1962 2431 2224 2501 benevolentiam

216 2525 369 2587 contenta
401 2524 452 2582 est
478 2518 633 2583 historiae
661 2520 861 2602 cognitione,
894 2527 928 2584 et
956 2541 1012 2586 cor
1042 2520 1192 2599 hominis,
1247 2539 1305 2582 seu
1333 2518 1589 2584 misericordiam
1614 2518 1843 2584 subiiciamus?
1894 2518 1947 2583 Ita
1974 2525 2062 2583 certe
2084 2519 2126 2582 ad
2148 2518 2224 2582 fidei

217 2606 361 2672 absterso
380 2603 457 2668 inde
479 2605 619 2669 fictionis
640 2605 920 2691 simulationisque
942 2607 1029 2685 fuco,
1052 2606 1194 2689 penitius
1246 2604 1417 2688 ingenium
1433 2605 1566 2688 propius
1582 2605 1822 2669 accesserimus.
1852 2605 1937 2668 Tum
1954 2605 2043 2668 enim
2061 2602 2103 2668 ad
2113 2603 2224 2668 Deum

216 2691 337 2757 insidet
362 2698 460 2773 atque
488 2699 637 2772 occupat,
667 2712 766 2772 quam
793 2697 831 2755 ut
858 2700 980 2756 temere
1009 2701 1191 2758 evanescat.
1246 2689 1469 2773 quaerendum
1491 2690 1667 2769 allicimur,
1687 2697 1859 2772 postquam
1881 2688 2052 2755 didicimus
2074 2700 2223 2753 nostrum

215 2777 383 2859 Principio
406 2775 603 2841 admouendi
624 2798 747 2855 sumus,
770 2798 833 2860 quo
855 2779 906 2844 vis
928 2780 998 2843 eius
1020 2785 1054 2843 et
1074 2785 1194 2842 natura
1246 2777 1282 2839 in
1310 2797 1347 2840 eo
1374 2776 1497 2841 bonum
1524 2797 1609 2854 esse;
1638 2775 1724 2857 quod
1750 2776 1859 2858 ipsum
1885 2776 1978 2841 nobis
1998 2776 2221 2854 confirmatur,

215 2864 299 2931 bene
331 2864 505 2939 elucescat,
540 2861 582 2925 ad
614 2863 753 2927 verbum
786 2863 850 2927 Dei
879 2886 949 2929 esse
976 2863 1192 2942 referendam,
1245 2863 1303 2927 ubi
1330 2862 1389 2926 sibi
1420 2883 1518 2927 curae
1544 2861 1714 2944 studioque
1744 2868 1891 2927 nostram
1912 2861 2052 2927 salutem
2073 2883 2144 2926 esse
2167 2861 2222 2926 de-

216 2970 294 3016 eum
314 2971 378 3032 quo
406 2955 534 3011 tautam
562 2947 662 3013 habet
688 2949 966 3032 propinquitatem
993 2958 1026 3014 et
1053 2950 1193 3015 correla-
1246 2947 1357 3014 clarat.
1401 2947 1546 3013 Proinde
1573 2948 1698 3032 gratiae
1725 2948 1939 3031 promissione
1963 2969 2045 3030 opus
2067 2955 2130 3025 est,
2159 2968 2223 3030 qua

216 3036 349 3112 tionem,
372 3042 498 3098 utnon
520 3032 650 3098 aliunde
672 3033 790 3099 melius
808 3036 973 3101 aestimari
991 3044 1097 3118 queat.
1130 3036 1194 3120 list
1245 3034 1339 3098 nobis
1361 3035 1554 3100 testificetur
1575 3055 1609 3098 se
1629 3033 1807 3117 propitium
1829 3055 1899 3099 esse
1920 3041 2064 3116 patrem;
2092 3034 2223 3116 quando

217 3121 307 3186 enim
328 3120 466 3185 verbum
487 3119 650 3184 obiectum
667 3121 737 3184 eius
754 3129 930 3210 etscopms
953 3122 988 3185 iu
1006 3142 1102 3204 quem
1119 3143 1193 3204 per·
1246 3121 1281 3183 iu
1308 3141 1381 3184 eam
1410 3119 1513 3185 solam
1545 3119 1705 3185 reclinare
1732 3140 1787 3184 cor
1820 3120 1961 3184 hominis
1989 3126 2103 3201 potest.
2149 3119 2222 3185 Iam

214 3202 315 3289 petuo
337 3202 501 3271 colliniare
523 3203 632 3283 debet;
661 3228 764 3288 aquo
791 3207 819 3272 si
846 3208 1020 3272 minimum
1042 3207 1193 3286 deflectit,
1246 3228 1347 3290 quum
1375 3227 1442 3270 non
1469 3206 1612 3270 multum
1647 3205 1801 3271 habitura
1827 3207 1870 3270 sit
1902 3207 2061 3270 momenti
2094 3205 2224 3271 divinae

217 3313 284 3356 non
306 3293 373 3357 iam
394 3291 488 3368 fides,
518 3290 575 3354 sed
590 3292 729 3356 -incerta
754 3300 805 3357 est
832 3292 1008 3359 credulitas
1035 3300 1069 3357 et
1089 3316 1193 3377 vagus
1245 3293 1400 3357 bonitatis
1428 3291 1558 3370 notitia,
1587 3291 1652 3355 nisi
1678 3291 1777 3356 inea
1797 3313 1857 3356 nos
1885 3292 2089 3374 acquiescere
2116 3291 2223 3371 faciat,

216 3379 337 3442 mentis
358 3399 457 3443 error.
509 3375 604 3440 Idem
625 3378 763 3443 verbum
791 3378 879 3444 basis
901 3387 952 3445 cst
973 3401 1037 3463 qua
1061 3380 1194 3445 fulcitur
1246 3377 1450 3443 excludenda
1472 3383 1523 3442 est
1544 3376 1745 3442 dubitatione
1766 3377 1872 3442 mixta
1892 3376 2119 3461 intelligentia,
2142 3399 2224 3459 quae

217 3470 251 3528 et
271 3465 458 3539 sustinetur,
482 3460 569 3525 unde
591 3463 618 3526 si
642 3461 783 3529 declinat
804 3467 934 3530 corruit.
979 3466 1070 3531 'l'olle
1092 3467 1194 3551 igitur
1246 3487 1313 3529 non
1335 3464 1436 3529 solide
1468 3463 1529 3528 sihi
1556 3470 1696 3542 constat,
1729 3463 1787 3528 sed
1818 3465 1890 3547 ipsa
1917 3485 2029 3529 secum
2056 3463 2222 3546 disceptet

215 3550 368 3627 verbum,
398 3555 432 3612 et
452 3547 544 3612 nulla
568 3548 635 3611 iam
662 3550 799 3614 restabit
819 3550 909 3616 fides.
954 3554 1030 3618 Non
1050 3552 1105 3617 hic
1127 3551 1193 3617 dis-
1245 3552 1293 3614 At
1325 3571 1403 3615 vero
1434 3549 1614 3634 plurimum
1645 3547 1738 3614 abest
1769 3550 1850 3632 quin
1877 3570 1972 3614 mens
1998 3550 2154 3627 hominis,
2188 3558 2225 3613 ut

216 3643 385 3717 putamus,
415 3655 459 3698 an
481 3632 523 3697 ad
545 3634 775 3700 seminandum
794 3637 861 3701 Dei
875 3659 1081 3718 sermonem,
1104 3637 1193 3703 unde
1245 3657 1342 3703 caeca
1375 3644 1425 3700 est
1457 3647 1490 3700 et
1517 3634 1744 3718 obtenebrata,
1766 3634 1822 3700 'ad
1848 3633 2092 3718 percipiendam
2119 3655 2224 3717 usque

217 3719 299 3784 fides
326 3720 541 3803 concipiatur,
571 3722 791 3786 necessarium
812 3724 856 3787 sit
882 3724 1024 3789 hominis
1046 3725 1193 3789 ministe-
1245 3723 1310 3787 Dei
1338 3722 1540 3786 voluntatem
1566 3726 1718 3804 penetret
1745 3742 1783 3786 ac
1810 3720 2022 3800 conscendat,
2050 3720 2129 3803 quin
2157 3741 2221 3799 cor,

217 3806 320 3883 rium,
350 3806 435 3887 quod
462 3805 539 3870 alibi
566 3808 779 3873 tractabimus
786 3832 794 3887 ;
824 3808 881 3873 sed
907 3810 1046 3874 verbum
1074 3812 1191 3892 ipsum,
1245 3816 1283 3873 ut
1304 3814 1462 3890 perpetua
1490 3807 1706 3872 haesitatione
1732 3807 1924 3886 fluctuatur,
1953 3828 2106 3873 securum
2126 3806 2163 3869 in
2184 3827 2223 3871 ea

217 3901 383 3973 utcunque
411 3891 453 3955 ad
480 3914 539 3956 nos
561 3891 741 3972 deferatur,
772 3895 877 3959 instar
906 3896 1028 3978 speculi
1051 3917 1121 3961 esse
1144 3895 1193 3960 di·
1245 3894 1455 3977 persuasione
1488 3892 1637 3959 resideat
1695 3893 1811 3976 Itaque
1851 3893 1983 3957 aliunde
2015 3900 2048 3956 et
2079 3899 2224 3957 mentem

104 4056 125 4070 ·
169 4059 170 4063 Ἰ
218 3977 337 4053 cimus,
365 3978 400 4039 iu
421 3997 484 4058 quo
508 3977 617 4041 Deum
644 3980 812 4044 intueatur
840 3990 874 4045 et
895 3981 1133 4065 contempletur
1153 3984 1193 4047 fi·
1240 3980 1426 4045 illuminari
1454 3985 1487 4043 εῖ
1514 4001 1570 4044 cor
1590 3979 1759 4044 obfirmari
1779 3979 1945 4058 convenit,
1979 4000 2042 4062 quo
2063 3978 2128 4042 Dei
2149 4000 2223 4043 ver-

220 4062 286 4127 des.
332 4059 411 4127 Sive
437 4063 538 4145 igitur
560 4064 702 4130 hominis
725 4087 858 4148 operam
879 4068 916 4130 in
938 4066 999 4132 hoc
1021 4068 1113 4133 Deus
1136 4068 1193 4132 ad·
1245 4066 1324 4131 bum
1346 4065 1479 4148 plenam
1504 4064 1592 4148 apud
1613 4085 1673 4130 nos
1699 4064 1799 4129 fidem
1821 4065 1974 4130 obtineat
2017 4064 2116 4129 Nunc
2137 4065 2223 4130 iusta

219 4147 345 4226 hibeat,
373 4147 442 4213 sive
463 4148 538 4213 'sola
564 4172 624 4214 sua
645 4152 768 4215 virtute
795 4160 963 4235 operetur,
993 4175 1122 4236 semper
1143 4160 1193 4218 ta
1245 4150 1322 4215 fidei
1344 4151 1490 4216 definitio
1512 4150 1605 4216 nobis
1625 4152 1803 4240 constabit,
1827 4152 1855 4216 si
1876 4150 2025 4217 dicamus
2046 4171 2117 4215 esse
2139 4148 2222 4214 divi-

219 4255 296 4299 men
316 4234 365 4313 iis,
389 4254 469 4316 quos
491 4234 533 4298 ad
555 4258 589 4299 se
606 4237 738 4302 trahere
760 4238 840 4316 vult,
863 4260 923 4320 per
940 4238 1077 4304 verbum
1096 4261 1194 4305 suum
1245 4259 1307 4303 uae
1325 4240 1405 4321 erga
1421 4258 1481 4302 nos
1498 4236 1744 4302 benevolentiae
1760 4238 1892 4303 firmam
1909 4244 2095 4320 certamque
2113 4237 2223 4319 cogni-

219 4343 253 4386 se
276 4327 508 4404 repraesentat
551 4321 666 4403 Neque
689 4323 777 4386 enim
799 4346 902 4388 unum
927 4324 962 4388 id
986 4325 1023 4388 in
1044 4324 1121 4389 fidei
1143 4325 1193 4389 in-
1245 4325 1382 4403 tionem,
1411 4344 1494 4406 quae
1523 4324 1686 4406 gratrmae
1707 4323 1742 4387 in
1764 4321 1897 4388 Christo
1922 4322 2145 4407 promissionis
2167 4342 2223 4385 ve-

218 4407 400 4491 telligentia
432 4406 556 4490 agitur,
589 4416 627 4470 ut
658 4408 768 4473 Deum
798 4431 869 4476 esse
901 4412 1104 4489 noverimus,
1136 4410 1194 4474 sed
1245 4411 1342 4475 ritate
1372 4408 1510 4475 fundata
1534 4428 1594 4492 per
1626 4410 1779 4490 spiritum
1811 4416 1962 4475 sanctum
1994 4416 2027 4473 et
2058 4407 2223 4474 revelatur

218 4494 331 4572 etiam,
360 4494 426 4557 imo
448 4491 509 4557 hoc
531 4493 717 4575 praecipue,
745 4501 783 4558 ut
803 4517 869 4578 qua
890 4496 933 4560 sit
954 4517 1033 4580 erga
1054 4518 1114 4560 nos
1136 4517 1193 4561 vo·
1245 4495 1409 4561 mentibus
1431 4494 1551 4560 nostris
1573 4501 1607 4558 et
1626 4493 1777 4560 cordibus
1799 4495 1999 4580 obsignatur.

216 4579 345 4645 luntate
371 4578 602 4662 intelligamus.
653 4579 686 4642 N
725 4601 767 4644 ue
794 4582 884 4646 euim
910 4582 993 4647 scire
1015 4581 1120 4664 qualis
1151 4582 1194 4648 sit
1333 4585 1360 4648 7.
1404 4581 1503 4646 Nunc
1524 4581 1672 4665 singulas
1698 4587 1809 4665 partes
1829 4581 1869 4647 de
1890 4583 2020 4680 integro
2047 4598 2221 4661 persequer

125 4688 127 4697 ·
218 4672 347 4730 tantum
377 4673 489 4730 noema
516 4665 630 4744 refert,
663 4687 698 4730 se
747 4667 853 4749 qualis
879 4688 951 4733 esse
977 4668 1071 4732 nobis
1102 4668 1192 4734 velit
1245 4688 1333 4747 mur,
1367 4667 1485 4750 quibus
1512 4666 1686 4751 diligenter
1713 4668 1873 4746 excussis,
1905 4666 2005 4744 nihil,
2034 4670 2071 4728 ut
2097 4662 2220 4743 opinor,

217 4750 290 4816 Iam
310 4773 388 4835 ergo
410 4752 578 4831 habemus,
601 4749 700 4816 fidem
720 4773 791 4818 esse
813 4753 943 4820 divinae
961 4775 1040 4837 erga
1057 4775 1117 4819 nos
1135 4777 1192 4820 vo-
1246 4752 1381 4819 dubium
1416 4754 1560 4819 restabit.
1618 4752 1847 4837 Oognitionem
1881 4750 2011 4817 divinae
2042 4747 2220 4814 vohmtatis

216 4837 353 4903 luntatis
380 4839 531 4902 notitiam
553 4859 595 4902 ex
622 4838 692 4903 eius
714 4839 814 4905 verbo
842 4845 1038 4923 perceptam.
1083 4840 1193 4906 Huius
1245 4839 1325 4905 dum
1352 4861 1523 4920 vocamus,
1551 4861 1619 4904 non
1647 4837 1861 4922 intelligimus
1889 4833 2219 4918 comprehensionem,

217 4933 327 4989 autem
349 4923 599 4989 fimdamentum
617 4931 667 4989 est
685 4932 895 5009 praesumpta
915 4925 956 4989 de
973 4925 1111 4991 veritate
1128 4926 1193 4992 Dei
1245 4926 1350 5008 qualis
1371 4946 1442 4992 esse
1463 4925 1546 4990 solet
1567 4945 1681 4989 earum
1702 4943 1814 4987 rerum
1841 4943 1924 5005 quae
1950 4919 2010 4986 sub
2038 4919 2219 4983 humanum

215 5010 391 5091 persuasio.
425 5010 477 5074 De
498 5010 591 5075 cuius
609 5011 802 5077 certitudine
820 5011 976 5094 quamdiu
993 5032 1104 5077 secum
1122 5013 1193 5077 ani·
1245 5032 1379 5077 sensum
1400 5011 1530 5076 cadunt
1575 5008 1669 5074 Adeo
1690 5009 1779 5072 enim
1805 5007 1953 5090 superior
1974 5012 2037 5084 est,
2067 5011 2106 5069 ut
2127 5025 2220 5069 men-

216 5116 290 5161 mus
311 5102 388 5160 tuus
411 5094 618 5178 disceptabit,
647 5096 764 5163 dubiae
784 5105 817 5162 et
838 5097 988 5162 infirmae
1009 5098 1064 5164 vel
1084 5099 1193 5182 potius
1245 5104 1313 5161 tem
1336 5097 1478 5161 hominis
1506 5116 1541 5160 se
1567 5096 1673 5177 ipsam
1700 5091 1857 5158 excedere
1890 5100 1924 5156 et
1950 5112 2104 5175 superare
2127 5112 2221 5174 opor·

217 5181 338 5247 nullius
366 5181 549 5247 autoritatis
569 5182 632 5245 erit
652 5184 798 5249 verbum.
843 5183 958 5265 Neque
980 5184 1080 5249 etiam
1102 5185 1192 5250 suffi-
1244 5189 1321 5263 teat,
1344 5179 1473 5266 quoad
1493 5180 1584 5244 illam
1606 5179 1779 5262 pertingat
1813 5178 1929 5262 Neque
1951 5179 2050 5244 etiam
2072 5178 2128 5244 ubi
2146 5198 2219 5261 per-

216 5267 262 5332 cit
277 5268 387 5333 Deum
408 5266 540 5333 credere
557 5288 717 5348 veracem,
740 5269 795 5352 qui
812 5290 873 5336 uec
890 5268 1004 5336 fallere
1021 5291 1081 5336 nec
1098 5291 1192 5334 men·
1245 5268 1335 5352 figit,
1368 5265 1454 5350 quod
1480 5266 1591 5331 sentit
1607 5263 1804 5347 assequitur3
1837 5264 1895 5330 sed
1923 5263 2002 5330 dum
2027 5283 2221 5350 persuasum
