4770 6030
217 348 280 412 855
795 342 1062 412 INSUTUTIO
1084 343 1189 411 RDL.
1212 343 1395 412 OHRIS'P.
1420 345 1651 410 1539-1554.
2157 346 2219 406 356

762 488 771 503 .
1042 494 1046 507 .
1904 444 2219 533 [araneosa.

214 543 334 602 nutum
354 535 596 619 potentiamque
606 532 793 617 respondet,
815 535 1072 599 instrumentum
1086 535 1192 618 magis
1244 537 1371 600 minum
1397 535 1582 600 voluntates
1609 536 1740 599 flectere
1768 540 1801 599 et
1822 556 1968 614 versare,
1996 555 2058 598 nec
2081 534 2129 597 ita
2150 554 2221 598 esse

215 624 319 706 ipsius
340 623 375 685 in
398 619 532 704 agendo,
554 641 652 702 quam
671 642 692 683 a
713 641 748 684 se
769 620 839 702 ipso
861 626 962 685 autor.
1008 622 1124 705 Longo
1142 627 1192 685 ta
1244 622 1381 686 liberam
1402 622 1548 703 ipsorum
1569 621 1773 699 alentionem,
1802 621 1882 703 quin
1903 622 1973 685 eins
1994 620 2137 685 libertati
2156 618 2220 683 Dei

215 730 292 773 men
320 707 505 772 discrimine
539 727 667 789 semper
693 705 793 770 distat
820 708 855 770 in
883 706 997 770 eodem
1029 728 1126 789 opere
1158 706 1192 771 id
1245 708 1417 772 arbitrium
1439 706 1631 770 dominetur.
1675 705 1769 770 Velis
1791 706 1890 785 nolis,
1918 707 2064 771 animum
2086 712 2221 769 tuuma

216 794 303 877 quod
324 794 394 876 agit
415 793 586 869 Dominus,
610 792 650 856 ab
672 813 709 856 eo
732 792 818 873 quod
839 799 934 857 satan
957 800 990 857 et
1008 793 1101 874 impii
1122 815 1192 856 mo·
1244 795 1385 858 motione
1408 793 1471 857 Dei
1499 792 1606 874 potius
1633 812 1732 874 quam
1758 794 1799 857 ab
1827 791 1992 857 electionis
2020 798 2096 856 tuae
2123 791 2221 855 liber-

215 878 348 944 liuntur.
383 872 445 942 Ille
467 879 555 942 mala
576 879 802 956 instrumenta,
826 900 909 962 quae
932 879 992 944 sub
1013 899 1115 942 manu
1132 879 1192 943 ha
1244 886 1312 944 tate
1333 879 1489 961 pendere,
1520 878 1601 943 haec
1627 877 1815 960 quotidiana
1842 879 2043 960 experientia
2069 883 2222 959 reputare

214 965 270 1031 bet-
292 972 325 1030 et
345 984 479 1031 versare
497 963 640 1046 quolibet
661 971 780 1046 potest,
804 967 927 1030 servire
951 965 1093 1030 iustitiae
1115 986 1194 1029 suae
1244 972 1353 1049 coget3
1380 964 1465 1047 quod
1487 970 1520 1028 te
1542 965 1576 1028 in
1605 964 1702 1029 rebus
1723 965 1858 1029 minime
1879 964 2047 1047 perplexis
2066 962 2222 1028 iudicium

215 1051 301 1117 facit.
347 1051 409 1128 Hi,
438 1058 535 1132 prout
556 1050 635 1113 mali
657 1058 749 1130 sunt,
772 1052 951 1133 nequitiam
972 1051 1095 1135 ingenii
1117 1073 1193 1133 pra
1245 1055 1279 1116 et
1310 1072 1403 1115 mens
1431 1071 1527 1132 saepe
1554 1049 1676 1129 deficit,
1710 1052 1747 1113 in
1773 1052 1871 1115 rebus
1899 1051 1987 1115 factu
2016 1069 2082 1114 non
2111 1048 2221 1113 arduis

214 1139 318 1204 vitate
339 1143 528 1218 conceptam
550 1136 668 1218 effectu
688 1138 830 1218 pariunt.
875 1137 1024 1220 Reliqua,
1047 1157 1130 1219 quae
1152 1137 1193 1201 ad
1245 1138 1374 1202 animus
1395 1138 1568 1215 flacoessit;
1591 1158 1723 1201 rursum
1739 1137 1775 1200 in
1795 1137 1893 1201 rebus
1909 1136 2146 1202 obscurissimis
2163 1157 2220 1200 ex·

215 1223 448 1289 vindicandam
469 1221 633 1286 calumnia
654 1223 718 1286 Dei
740 1225 953 1302 maiestatem,
976 1229 1046 1288 tum
1068 1224 1194 1305 praeei—
1244 1223 1392 1306 pediturn
1420 1224 1531 1287 statim
1552 1223 1689 1286 offertur
1709 1222 1896 1301 consilium
1923 1224 1959 1286 ia
1978 1224 2103 1305 empuis
2124 1227 2221 1303 etpe-

216 1309 359 1375 dendam
380 1310 487 1390 impiis
509 1308 813 1391 tergiversationem
834 1310 1007 1392 pertinent,
1030 1310 1067 1372 in
1088 1310 1194 1392 capite
1245 1309 1389 1374 aculeata
1409 1310 1539 1373 animus
1565 1310 1654 1373 omni
1675 1308 1867 1374 difficultate
1894 1309 2041 1390 superior
2068 1310 2219 1390 suppetit.

217 1396 258 1461 de
279 1395 483 1479 providentia
505 1400 716 1476 exponentur.
757 1395 823 1460 Hic
845 1396 934 1459 enim
954 1396 1098 1461 breviter
1119 1416 1194 1477 pro·
1245 1397 1355 1478 Atque
1371 1397 1418 1458 ita
1434 1396 1631 1477 interpretor
1647 1394 1733 1477 quod
1751 1395 1797 1458 ait
1814 1391 1946 1458 Solomo
1963 1393 2140 1477 (Prov.20,
2156 1394 2220 1482 12),

215 1484 358 1566 positum
377 1479 472 1545 modo
489 1480 559 1565 fuit,
582 1480 741 1562 quomodo
762 1481 798 1544 in
816 1481 952 1564 reprobo
970 1481 1102 1545 homine
1119 1502 1194 1564 reg·
1245 1489 1283 1546 ut
1315 1482 1403 1546 auris
1436 1481 1562 1559 audiat,
1595 1486 1632 1544 ut
1658 1479 1770 1546 oculus
1800 1479 1924 1558 videat,
1953 1481 2118 1545 Dominus
2144 1481 2222 1546 facit

215 1575 274 1634 net
300 1575 409 1646 satan,
436 1566 595 1649 quomodo
622 1566 657 1629 iu
679 1572 816 1649 utroque
844 1572 922 1651 agat
942 1566 1120 1647 Dominus,
1144 1568 1194 1630 in·
1246 1574 1428 1649 utrumque.
1459 1567 1534 1631 Non
1555 1567 1643 1631 enim
1669 1566 1753 1630 mihi
1774 1566 1815 1630 de
1835 1566 1998 1630 creatione
2019 1567 2107 1648 loqui
2130 1566 2221 1632 vide·

216 1654 333 1720 dicare.
1246 1661 1315 1731 tur,
1350 1653 1407 1717 sed
1437 1653 1593 1735 peculiari
1625 1652 1802 1717 fimetionis
1834 1654 1948 1735 gratia.
1998 1649 2112 1732 Quum
2143 1675 2222 1718 vero

304 1743 353 1803 73.
398 1739 440 1803 In
468 1738 648 1803 actionibus
670 1745 793 1818 autem,
822 1760 905 1821 quae
926 1760 987 1804 nac
1009 1740 1114 1803 iustae
1135 1760 1194 1822 per
1246 1740 1358 1805 scribit
1376 1740 1488 1820 (Prov.
1508 1743 1560 1816 21,
1583 1738 1614 1822 l)
1632 1739 1815 1802 Dominum
1833 1759 1888 1803 eor
1903 1738 2000 1822 regis,
2023 1739 2116 1819 quasi
2133 1740 2221 1805 rivos

216 1847 252 1892 se
273 1847 334 1891 nee
356 1826 494 1890 utiosae
516 1832 607 1901 sunt,
638 1831 671 1888 et
692 1825 734 1889 ad
755 1846 944 1907 corpoream
965 1826 1072 1908 magis
1096 1845 1194 1907 quam
1247 1846 1420 1908 aquarum,
1448 1827 1484 1888 in
1506 1846 1608 1888 manu
1630 1846 1690 1888 sua
1711 1831 1822 1888 tenere
1845 1830 1878 1888 et
1898 1824 2057 1888 inclinare
2078 1845 2221 1907 quocun-
2257 1902 2261 1908 g

216 1911 420 1996 spiritualem
449 1911 552 1975 vitam
582 1916 744 1991 spectant,
773 1932 871 1993 quam
898 1911 1084 1976 libertatem
1111 1912 1194 1975 obti-
1246 1932 1308 1994 que
1330 1911 1484 1990 voluerit;
1512 1910 1572 1975 sub
1592 1931 1660 1974 una
1686 1910 1829 1992 profecto
1857 1911 1963 1991 speeie
1985 1915 2090 1974 totum
2117 1932 2221 1994 genus

214 2004 293 2063 neat
319 1997 434 2076 homo,
462 1995 608 2060 nondum
636 1996 835 2078 explicatum
864 2004 921 2062 est.
972 1996 1132 2060 Nonnulli
1159 1998 1194 2060 in
1246 1996 1500 2079 comprehendit.
1551 1995 1590 2060 Si
1617 1997 1708 2060 euius
1735 1997 1823 2060 enim
1850 1996 2002 2060 voluntas
2029 1997 2120 2060 omni
2146 1999 2222 2062 sub
2274 2072 2280 2087 ι

212 2083 334 2149 talibus
364 2083 500 2148 liberam
529 2083 559 2144 ei
587 2082 777 2146 electionem
805 2089 1049 2160 concesserunt3
1078 2084 1193 2166 magis,
1246 2084 1382 2148 iectione
1405 2082 1511 2147 soluta
1532 2088 1590 2161 est,
1613 2081 1648 2145 id
1669 2083 1750 2145 iuris
1771 2083 1882 2164 regiae
1899 2081 2062 2145 voluntati
2080 2085 2223 2147 maxime

213 2175 250 2234 at
276 2170 429 2245 arbitror,
460 2167 545 2250 quod
574 2167 614 2231 de
640 2189 676 2231 re
705 2190 771 2233 non
803 2170 916 2252 magni
944 2170 1101 2232 momenti
1129 2167 1194 2233 dis·
1247 2169 1414 2250 competit,
1443 2169 1582 2251 quaein
1606 2167 1687 2232 alias
1709 2166 1945 2249 quodammodo
1967 2189 2108 2251 regnum
2130 2189 2223 2233 exer·

123 2254 129 2263 ’
215 2263 345 2339 captare
367 2255 531 2332 nolebant,
554 2274 654 2336 quam
675 2254 761 2335 quod
779 2275 924 2319 asserere
941 2275 1001 2337 pro
1019 2261 1107 2319 certo
1124 2254 1194 2318 rel·
1247 2262 1314 2334 cet3
1343 2254 1427 2336 qnod
1456 2255 1483 2318 si
1510 2253 1567 2318 illa
1589 2253 1652 2318 Dei
1680 2275 1782 2318 manu
1802 2254 1957 2331 flectitur,
1986 2274 2092 2335 neque
2113 2262 2225 2320 nostra

215 2340 286 2406 lent
301 2341 383 2406 illud
404 2342 513 2422 ipsum
530 2338 616 2422 qnod
634 2347 872 2405 concesserunt.
890 2340 915 2424 ¹)
950 2341 1023 2424 Ego
1046 2341 1107 2406 etsi
1129 2361 1193 2417 eos,
1247 2342 1409 2417 eximetur
1434 2362 1473 2404 ea
1494 2339 1686 2404 conditione.
1731 2339 1805 2404 Hac
1828 2339 1868 2403 de
1890 2361 1926 2403 re
1955 2339 2094 2422 insignis
2117 2348 2225 2406 exstat

216 2429 270 2510 qui
293 2426 401 2491 nullas
423 2447 493 2490 esse
515 2425 576 2490 sibi
599 2424 641 2488 ad
662 2426 821 2491 iustitiam
842 2427 929 2492 vires
951 2433 1079 2505 tenent,
1108 2426 1194 2509 quod
1246 2427 1425 2509 Augustini
1446 2427 1621 2490 sententia:
1640 2425 1666 2509 ¹)
1689 2425 1858 2507 scriptrra,
1882 2427 1911 2489 si
1933 2424 2107 2508 diligenter
2123 2427 2225 2509 inspi-

213 2513 251 2577 in
271 2514 386 2596 primis
408 2511 449 2576 ad
466 2511 606 2576 salutem
623 2513 756 2594 cognitu
772 2513 992 2577 necessarium
1012 2520 1063 2577 est
1081 2520 1194 2577 tenere
1246 2513 1364 2589 cietur,
1393 2511 1535 2576 ostendit
1560 2533 1627 2575 non
1654 2510 1759 2575 solnm
1786 2511 1888 2576 bonas
1915 2511 2085 2575 hominum
2108 2513 2224 2577 volun·

214 2598 334 2677 fateor,
361 2620 426 2662 non
449 2605 559 2662 tamen
580 2605 659 2678 puto
683 2597 769 2664 hanc
790 2619 917 2681 quoque
938 2605 1066 2681 partem
1088 2598 1193 2681 negli-
1245 2603 1329 2662 tates
1351 2619 1432 2680 quas
1454 2599 1524 2679 ipse
1545 2598 1623 2661 facit
1645 2619 1686 2660 ex
1703 2596 1799 2660 malis
1817 2603 1849 2661 et
1867 2618 1887 2661 a
1904 2619 1940 2661 se
1956 2597 2059 2662 factas
2079 2599 2113 2661 in
2132 2606 2224 2699 aetgs

215 2684 371 2769 gandam,
404 2690 443 2748 ut
475 2684 663 2747 noverimus
691 2684 839 2766 specialis
867 2705 938 2749 esse
971 2684 1096 2767 gratiae
1123 2684 1192 2747 Dc-
1245 2684 1347 2748 bonos
1369 2694 1402 2748 et
1423 2685 1527 2748 vitam
1549 2682 1661 2766 dirigit
1681 2688 1863 2760 aeternam,
1893 2704 2010 2747 verum
2029 2683 2116 2762 illas,
2140 2704 2223 2767 quae

214 2770 312 2849 mini,
346 2771 470 2853 quoties
501 2769 536 2832 in
562 2774 707 2833 mentem
735 2770 827 2836 venit
853 2769 973 2852 eligere
1002 2769 1089 2852 quod
1117 2791 1193 2834 ere
1245 2776 1441 2836 conservant
1463 2769 1583 2834 saeculi
1605 2775 1810 2844 creaturam·
1832 2770 1880 2834 ita
1901 2789 1972 2834 esse
1989 2771 2025 2832 in
2046 2769 2112 2834 Dei
2132 2777 2223 2852 pote-

198 2862 327 2922 ·nostra
348 2863 407 2933 est,
428 2855 552 2938 quoties
570 2875 607 2918 eo
629 2854 780 2920 voluntas
796 2855 941 2935 inclinat,
964 2877 1097 2920 rursum
1114 2877 1193 2938 quo-
1245 2862 1342 2935 state,
1372 2863 1409 2919 ut
1435 2876 1490 2920 eas
1518 2875 1581 2938 quo
1609 2854 1766 2933 voluerit,
1793 2855 1923 2936 quando
1944 2855 2099 2933 voluerit,
2126 2857 2224 2922 feciat

214 2943 276 3007 ties
309 2949 343 3005 et
372 2963 466 3005 mens
494 2946 528 3003 et
555 2941 683 3005 animus
716 2942 837 3025 refugit
883 2942 949 3007 uod
975 2941 1096 3024 alioqui
1122 2948 1194 3006 erat
1244 2941 1404 3019 inclinari,
1427 2942 1481 3008 rel
1504 2941 1546 3006 ad
1567 2940 1764 3022 praestanda
1780 2942 1947 3017 beneficia,
1970 2942 2024 3006 vel
2043 2941 2085 3006 ad
2102 2963 2224 3024 poenas

96 3088 104 3096 ,
214 3028 410 3092 nociturum.
460 3025 569 3108 Atque
597 3026 661 3091 huc
690 3049 725 3092 se
745 3034 861 3110 proten
886 3028 911 3091 ‘t
932 3027 1062 3093 divinae
1082 3027 1192 3117 provi7
1244 3027 1453 3112 infligendas,
1480 3027 1696 3093 occultissimo
1717 3026 1859 3109 quodam
1886 3026 2005 3092 iudicio
2027 3027 2085 3092 sed
2113 3030 2224 3094 iustis·

217 3112 346 3177 dentiae
368 3115 428 3188 vis,
452 3133 519 3176 non
542 3111 636 3176 modo
658 3120 696 3176 ut
716 3135 827 3178 rerum
849 3121 986 3180 eventus
1008 3114 1191 3192 succedant,
1245 3115 1335 3179 simo.

215 3197 489 3281 quemadmodum
517 3197 670 3279 expedire
691 3201 911 3282 prospexerit,
939 3199 995 3265 sed
1018 3207 1056 3264 ut
1077 3201 1193 3266 volun·
1333 3204 1383 3263 75.
1427 3199 1493 3265 Hie
1515 3198 1725 3263 meminerint
1746 3198 1882 3265 lectores
1905 3200 1946 3264 ab
1971 3207 2091 3265 eventu
2113 3222 2225 3265 rerum

214 3290 300 3349 tates
321 3305 448 3367 quoque
470 3283 640 3347 hominum
662 3283 775 3348 eodem
796 3286 941 3350 tendant.
980 3285 1144 3368 Equidem
1166 3287 1193 3351 si
1246 3307 1313 3350 non
1339 3307 1410 3350 esse
1439 3283 1676 3349 aestimandam
1704 3284 1842 3349 humani
1870 3285 1997 3350 arbitrii
2025 3286 2223 3365 facultatem,

215 3391 314 3436 sensu
335 3377 447 3434 nostro
473 3375 662 3452 reputamus
687 3391 799 3434 rerum
820 3379 1032 3437 externarum
1054 3371 1192 3436 admini-
1246 3371 1331 3455 quod
1352 3371 1495 3453 imperiti
1517 3370 1650 3454 quidam
1669 3377 1877 3453 praepostere
1897 3372 2005 3437 facere
2022 3371 2136 3436 solent.
2170 3374 2224 3437 Ex
2263 3373 2280 3402 ⁶

215 3457 422 3534 strationem,
450 3455 533 3519 nihil
562 3454 781 3521 dubitabimus
803 3465 938 3523 eatenus
965 3458 1025 3523 sub
1049 3458 1192 3522 humano
1245 3479 1283 3522 eo
1310 3458 1399 3521 enim
1425 3456 1561 3539 pulchre
1591 3463 1624 3521 et
1648 3457 1816 3540 ingeniose
1844 3457 1904 3522 sibi
1927 3457 2081 3522 videntur
2108 3459 2224 3523 huma-

216 3541 349 3607 arbitrio
378 3543 457 3606 sitas
487 3563 571 3621 esse;
604 3563 720 3606 verum
746 3543 775 3607 si
802 3565 898 3608 aures
925 3550 974 3608 tot
999 3545 1192 3609 testimoniis
1245 3565 1323 3607 nam
1342 3543 1546 3608 voluntatem
1564 3544 1757 3608 convincere
1774 3544 1949 3622 servitutis,
1973 3543 2058 3625 quod
2075 3566 2117 3607 ne
2136 3565 2224 3608 sum·

213 3627 423 3709 praebemus,
457 3649 541 3710 quae
568 3628 749 3694 Dominum
776 3629 811 3693 in
839 3629 890 3695 his
920 3651 1046 3713 quoque
1079 3651 1192 3714 regere
1245 3629 1308 3694 mis
1336 3628 1468 3712 quidem
1495 3629 1682 3694 monarchis
1710 3629 1821 3693 omnia
1847 3651 1889 3693 ex
1922 3630 2084 3694 sententia
2109 3631 2222 3694 fluant.

217 3714 342 3777 animos
364 3714 534 3778 hominum
557 3713 714 3794 clamant,
737 3715 910 3781 arbitrium
931 3717 1039 3798 ipsum
1061 3716 1193 3799 speciali
1246 3714 1348 3798 Atqui
1373 3715 1511 3781 facultas
1537 3716 1616 3793 ista,
1647 3714 1775 3796 deque
1802 3714 1981 3797 loquimur,
2009 3716 2098 3778 intra
2119 3716 2224 3779 homi-

216 3797 281 3862 Dei
302 3800 436 3863 motioni
466 3800 680 3865 subiiciemus.
715 3799 798 3882 Qms
820 3800 1060 3887 Aegyptiorum
1077 3803 1193 3867 volun·
1246 3822 1323 3865 nem
1353 3800 1589 3867 consideranda
1620 3806 1685 3879 est,
1720 3821 1786 3863 non
1820 3801 1860 3866 ab
1889 3807 2045 3866 extraneo
2073 3823 2224 3867 successu

216 3888 300 3948 tates
323 3884 481 3949 Israelitis
504 3886 703 3965 conciliavit,
734 3895 771 3951 ut
815 3888 1027 3954 retiosissima
1047 3908 1193 3971 quaeque
1245 3887 1418 3952 metienda
1471 3884 1640 3969 Siquidem
1667 3888 1702 3950 in
1731 3885 1825 3950 liberi
1854 3887 1980 3952 arbitrii
2007 3887 2223 3970 disputatione

216 3989 297 4035 vasa
323 3969 389 4034 illis
416 3971 618 4036 commodato
646 3972 763 4038 darent
788 3909 908 4059 fllxod.
930 3979 978 4053 11,
999 3973 1055 4061 3)?
1099 3974 1194 4038 Nun-
1244 3995 1312 4038 non
1344 3974 1406 4038 hoc
1434 3973 1616 4054 quaeritur,
1651 3993 1696 4036 an
1723 3972 1848 4036 homini
1875 3993 2086 4057 quaecunque
2116 3976 2224 4038 animo

216 4074 315 4138 quam
343 4076 380 4119 eo
413 4057 560 4120 animum
589 4058 652 4139 ipsi
685 4066 799 4142 suapte
832 4066 946 4142 sponte
977 4060 1193 4125 induxissent.
1246 4059 1434 4124 deliberarit
1463 4059 1621 4141 perficere
1648 4064 1682 4124 et
1709 4059 1842 4140 exsequi
1872 4079 1932 4141 per
1957 4066 2095 4124 externa
2120 4062 2223 4142 impe-

216 4141 307 4224 Ergo
334 4161 446 4204 eorum
476 4143 576 4205 animi
604 4144 746 4208 Domino
774 4147 879 4228 magis
901 4146 1072 4224 suberant,
1096 4167 1195 4228 quam
1247 4145 1392 4210 dimenta
1419 4144 1529 4224 liceat;
1564 4143 1621 4208 sed
1648 4165 1691 4208 an
1718 4145 1754 4208 in
1776 4165 1812 4208 re
1834 4145 1979 4227 qualibet
2005 4145 2142 4210 liberam
2164 4146 2224 4209 ha-

217 4247 293 4291 ase
313 4226 393 4309 ipsis
415 4227 620 4309 regebantur.
655 4228 738 4309 Quis
760 4232 905 4295 animum
924 4232 1082 4297 Absoloni
1101 4254 1194 4297 aver-
1233 4232 1323 4298 -beat
1343 4239 1377 4295 et
1397 4230 1509 4295 iudicii
1530 4229 1721 4294 electionem
1741 4235 1775 4294 et
1795 4230 1973 4296 voluntatis
1995 4231 2222 4297 affectionem?

216 4313 257 4375 tit
290 4313 330 4378 ab
360 4313 576 4395 amplexando
605 4316 738 4379 consilio
764 4318 976 4400 Aehitophel,
1011 4317 1097 4401 quod
1124 4339 1195 4384 esse
1247 4315 1341 4398 Quae
1364 4323 1501 4399 unaque
1523 4316 1551 4381 si
1574 4316 1760 4381 hominibus
1783 4323 1943 4400 suppetat,
1966 4338 2033 4382 non
2054 4319 2163 4382 nunus
2184 4317 2224 4381 li·

215 4397 287 4463 vioe
315 4398 438 4464 oraculi
467 4398 591 4463 solebat
619 4398 653 4484 (2
673 4399 763 4466 Sam.
786 4406 838 4482 17,
866 4402 942 4486 14)?
993 4402 1076 4484 Qiris
1103 4406 1195 4469 flexit
1247 4404 1317 4469 beri
1350 4402 1476 4483 arbitrii
1508 4401 1645 4467 Attilius
1678 4401 1827 4486 Regulus
1860 4404 1924 4468 erit
1955 4405 2116 4488 angustiis
2148 4403 2224 4467 dolii

216 4483 419 4564 Rehabeam,
439 4491 476 4548 ut
491 4485 627 4548 iuvenili
644 4487 776 4551 oonsilio
793 4489 1046 4570 persuaderetur
1064 4488 1096 4574 (l
1110 4491 1202 4575 Reg.·
1247 4489 1386 4555 aculeati
1409 4488 1570 4566 inclusus,
1603 4509 1702 4571 quam
1723 4490 1894 4572 Augustus
1916 4488 2040 4555 Caesar
2069 4509 2224 4573 magnam

219 4573 268 4648 12,
290 4570 369 4656 10)?
1247 4575 1334 4641 orbis
1355 4582 1518 4639 terrarum
1538 4581 1668 4657 partem
1686 4581 1770 4640 nutu
1792 4596 1851 4640 suo
1873 4575 2068 4659 gubernans.

303 4661 354 4720 74.
411 4657 565 4741 Excipiet
596 4658 772 4740 quispiam,
806 4681 876 4725 esse
909 4661 989 4726 haee
1017 4662 1196 4746 singularia
1334 4664 1384 4725 76.
1429 4660 1482 4726 De
1504 4661 1641 4726 humani
1668 4662 1794 4727 arbitrii
1816 4661 1972 4728 servitute
1999 4660 2079 4723 satis
2101 4659 2224 4722 dictum

216 4743 376 4825 exempla,
398 4743 439 4807 ad
461 4765 600 4827 quorum
620 4745 769 4828 regulam
790 4747 879 4830 exigi
900 4767 1104 4830 nequaquam
1121 4749 1195 4813 uni-
1246 4747 1352 4812 videri
1373 4752 1490 4829 posset,
1514 4747 1578 4812 nisi
1600 4748 1655 4830 qui
1676 4747 1759 4812 falsa
1777 4746 1936 4812 libertatis
1957 4743 2108 4828 opinione
2129 4764 2223 4825 prae·

216 4848 313 4894 versa
342 4828 489 4894 debeant.
541 4831 613 4913 Ego
635 4853 713 4896 vero
735 4831 806 4897 dieo
833 4833 1032 4898 sufficienter
1057 4835 1098 4899 iis
1120 4856 1195 4917 pro·
1247 4833 1381 4915 cipitare
1414 4834 1523 4916 ipsum
1556 4839 1717 4898 conentur
1745 4853 1821 4897 suas
1843 4852 1885 4896 ex
1907 4830 2043 4897 adverso
2065 4829 2224 4912 quasdam

215 4913 287 4979 bari
321 4914 407 4996 quod
440 4917 613 4981 contendo:
644 4918 770 4997 Deum,
797 4919 937 5008 quoties,
970 4921 1060 4986 riam
1088 4920 1195 4985 faeere
1247 4919 1390 4984 rationes
1422 4918 1651 4998 obtenderent,
1685 4917 1727 4982 ad
1760 4917 1956 4982 sententiam
1986 4922 2134 4980 nostram
2167 4937 2223 4998 op-

215 5000 288 5066 vult
307 5022 386 5066 snae
415 5002 653 5083 providentiae,
676 5005 775 5070 etiam
796 5006 831 5069 in
851 5004 950 5070 rebus
970 5007 1114 5071 externis
1135 5006 1195 5069 ho·
1246 5004 1467 5086 pugnanda-m.
1524 5004 1715 5087 Oongerunt
1748 5004 1854 5085 primo
1888 5000 2030 5067 absurda
2067 5003 2225 5067 nonnulla

217 5170 282 5181 ——.
293 5177 381 5183 ....-.
401 5179 404 5183 .
417 5180 420 5183 .

1247 5179 1393 5186 ’.η-μ...
1398 5182 1416 5187 .-
1425 5182 1431 5187 .
1444 5181 1451 5187 v

287 5272 315 5341 1)
333 5274 486 5328 concedant
504 5274 572 5330 1550
589 5283 614 5331 el
631 5294 700 5348 seqq.
763 5297 769 5324 ι
1316 5278 1345 5349 1)
1363 5279 1404 5331 De
1421 5279 1510 5347 gotia
1527 5282 1555 5330 ot
1572 5277 1660 5330 libero
1678 5274 1800 5342 arbitrio,
1819 5276 1854 5329 ad
1872 5276 1982 5331 Valent.
2001 5295 2024 5332 o.
2043 5276 2085 5331 20.
