4770 6030
183 387 245 451 su
737 379 837 454 eur.
859 375 1629 466 unave..2:emsuourusraresr10.
2124 388 2187 450 sis

182 493 546 567 s12e3u14330143.
1006 540 1012 550 ,
1300 557 1303 562 ,

182 575 336 659 quoniam
357 574 420 638 hac
441 572 513 653 lege
535 481 658 635 idundo
679 570 861 653 praefectus
883 575 934 637 est
955 574 1097 651 epatre,
1118 573 1157 631 ut
1207 567 1259 633 Ne
1280 569 1354 651 quis
1376 567 1481 652 igitur
1502 589 1537 632 se
1554 574 1730 650 torqueret,
1753 569 1888 635 ubinam
1904 571 1962 636 ille
1979 574 2186 654 quaerendus

181 663 251 728 eius
280 659 535 725 dominationem
568 656 622 723 hic
656 662 814 721 exerceat.
866 653 914 720 Ut
941 655 1031 719 enim
1059 674 1156 737 saepe
1208 653 1377 733 mediator,
1402 659 1459 719 aut
1479 674 1545 736 qua
1564 653 1619 718 via
1636 653 1678 718 ad
1696 654 1804 736 ipsmn
1822 658 2088 739 perveniendum,
2107 682 2186 725 con·

182 745 268 831 apud
300 745 476 829 prophetae
505 764 540 807 se
567 764 671 807 unum
698 763 769 807 esse
796 739 967 805 dominum
995 747 1155 819 nostrum,
1208 740 1303 804 tinuo
1331 738 1473 817 addidit,
1502 738 1598 803 homo
1625 745 1690 818 est;
1720 762 1757 806 ac
1779 743 1807 806 si
1830 743 1966 808 diceret:
1996 745 2088 810 vobis
2110 767 2186 828 pro-

181 854 294 918 regem
321 853 358 897 ae
385 829 606 914 legislatorem
631 827 823 911 pronuntiat
850 826 957 904 Deus,
987 826 1034 889 ita
1054 845 1156 908 quum
1209 825 1351 909 pinquus
1374 833 1432 902 est,
1455 825 1521 888 imo
1539 825 1722 908 contiguus,
1746 827 2009 911 quandoquidem
2031 851 2106 896 earo
2130 853 2186 898 ve·

182 919 287 985 filium
308 939 406 983 suum
428 918 462 981 in
484 936 581 980 carne
603 914 767 989 exhibuit,
790 933 866 977 eum
887 933 958 976 osse
979 909 1158 977 declaravit
1209 919 1277 975 stra
1306 918 1365 977 est.
1409 910 1450 975 Id
1482 910 1607 976 scilieet
1635 911 1808 997 designare
1830 914 1958 993 volens,
1992 917 2079 999 quod
2108 918 2187 984 alibi

181 1007 217 1072 in
238 1026 301 1087 quo
322 1023 435 1087 regere
457 1009 490 1068 et
516 1001 677 1082 imperare
698 998 806 1064 vellet.
857 995 968 1078 Quare
990 1018 1076 1061 unus
1098 1003 1156 1075 ost,
1209 997 1449 1080 significantius
1470 996 1667 1078 explicatur:
1691 1019 1758 1062 nen
1785 1021 1856 1065 esse
1881 1001 1976 1067 nobis
2001 1004 2188 1084 pontificem

182 1092 288 1174 inquit
315 1088 477 1172 apostolus
500 1086 531 1171 (1
553 1085 626 1151 Cor.
649 1088 679 1163 8,
699 1083 748 1170 6),
776 1083 870 1150 nobis
890 1083 997 1161 Beue,
1031 1103 1157 1164 exque
1210 1084 1266 1165 qui
1288 1104 1354 1147 non
1376 1083 1478 1167 possit
1499 1084 1640 1196 competi
1662 1083 1907 1152 infirmitatibus
1928 1089 2058 1167 nostris,
2082 1111 2186 1172 quan·

182 1178 300 1254 omnia,
323 1182 357 1240 et
378 1195 437 1238 nos
458 1174 494 1237 in
511 1174 595 1254 ipso;
615 1178 649 1236 et
666 1193 751 1236 unus
768 1170 930 1234 Dominus
948 1168 1041 1233 Iesus
1059 1167 1157 1232 Ohri-
1213 1167 1253 1233 do
1283 1190 1375 1233 more
1400 1177 1512 1234 nostro
1540 1169 1599 1244 sit,
1629 1170 1698 1233 sola
1730 1173 1854 1252 peccati
1887 1175 2092 1255 exceptione,
2127 1198 2187 1260 per
2241 1250 2244 1254 .

182 1271 267 1341 stus,
290 1283 348 1344 per
368 1281 464 1342 quom
487 1258 610 1336 omnia,
639 1263 672 1321 et
693 1277 752 1322 nos
780 1277 838 1338 per
858 1255 975 1338 ipsum.
1022 1251 1078 1320 Sic
1100 1276 1158 1320 au·
1210 1255 1321 1319 omnia
1342 1261 1487 1320 tentatus
1509 1253 1626 1338 (Hebr.
1646 1260 1675 1333 4,
1697 1256 1760 1339 15).

183 1361 249 1415 tem
272 1348 490 1431 significatur,
519 1364 585 1407 non
614 1348 744 1408 tantum
767 1348 1012 1425 praeceptorem
1034 1361 1104 1406 esse
1125 1346 1160 1405 et
1298 1344 1326 1404 9.
1371 1340 1412 1404 Id
1439 1341 1538 1405 etiam
1566 1340 1686 1406 clarius
1711 1342 1784 1421 fiet,
1818 1344 1845 1408 si
1872 1353 2061 1427 reputemus
2088 1368 2189 1428 quam

183 1436 391 1518 magistrum,
420 1431 473 1497 cui
501 1427 751 1495 auscultandum
779 1428 823 1492 sit
849 1424 992 1506 docenti3
1021 1425 1079 1491 sed
1106 1447 1158 1491 ea·
1210 1447 1277 1490 non
1313 1426 1451 1510 vulgare
1488 1426 1587 1490 fuerit
1619 1426 1704 1509 quod
1741 1427 1914 1494 mediatori
1952 1432 2188 1514 praestandum

183 1529 242 1603 put
264 1542 302 1586 ac
323 1519 511 1601 principem,
535 1516 627 1582 cuius
644 1514 781 1597 imperio
797 1511 980 1595 parendum
997 1513 1048 1590 sit,
1066 1514 1159 1577 cuius
1211 1519 1295 1576 erat:
1325 1533 1443 1595 nempe
1465 1513 1512 1577 sic
1539 1513 1575 1575 in
1596 1513 1661 1578 Dei
1683 1514 1825 1594 gratiam
1844 1537 1905 1580 nos
1931 1517 2120 1595 restituere,
2150 1525 2189 1584 ut

183 1607 277 1673 nutui
299 1601 597 1685 obtemperandum,
616 1600 707 1665 cuius
725 1599 768 1664 ad
788 1598 991 1664 voluntatem
1007 1598 1161 1681 obsequia
1211 1620 1253 1663 ex
1274 1598 1351 1663 filiis
1373 1598 1544 1663 hominum
1570 1598 1655 1662 filios
1676 1600 1741 1663 Dei
1763 1600 1898 1681 faceret;
1927 1602 2188 1671 exhaeredibus

183 1700 295 1757 nostra
316 1691 385 1755 sint
406 1687 585 1771 dirigenda.
630 1687 673 1750 Ei
690 1687 778 1750 enim
796 1684 1088 1767 primogenituram
1110 1691 1159 1749 at
1211 1684 1391 1767 gehennae,
1415 1684 1509 1768 regni
1531 1683 1680 1749 eoelestis
1702 1684 1867 1752 haerodes.
1907 1686 1991 1768 Quis
2014 1688 2075 1754 boc
2096 1697 2189 1773 pote-

184 1778 297 1842 tribuit
312 1784 407 1859 pater
424 1776 460 1838 in
478 1794 537 1838 sua
554 1772 686 1848 familia,
705 1779 789 1836 utet
807 1770 962 1834 fratribus
980 1770 1048 1834 suis
1065 1790 1159 1852 prae-
1211 1778 1271 1847 rat,
1295 1770 1360 1835 nisi
1383 1770 1471 1834 filius
1491 1769 1557 1835 Dei
1584 1769 1672 1835 filius
1694 1769 1840 1837 hominis
1861 1773 1969 1851 fieret,
1999 1781 2033 1838 et
2059 1776 2106 1841 sic
2128 1797 2189 1840 no·

182 1865 225 1928 sit
246 1884 322 1928 cum
343 1867 503 1945 potestate
530 1866 563 1922 et
591 1858 761 1923 facultates
784 1856 997 1921 haereditatis
1019 1855 1159 1920 admini-
1211 1864 1317 1920 strum
1344 1857 1507 1938 acciperet
1528 1862 1566 1919 ut
1586 1857 1780 1921 transferret
1801 1857 1843 1921 ad
1871 1878 1931 1922 nos
1954 1860 2071 1923 suum?
2102 1861 2189 1943 quod

184 1957 265 2015 stret
287 1956 384 2030 atque
408 1947 579 2028 dispenset.
967 1972 968 1976 ¹
1212 1963 1309 2006 suum
1336 1949 1408 2006 erat
1433 1951 1566 2019 natura,
1599 1949 1750 2007 nostrum
1783 1943 1905 2010 faceret
1932 1946 2062 2027 gratia?
2115 1947 2189 2015 Hac

1211 2048 1289 2110 ergo
1323 2027 1423 2092 arrha
1455 2027 1531 2091 freti
1570 2048 1631 2092 nos
1662 2050 1732 2093 csse
1763 2029 1848 2096 filios
1880 2030 1945 2095 Dei
1977 2032 2188 2099 confidimus:

259 2177 267 2194 ,
767 2170 774 2186 ,
804 2171 811 2186 ,
1212 2115 1289 2196 quia
1309 2113 1471 2178 naturalis
1492 2113 1557 2178 Dei
1579 2113 1667 2178 filius
1690 2114 1752 2179 sibi
1774 2136 1892 2200 corpus
1915 2116 2107 2200 decerpere
2129 2140 2190 2184 no·

185 2175 270 2283 Qu]
302 2185 529 2284 conceptus
562 2183 629 2254 &St
659 2200 682 2254 θ
713 2182 1051 2282 sp11·1tusunoto3
1084 2200 1158 2252 na·
1213 2206 1289 2277 stro,
1312 2219 1445 2265 earnem
1468 2198 1508 2264 de
1529 2220 1627 2265 earne
1650 2209 1771 2280 nostra,
1794 2223 1868 2267 ossa
1890 2223 1932 2267 ex
1954 2203 2081 2269 ossibus
2101 2227 2189 2270 eom·

419 2307 490 2375 tus
523 2323 546 2374 θ
577 2291 716 2374 Maria
745 2291 921 2401 virgine,
1212 2286 1338 2368 posuit,
1365 2293 1403 2349 ut
1429 2284 1518 2350 idem
1545 2285 1716 2350 nobiseum
1738 2294 1831 2352 esset
1877 2286 1975 2368 Quod
1997 2290 2091 2354 nobis
2113 2312 2190 2374 pro-

1212 2373 1322 2455 prium
1344 2379 1431 2449 erat,
1460 2370 1559 2436 adse
1585 2372 1751 2455 pertinere
1773 2373 1891 2452 voluit;
1921 2382 1959 2437 ut
1980 2376 2125 2441 vicissim
2148 2377 2190 2442 ad

270 2473 298 2527 8.
344 2460 508 2542 Quoniam
528 2459 760 2524 incarnationis
787 2457 994 2542 mysterium,
1022 2464 1060 2522 ut
1082 2459 1159 2521 sim·
1213 2479 1272 2523 nos
1294 2459 1489 2540 pertineret,
1512 2457 1599 2540 quod
1620 2458 1790 2540 proprium
1812 2460 1882 2543 ipse
1906 2459 2061 2526 habebat:
2092 2470 2189 2546 atque

183 2548 354 2632 plieiorum
387 2552 515 2611 mentes
548 2566 606 2609 suo
639 2544 765 2627 fulgore
797 2544 1007 2626 perstringit,
1047 2544 1094 2608 ita
1128 2549 1161 2607 et
1212 2545 1260 2607 ita
1285 2544 1321 2607 in
1348 2565 1521 2608 commune
1548 2545 1619 2628 ipse
1646 2545 1816 2610 nobiscum
1849 2552 1882 2609 et
1909 2546 1997 2612 filius
2018 2549 2082 2612 Dei
2104 2555 2190 2615 esset
2254 2586 2256 2590 >

185 2636 309 2700 animos
331 2634 543 2698 vehementer
564 2630 738 2695 conturbat
759 2637 792 2693 et
810 2628 993 2706 discruciat,
1016 2630 1080 2694 nisi
1097 2629 1160 2693 rite
1213 2637 1246 2693 et
1272 2629 1360 2694 filius
1386 2629 1537 2694 hominis.
1583 2630 1657 2696 Hac
1685 2633 1813 2696 ratione
1835 2631 2072 2697 haereditatem
2093 2636 2190 2717 regni

183 2721 401 2804 intelligatur;
424 2717 608 2783 necessario
629 2736 734 2799 pauca
760 2715 797 2780 in
819 2716 889 2780 eius
911 2715 1160 2797 explicationem
1212 2715 1360 2780 coelestis
1386 2726 1534 2781 nostram
1561 2738 1632 2781 esse
1659 2737 1843 2800 speramus,
1877 2719 1954 2800 quia
1982 2719 2098 2783 unicus
2124 2720 2189 2785 Dei

183 2808 276 2873 nobis
298 2804 476 2889 praefanda
503 2810 588 2868 sunt.
634 2802 803 2884 Principio
829 2822 1027 2884 magnopere
1047 2806 1161 2865 nostra
1212 2802 1315 2879 filius,
1345 2803 1437 2866 cuius
1459 2802 1563 2867 solida
1584 2809 1656 2867 erat
1678 2803 1878 2881 haereditas,
1906 2825 1965 2868 nos
1987 2804 2048 2868 sibi
2070 2805 2199 2870 fratres·

183 2893 353 2969 referebat,
376 2892 486 2955 Deum
512 2911 583 2954 esse
604 2910 720 2953 verum
742 2895 776 2952 et
803 2887 985 2965 hominem,
1015 2887 1070 2969 qui
1092 2907 1160 2950 me-
1213 2887 1389 2969 adoptavit.
1440 2884 1537 2966 Quod
1570 2889 1598 2951 si
1627 2890 1760 2967 fratres,
1800 2911 1878 2973 ergo
1911 2898 1945 2954 et
1977 2890 2190 2957 haereditatis

185 2979 291 3043 diater
320 2986 431 3040 noster
457 2976 586 3040 futinus
614 2980 708 3040 esset.
753 2972 865 3054 Quum
892 2974 981 3038 enim
1008 2973 1160 3054 iniquita
1186 3022 1188 3029 .
1213 2980 1387 3038 consortes.
1438 2972 1615 3038 Praeterea
1643 2976 1689 3038 sic
1716 2983 1829 3040 nostra
1864 2976 2039 3054 referebat,
2073 2998 2190 3042 verum

184 3072 235 3129 tes
257 3070 397 3140 nostrae,
419 3062 590 3126 interiecta
610 3061 778 3124 internos
800 3060 960 3124 etDeum
982 3060 1078 3137 nube,
1101 3079 1160 3123 nos
1213 3081 1283 3124 esse
1304 3059 1415 3123 Deum
1437 3067 1470 3122 et
1491 3059 1676 3137 hominem,
1708 3062 1765 3143 qui
1791 3061 1979 3146 redemptor
2005 3071 2117 3126 noster
2137 3065 2190 3128 fu·

185 3170 326 3231 arogno
349 3148 511 3212 coelorum
532 3167 665 3230 prorsus
684 3146 890 3223 adienassent,
904 3147 928 3228 ¹)
951 3145 1045 3209 illum
1063 3167 1083 3208 a
1102 3164 1161 3207 no·
1213 3152 1307 3211 turus
1329 3152 1423 3209 osset.
1459 3145 1543 3209 Eius
1565 3153 1636 3209 erat
1657 3155 1797 3211 mortem
1819 3148 2008 3214 absorbere:
2032 3151 2105 3231 quis
2127 3150 2190 3216 hoc

184 3236 235 3300 bis
257 3233 468 3311 avertissent,
487 3253 599 3310 neme,
621 3232 688 3297 nisi
709 3233 766 3315 qui
788 3230 830 3296 ad
852 3252 928 3304 eum
948 3232 1159 3314 pertingeret,
1213 3239 1340 3316 poterat
1376 3230 1441 3294 nisi
1473 3230 1563 3295 vita?
1613 3231 1697 3296 Ilius
1730 3240 1801 3296 erut
1841 3243 2010 3315 peecatum
2043 3236 2188 3300 vincere:

184 3323 274 3406 pacis
295 3319 518 3384 restituendae
538 3319 701 3401 interpres
723 3339 794 3383 esse
815 3323 952 3400 poterat.
998 3315 1082 3397 Quis
1103 3337 1161 3380 au·
1213 3318 1285 3401 quis
1307 3317 1369 3381 hoc
1386 3324 1514 3400 poterat
1531 3318 1596 3380 nisi
1612 3318 1685 3399 ipsa
1701 3318 1848 3383 iustitia?
1882 3321 1965 3384 Eius
1985 3330 2055 3383 erat
2073 3321 2190 3384 mundi

185 3417 252 3472 tem
274 3405 483 3490 pertigisset?
529 3403 745 3486 Quispiamne
767 3426 810 3468 ex
828 3403 906 3468 filiis
927 3402 1058 3469 Adam?
1098 3403 1160 3467 At
1192 3411 1247 3493 ⁸et
1275 3405 1361 3468 aeris
1387 3410 1565 3487 potestates
1593 3404 1758 3487 subigere:
1787 3405 1861 3487 quis
1887 3405 1949 3469 hoc
1977 3412 2104 3485 poterat
2124 3407 2190 3471 nisi

185 3495 240 3575 qui
273 3513 385 3556 omnes
419 3512 494 3556 eum
526 3499 662 3572 parente
689 3511 747 3555 suo
780 3489 821 3554 ad
854 3499 1065 3572 conspectum
1095 3489 1161 3553 Dei
1212 3492 1319 3556 virtus
1351 3497 1384 3553 et
1416 3489 1540 3554 mundo
1567 3497 1600 3554 et
1629 3511 1704 3555 aere
1737 3489 1907 3573 superior?
1957 3491 2061 3554 Porro
2087 3512 2190 3573 penes

185 3579 370 3645 horrebant.
415 3575 619 3659 Angelorum
648 3575 786 3659 uliquis?
815 3576 872 3640 sed
899 3576 987 3639 enim
1010 3575 1060 3638 illi
1081 3596 1160 3657 quo-
1213 3596 1310 3658 quem
1331 3576 1402 3640 vita
1423 3583 1482 3651 est,
1507 3584 1565 3640 aut
1585 3576 1726 3653 iustitia,
1754 3583 1811 3640 aut
1833 3575 1913 3641 coeli
1935 3583 2093 3658 potestas,
2124 3576 2189 3642 nisi

185 3687 247 3748 que
275 3686 356 3746 opus
383 3661 548 3726 habebant
569 3662 690 3745 capite,
718 3684 778 3745 per
799 3662 893 3728 cuius
914 3683 1038 3725 noxum
1060 3659 1161 3725 sohde
1212 3683 1313 3746 penes
1334 3661 1441 3727 solum
1462 3660 1595 3727 Deum?
1630 3658 1711 3727 Sese
1732 3682 1809 3744 ergo
1830 3661 2104 3727 clementissimus
2122 3663 2192 3728 Do-

186 3758 218 3816 et
245 3750 438 3815 indistracte
465 3749 538 3812 Deo
567 3768 625 3811 suo
652 3747 874 3813 cohaererent.
919 3745 1009 3827 Quid
1034 3745 1159 3831 igitur?
1212 3749 1324 3813 minus
1356 3746 1596 3832 redemptorem
1628 3754 1780 3812 nostrum
1810 3747 1903 3825 fecit,
1934 3746 2013 3812 dum
2046 3769 2106 3813 nos
2139 3771 2191 3814 re·

185 3836 365 3919 Deplorata
392 3856 444 3900 res
467 3840 553 3910 erat,
581 3833 646 3898 nisi
674 3834 829 3900 maiestas
856 3834 928 3916 ipsa
949 3833 1014 3897 Dei
1036 3833 1078 3897 ad
1099 3854 1160 3898 nos
1214 3834 1363 3917 demptos
1386 3833 1492 3899 voluit
1513 3833 1623 3914 (Rom.
1645 3839 1673 3911 5,
1693 3833 1738 3918 8).

186 3922 411 3997 descenderet,
440 3918 571 4001 qnando
606 3919 780 3985 ascendere
807 3928 959 3986 nostrum
985 3940 1051 3984 non
1079 3925 1159 3983 erat.
1302 3924 1351 3983 10.
1402 3919 1557 3984 Alterum
1583 3920 1645 3985 hoc
1672 3918 1907 4001 redemptionis
1933 3923 2065 3985 nostrae
2092 3926 2192 4005 eaput

185 4008 238 4073 Ita
259 4008 365 4073 filium
385 4007 450 4072 Dei
472 4006 545 4070 fieri
568 4005 661 4070 nobis
684 4006 924 4077 Immannelem
946 4005 1105 4090 oportuit,
1127 4003 1162 4069 id
1214 4012 1294 4084 erat,
1317 4013 1356 4069 ut
1382 4005 1496 4085 home,
1525 4005 1581 4088 qui
1604 4026 1720 4070 suase
1742 4003 1966 4070 inobedientia
1993 4006 2191 4088 perdiderat,

187 4103 246 4171 est,
269 4094 440 4159 nobiseum
462 4093 571 4156 Deum
595 4090 721 4174 (Ieal,
744 4097 791 4157 14.
820 4093 941 4158 Matth.
965 4097 990 4170 1,
1010 4091 1075 4175 23).
1112 4091 1162 4156 Ac
1214 4113 1309 4157 suam
1336 4092 1558 4158 confusionem
1590 4091 1776 4157 obedientia
1803 4092 1945 4170 tolleret,
1981 4090 2101 4158 iudicio
2127 4093 2192 4158 Dei

187 4202 226 4244 ea
246 4179 378 4262 quidem
395 4177 580 4243 conditione
598 4185 643 4254 ut,
667 4178 940 4260 quemadmodum
957 4199 1051 4243 suam
1068 4177 1162 4242 nobis
1215 4177 1424 4257 satisfaceret,
1443 4198 1566 4260 poenas
1583 4178 1708 4261 peccati
1726 4177 1935 4261 persolveret.
1968 4178 2097 4243 Prodiit
2112 4199 2192 4262 ergo

187 4266 394 4331 divinitatem
417 4264 631 4346 adiungebat,
658 4263 707 4327 ita
728 4272 874 4330 nostram
896 4285 1022 4349 quoque
1044 4265 1162 4328 huma-
1215 4285 1313 4330 verus
1341 4264 1456 4342 homo,
1484 4263 1648 4329 Dominus
1670 4274 1795 4342 noster,
1824 4262 1917 4329 Adae
1944 4285 2118 4347 personam
2139 4265 2192 4328 in·

186 4353 326 4417 nitatem
354 4372 432 4416 suae
460 4350 626 4415 divinitati
654 4348 828 4433 copularet
872 4350 1005 4434 Alioqui
1027 4371 1088 4417 nee
1111 4371 1163 4416 sa·
1215 4350 1296 4432 duit,
1319 4371 1441 4415 nomen
1463 4351 1656 4432 assumpsit,
1678 4356 1717 4414 ut
1737 4351 1825 4433 patri
1848 4370 1883 4416 se
1904 4349 2109 4416 obedientem
2131 4369 2192 4432 pro

187 4439 232 4502 tis
263 4437 449 4520 propinqua
482 4436 650 4514 vicinitas,
684 4457 744 4501 nee
772 4438 852 4502 satis
885 4440 982 4502 firma
1008 4437 1161 4515 affinitas,
1215 4459 1253 4502 eo
1273 4436 1460 4514 exhiberet,
1489 4442 1528 4499 ut
1549 4456 1683 4501 carnem
1709 4443 1857 4502 nostram
1878 4437 1915 4501 in
1939 4436 2191 4501 satisfactionem

187 4544 270 4605 quae
293 4544 384 4605 spem
405 4523 527 4587 faceret
547 4522 659 4588 Deum
679 4522 849 4587 nobiscum
870 4523 1020 4588 babitare
1042 4545 1080 4589 ac
1102 4543 1162 4586 no·
1215 4525 1300 4590 iusto
1320 4523 1385 4590 Dei
1407 4522 1528 4588 iudicio
1550 4528 1709 4587 statueret
1730 4545 1767 4588 ae
1790 4523 1935 4600 sisteret,
1960 4529 1997 4585 ut
2018 4522 2055 4584 in
2076 4521 2192 4586 eadem

187 4609 237 4674 bis
260 4607 381 4674 adesse.
425 4607 518 4673 Adeo
545 4607 651 4673 modis
677 4608 829 4673 omnibus
857 4615 971 4672 nostra
991 4608 1163 4673 humilitas
1215 4632 1313 4676 earne
1339 4610 1465 4692 peccati
1491 4629 1632 4691 poenam
1658 4608 1866 4693 persolveret.
1912 4605 2024 4687 Quum
2052 4606 2193 4690 denique

188 4717 263 4760 eum
291 4695 356 4759 Dei
380 4695 551 4758 maiestate
579 4692 784 4767 dissidebat,
815 4693 869 4757 Ita
893 4691 1033 4771 Paulus,
1062 4715 1164 4775 quum
1215 4703 1355 4759 mortem
1387 4718 1448 4762 nee
1481 4694 1569 4759 solus
1594 4695 1688 4760 Deus
1714 4694 1851 4772 sentire,
1884 4714 1945 4758 nec
1978 4692 2066 4758 solus
2094 4693 2193 4759 homo

188 4801 262 4845 eum
284 4781 377 4846 nobis
398 4780 613 4845 mediatorem
634 4786 839 4864 proponeret,
861 4778 1057 4843 nominatim
1079 4777 1164 4842 dixit
1215 4800 1369 4863 superare
1388 4788 1506 4864 posset,
1531 4781 1770 4845 humanitatem
1793 4801 1869 4845 eum
1891 4777 2065 4843 divinitate
2088 4780 2193 4844 socia·

187 4867 353 4932 hominem
376 4866 408 4950 (1
430 4867 513 4931 Tim.
533 4870 562 4945 2,
583 4865 626 4950 5).
671 4866 767 4932 Unus
785 4867 882 4943 enim,
905 4864 1021 4945 inquit,
1040 4863 1164 4927 media·
1215 4867 1273 4945 vit,
1292 4872 1330 4930 ut
1351 4867 1485 4933 alterius
1507 4866 1766 4932 imbecillitatem
1786 4865 1883 4929 morti
1901 4865 1938 4928 in
1955 4885 2095 4946 poenam
2115 4865 2193 4929 sub-

187 4959 239 5018 tor
260 4954 325 5017 Dei
347 4960 382 5016 et
402 4952 583 5031 hominum,
607 4952 705 5017 homo
723 4952 876 5019 Christus
894 4952 996 5016 Iesus.
1028 4950 1166 5015 Poterat
1216 4953 1338 5030 iiceret,
1361 4951 1495 5017 alterius
1524 4954 1649 5018 virtute
1676 4952 1834 5017 adversus
1860 4958 1999 5014 mortem
2027 4952 2063 5015 in
2089 4951 2193 5016 victo-

187 5038 297 5103 Deum
319 5038 435 5116 dicere,
458 5045 588 5120 poterat
610 5039 727 5105 saltem
748 5047 781 5103 et
801 5038 865 5104 hoc
887 5057 1021 5115 nomen,
1045 5040 1083 5099 ut
1099 5035 1164 5100 Dei
1216 5038 1301 5103 riam
1322 5037 1511 5103 luctaretur.
1557 5036 1624 5118 Qui
1645 5059 1722 5122 ergo
1751 5036 1922 5103 Christum
1949 5057 2007 5101 sua
2030 5044 2088 5100 aut
2109 5035 2194 5102 divi·

188 5144 317 5203 nomen,
340 5125 501 5203 omittere,
523 5123 581 5190 sed
601 5125 828 5190 infirmitatem
855 5129 1001 5191 nostram
1019 5126 1163 5187 noverat.
1217 5125 1333 5202 nitate,
1362 5130 1421 5189 aut
1442 5124 1646 5188 humanitate
1674 5124 1831 5207 spoliant,
1859 5121 1948 5186 illius
1975 5122 2107 5205 quidem
2140 5122 2195 5189 vel

190 5248 332 5254 ,ΜΜ
360 5249 392 5254 -,
1217 5209 1447 5293 blasphemant
1470 5209 1689 5287 maiestatem,
1718 5210 1770 5273 vel
1796 5208 1976 5274 bonitatem
2004 5209 2195 5290 obscurant;

258 5312 287 5379 1)
305 5312 368 5366 aad.
387 5317 469 5381 atque
488 5309 556 5365 1543
572 5319 597 5367 et
613 5328 684 5385 seqq.
1218 5295 1276 5361 sed
1293 5316 1360 5360 non
1380 5293 1490 5357 minus
1512 5293 1616 5357 altera
1637 5315 1679 5358 ex
1705 5300 1799 5378 parte
1821 5293 2010 5360 hominibus
2036 5303 2116 5361 sunt
2142 5296 2194 5360 in-

1932 5395 1991 5451 330
