4770 6030
197 353 257 415 641
467 390 469 395 ,
742 346 840 412 OAP.
862 347 960 412 vm.
984 347 1077 432 (IV.)
1120 345 1336 412 SYMBOLI
1356 345 1654 413 EXPLIOA'HO.
2138 357 2202 420 642

2119 413 2128 464 l

195 465 308 529 uuir,
328 460 430 516 cois.

196 538 231 624 (2
250 536 364 602 Thess.
378 539 438 613 2,4
456 585 464 614 ,
482 556 542 600 non
560 535 636 602 alibi
653 555 814 600 sessurum
830 535 1058 614 anticlnistum,
1077 554 1172 616 quam
1219 533 1435 617 praefuisset?
1486 533 1571 599 Eius
1597 536 1645 600 rei
1671 535 1793 619 insipue
1818 538 1970 618 speeirnm
1991 538 2138 605 meeum
2165 541 2201 607 iu

195 624 229 687 in
250 621 359 703 terreplo
380 620 454 685 Dei.
502 622 566 702 Qum
588 621 757 704 sipnifieat,
782 642 843 685 nau
862 621 990 687 aliunde
1010 626 1173 687 emeram
1224 639 1257 682 ec
1278 619 1411 698 conmlic,
1434 620 1515 700 quod
1535 622 1706 685 wucocaoit
1723 621 1832 687 Achab
1850 622 1882 708 (1
1897 623 1979 707 Reg.
1993 628 2044 703 22,
2058 628 2076 688 5
2089 634 2122 690 ct
2134 630 2200 711 22).

194 708 379 773 terrendam
398 706 488 772 illam
505 707 719 785 calamitatem
742 706 780 772 de
800 727 864 786 aua
880 707 926 771 ibi
941 707 1085 788 loquitur,
1106 704 1173 770 nisi
1224 704 1368 770 Aderant
1393 705 1613 789 quadrinpenti
1637 707 1814 788 prophetae.
1859 707 1922 774 Sed
1938 710 2025 790 'quia
2048 731 2109 775 nou
2137 713 2201 779 alio

195 794 317 872 abiis,
345 793 401 874 qui
427 813 488 874 pro
516 793 696 874 pastoribus
723 793 758 856 in
786 792 912 857 ecclesia
933 793 1083 857 sedebant.
1127 789 1173 855 Et
1224 791 1329 854 animo
1356 797 1567 873 emoenerant,
1600 793 1666 857 nisi
1695 798 1731 857 ut
1763 795 1830 877 repi
1861 795 1958 876 impio
1986 795 2199 881 adularentur,

195 878 271 945 alibi
291 880 370 944 tanti
391 878 469 943 mali
489 879 618 943 exordia
639 879 706 943 iam
721 889 822 960 prope
841 879 960 942 instare
976 879 1171 944 demonstrat.
1223 875 1356 941 mittitur
1377 898 1398 940 a
1418 875 1554 941 Domino
1575 883 1680 956 satan,
1708 880 1764 960 qui
1791 881 1834 943 sit
1854 882 1987 960 spiritus
2011 883 2145 948 mendae
2165 885 2201 951 in

197 965 283 1031 Nam
304 965 379 1029 dum
400 963 559 1046 ephesinos
580 965 735 1046 episcopos
757 964 938 1044 alloquitur,
966 965 1043 1042 scio,
1070 963 1173 1044 inquit
1223 982 1274 1025 ore
1294 963 1442 1027 omnium.
1486 961 1564 1028 Illic
1589 966 1727 1028 omnium
1748 967 1914 1050 suffrapiis
1935 967 2102 1032 damnatm
2122 973 2202 1037 veri-

196 1052 282 1137 (Act
304 1054 354 1130 20,
374 1050 439 1134 29),
462 1050 544 1130 quod
558 1056 632 1132 post
652 1051 822 1115 discessum
842 1070 945 1114 naemu
961 1049 1120 1113 intrabunt
1136 1049 1171 1112 in
1222 1052 1287 1125 tas,
1314 1047 1424 1113 Mistea
1444 1068 1506 1128 pro
1527 1047 1675 1114 baeraico
1696 1051 1880 1129 damnatur,
1896 1054 2085 1132 permetitur,
2107 1059 2201 1123 conii-

194 1158 246 1202 nas
267 1137 336 1218 lupi
357 1155 494 1217 rapaces,
516 1155 577 1198 nan
593 1140 755 1218 parcentes
769 1135 865 1218 prepi,
887 1140 914 1199 et
931 1155 969 1199 ee
985 1135 1071 1199 uobis
1090 1133 1171 1215 ipsis
1222 1134 1304 1197 citur
1330 1135 1366 1198 in
1385 1153 1543 1198 carcerem.
1589 1133 1643 1200 Sic
1665 1135 1817 1201 Ieremias
1842 1137 1960 1218 fadum
1981 1143 2034 1218 est,
2056 1141 2102 1205 sic
2123 1142 2200 1210 aliis
2248 1176 2252 1186 ·

194 1227 283 1288 aunt
311 1224 366 1303 qui
391 1221 558 1302 loquantur
579 1241 745 1302 peruersa,
772 1225 807 1284 ut
828 1220 981 1285 abducant
1002 1219 1171 1301 discipulos
1216 1219 1384 1300 prophetis.

189 1314 262 1390 post
287 1328 328 1373 se.
376 1306 533 1388 Qimnmm
559 1307 638 1370 inter
659 1311 804 1388 pastores
825 1306 937 1387 afferre
964 1305 1171 1388 corruptioris
1311 1309 1380 1368 160.
1427 1302 1489 1368 Sed
1515 1324 1614 1369 unum
1641 1307 1826 1388 semiplum,
1855 1308 1936 1388 quod
1955 1314 2000 1374 est
2019 1331 2101 1392 prae
2122 1313 2199 1380 aliis

189 1394 296 1477 potuit
323 1392 414 1475 lonpa
440 1412 593 1456 annorum
620 1393 731 1471 series,
757 1412 855 1473 auum
880 1391 999 1457 tcrutulo
1024 1392 1170 1474 temporis
1221 1388 1428 1468 memorabile,
1460 1410 1522 1471 pro
1554 1390 1695 1456 omnbus
1726 1393 1872 1474 sufficiat.
1928 1393 1972 1458 Iu
2001 1416 2034 1460 ec
2065 1400 2198 1482 mutto,

195 1480 297 1561 spatio
321 1478 502 1561 depenemre
529 1478 575 1542 sic
596 1477 779 1560 potuerim?
821 1476 882 1542 Ac·
897 1499 936 1543 ne
962 1476 1169 1542 enumerando
1222 1476 1304 1557 quad
1425 1479 1514 1539 aunt
1543 1477 1705 1558 pontifices
1736 1484 1764 1543 et
1797 1477 1967 1544 Pharisaei
2001 1481 2200 1567 lerosolpmis

194 1565 327 1629 multum
345 1564 524 1628 chartarum
544 1563 707 1646 impleam:
733 1564 872 1628 eremium
891 1564 956 1644 tere
975 1563 1169 1627 saenilormu
1222 1563 1373 1626 adversm
1416 1560 1550 1625 tristam
1568 1561 1673 1647 (Ioan.
1696 1568 1743 1641 11,
1758 1564 1824 1648 47),
1843 1566 1920 1646 quid
1937 1567 2098 1647 eamear,
2117 1573 2200 1651 quod

194 1650 341 1730 memplis
362 1668 535 1728 moriemur,
562 1669 615 1712 nec
635 1650 794 1713 coriatam
814 1669 932 1729 semper
953 1649 989 1712 in
1010 1649 1085 1713 sinu
1106 1671 1168 1731 pe·
1221 1647 1345 1728 alcidem
1365 1646 1409 1711 ad
1429 1651 1586 1711 emeremni
1606 1649 1737 1730 speciem
1757 1651 1888 1715 attinet?
1931 1653 2009 1716 Nisi
2029 1656 2112 1719 enim
2127 1662 2200 1726 trine
2229 1683 2236 1702 ·

193 1741 310 1800 storum
331 1732 385 1813 ali,
407 1754 461 1800 uec
480 1733 621 1800 ccclesiae
641 1735 879 1799 incolumitatem
900 1733 939 1798 ab
960 1755 1064 1799 eorum
1084 1739 1168 1800 statu
1217 1734 1330 1816 fuisset
1357 1731 1554 1814 Ierosolpmis
1574 1734 1713 1814 emtesra,
1740 1755 1901 1817 nunquam
1921 1739 2086 1819 sacrifieiis
2107 1742 2197 1810 aliti-

188 1822 331 1904 pendere.
382 1820 515 1886 Decebat
541 1820 666 1901 quidem
687 1820 758 1885 illos
778 1820 998 1885 mdesimtmae
1017 1821 1110 1901 pacis
1131 1840 1168 1884 ae
1219 1839 1277 1900 que
1297 1818 1497 1883 caereneoniis
1517 1821 1770 1886 conununicasset
1792 1819 1942 1887 Christus.
1987 1823 2043 1890 Fit
2062 1827 2197 1897 solennis

194 1907 314 1986 salub's,
335 1907 387 1973 cui
408 1905 630 1972 aamercandae
648 1906 795 1971 deuincti
816 1910 897 1984 sunt,
913 1905 1080 1988 praesides
1103 1925 1168 1970 esse
1219 1905 1397 1984 emeccatio,
1411 1903 1557 1986 praeibat
1571 1916 1716 1970 summus
1730 1907 1882 1989 pontisae,
1903 1914 1984 1973 utus
2004 1911 2077 1977 ordo
2094 1927 2205 1984 sm·

194 2013 231 2057 ae
252 1995 404 2070 custodes;
425 1992 479 2057 sed
495 1991 585 2056 aliud
601 1997 646 2056 est
659 1997 823 2075 praestare
844 1991 924 2072 quad
940 1990 1057 2071 dabam,
1079 1991 1169 2055 aliud
1219 1989 1333 2056 dotalis
1358 1988 1528 2068 assidebat;
1560 1990 1730 2056 damnatur
1760 1996 1863 2058 tamen
1888 1993 1954 2058 illic
1982 1993 2138 2080 onustos,
2167 2007 2195 2067 et

194 2078 298 2144 debere
318 2079 400 2159 quod
419 2098 480 2143 nan
496 2083 646 2160 praestes.
1219 2077 1288 2140 eins
1308 2075 1448 2141 doctrina
1468 2096 1484 2140 e
1504 2076 1604 2141 matio
1626 2078 1823 2160 pollipatur.
1867 2078 1935 2144 Hoc
1958 2080 2085 2161 facinus
2106 2087 2195 2152 deae

284 2169 352 2228 158.
399 2163 506 2245 Neque
521 2168 623 2227 tamen
638 2169 745 2228 nestra
763 2163 826 2227 ista
843 2161 935 2228 verba
956 2163 991 2226 in
1010 2183 1079 2227 eam
1090 2183 1168 2243 par-
1219 2166 1318 2226 mento
1339 2166 1397 2239 est,
1424 2160 1578 2225 inclusam
1598 2162 1726 2227 minime
1752 2163 1852 2244 fuisse
1872 2166 1907 2229 in
1932 2165 1986 2230 illo
2007 2171 2131 2236 coneilio
2152 2192 2195 2239 eo·

194 2256 253 2313 tem
274 2251 345 2331 quis
367 2249 511 2330 accipiat,
534 2248 627 2329 quasi
648 2253 813 2330 pasterum
832 2248 1027 2313 autoritatem
1042 2248 1168 2330 passim
1220 2248 1352 2312 alesiam
1400 2245 1446 2310 At
1476 2259 1537 2311 non
1564 2252 1608 2312 est
1627 2249 1817 2328 periculum,
1850 2271 1888 2313 ne
1914 2252 1991 2332 quid
2015 2255 2077 2320 talc
2107 2257 2196 2324 nobis

71 2360 77 2369 ·
195 2358 231 2400 ac
252 2341 367 2412 temere,
389 2334 530 2415 ammam
551 2334 673 2412 delectu,
695 2333 877 2416 labefactare
898 2334 997 2399 velim.
1033 2334 1168 2398 Tantum
1220 2333 1344 2398 muniat.
1397 2333 1476 2413 Quis
1502 2333 1591 2398 nobes
1617 2333 1711 2414 fidem
1734 2335 1828 2416 fecit?
1873 2336 1959 2401 Nam
1985 2340 2021 2401 in
2047 2362 2082 2407 re
2108 2347 2195 2409 tanta

194 2423 273 2486 inter
293 2443 344 2486 eos
363 2423 448 2503 ipsos
468 2420 613 2486 demetam
633 2418 806 2485 lamudam
827 2441 891 2484 esse
912 2440 1024 2497 moneo,
1044 2441 1089 2498 ne,
1112 2419 1168 2500 qui
1219 2419 1316 2483 nimis
1345 2437 1467 2482 securos
1493 2438 1572 2498 esse,
1599 2419 1754 2484 socordiae
1780 2421 1873 2502 mlpa
1892 2442 1955 2485 nou
1973 2431 2062 2490 caret.
2110 2430 2196 2509 Qum

194 2507 353 2585 dicuntur,
382 2526 446 2570 esse
472 2526 589 2585 auoque
611 2511 755 2587 pastores
782 2507 922 2570 centinm
947 2505 1166 2570 eeistiniemus.
1219 2504 1274 2569 ubi
1299 2504 1425 2569 disertis
1448 2502 1549 2568 ocrbis
1575 2505 1764 2570 reliduntur
1789 2507 1923 2587 spiritus
1943 2529 2004 2589 per
2031 2531 2067 2575 os
2095 2512 2194 2580 Pauli

194 2592 240 2657 At
257 2613 356 2674 papa,
374 2612 444 2655 cum
460 2596 517 2656 teto
532 2591 741 2673 episcoporum
761 2611 889 2656 sumum
903 2610 1000 2674 prope,
1023 2611 1084 2656 non
1100 2590 1167 2655 alia
1220 2590 1254 2676 (2
1274 2590 1388 2655 Thess.
1407 2592 1441 2668 2,
1467 2587 1516 2673 3),
1548 2595 1708 2655 sentimum
1738 2592 1943 2672 desedionam
1982 2615 2061 2674 puae
2091 2602 2196 2666 uenire

192 2679 319 2756 ratione,
341 2678 407 2742 nisi
427 2678 504 2759 quia
519 2681 662 2757 pastores
682 2682 910 2759 nuncupantur,
932 2696 1063 2741 excussa
1083 2675 1167 2741 uerbi
1218 2697 1279 2740 nou
1307 2680 1407 2757 potest
1433 2675 1511 2756 quin
1537 2681 1681 2757 pastores
1706 2676 1811 2742 Deum
1838 2679 1941 2759 primi
1971 2680 2193 2765 derelinquant,

194 2763 467 2841 Demaeneto,
494 2762 617 2828 uoluunt
642 2763 747 2828 omnia
771 2768 952 2843 versantque
964 2761 988 2911 1)
1010 2782 1072 2844 pro
1098 2759 1167 2826 libi-
1218 2760 1296 2844 quid
1307 2765 1412 2843 sponte
1428 2759 1479 2825 bic
1495 2761 1530 2824 in
1547 2762 1678 2826 exitium
1687 2767 1828 2827 nostrum
1845 2765 2056 2831 mammenus?
2091 2769 2195 2850 Quare

107 2925 112 2929 ,
193 2851 280 2928 dina·
306 2850 431 2913 iuterim
451 2849 643 2930 persuamm
663 2848 857 2927 conteirdunt,
885 2868 950 2912 sese
981 2869 1035 2912 aee
1056 2848 1167 2913 verita
1218 2847 1303 2911 nullo
1335 2847 1422 2911 modo
1454 2847 1673 2912 comedendum
1705 2853 1762 2927 est,
1790 2848 1945 2914 eulesiam
1971 2852 2006 2915 in
2028 2859 2195 2934 pastorum

192 2936 234 3000 tis
255 2936 380 3000 destitui
399 2955 460 2999 non
474 2954 575 3015 posse,
596 2935 744 3016 spiritum
764 2933 829 2999 Dei
843 2939 991 3016 perpetuo
1013 2935 1047 2998 in
1068 2955 1101 2999 se
1121 2954 1168 2999 re-
1219 2938 1301 2999 coetu
1323 2933 1499 2997 consistere:
1520 2952 1596 3013 quas
1616 2932 1776 2999 Dominus
1796 2955 1952 3016 nusquam
1972 2939 2082 3019 recepit
2102 2940 2195 3008 bonos

192 3022 301 3097 sidere,
319 3021 476 3084 ecclesiam
493 3021 529 3084 in
545 3040 578 3084 se
594 3020 760 3085 subsistere
774 3025 802 3084 et
818 3040 919 3085 secum
933 3021 1037 3084 meari.
1068 3020 1168 3101 Quasi
1213 3024 1361 3102 perpetuo
1381 3019 1456 3100 fore,
1478 3019 1576 3083 malos
1597 3023 1700 3084 autem
1716 3020 1871 3086 interdum
1890 3023 1957 3104 fore
1968 3026 2194 3103 pronuntiarit.

87 3164 88 3169 ,
193 3126 263 3170 cero
285 3107 350 3169 iarn
371 3106 459 3170 trulla
481 3107 543 3170 sint
564 3106 696 3171 Deretini
719 3107 855 3185 iudicia,
876 3111 912 3170 ut
932 3106 1033 3171 mdem
1048 3125 1167 3187 poenae
1226 3104 1288 3172 Ubi
1309 3109 1411 3169 autem
1431 3105 1469 3170 de
1483 3104 1623 3185 periculo
1640 3105 1789 3186 edmund,
1807 3107 1876 3171 idea
1890 3107 1975 3188 facit,
1994 3113 2029 3172 ut
2049 3131 2106 3176 nos
2122 3133 2195 3178 cau

190 3211 297 3274 ponere
317 3192 353 3254 in
374 3191 525 3258 mundum
545 3192 634 3257 lodie
655 3192 889 3271 animadvertat,
912 3212 972 3272 quo
986 3191 1100 3274 populi
1120 3213 1167 3256 ae-
1218 3192 1312 3256 tiores
1332 3191 1449 3255 reddat.

193 3279 267 3342 teris
289 3276 543 3358 inpratitudincm
560 3277 729 3359 aliquando
751 3279 836 3342 ultus
852 3282 904 3357 est,
926 3298 1032 3360 nempe
1053 3281 1087 3341 nt
1106 3298 1167 3359 pa·
1308 3280 1376 3339 161.
1428 3280 1438 3319 ¹
1464 3274 1547 3356 Quid
1566 3274 1660 3359 erpa?
1679 3276 1819 3358 inquies:
1840 3277 1965 3343 nudans
1987 3280 2045 3344 erit
2065 3281 2101 3344 in
2122 3282 2194 3365 defi·

195 3369 291 3427 stores
316 3363 472 3443 percutiat
502 3364 641 3428 caeu'tme
672 3368 701 3428 et
726 3369 858 3447 stupore.
904 3364 970 3427 Nec
994 3363 1168 3445 intellipunt
1217 3363 1365 3428 nierrdoc
1425 3361 1546 3425 'mmm
1566 3362 1744 3426 autoritas?
1777 3362 1847 3428 Ima
1866 3383 1943 3429 vero.
1983 3365 2090 3446 Neque
2111 3370 2195 3434 enim

194 3448 390 3513 stolidissimi
426 3446 575 3527 bomincs,
614 3449 741 3514 eandem
771 3470 804 3515 se
835 3470 943 3514 canem
974 3449 1166 3527 cantilenam,
1218 3450 1268 3529 liic
1294 3447 1399 3513 omnia
1425 3447 1555 3512 cmiedia
1585 3447 1779 3527 damnanda,
1808 3453 1864 3513 ant
1889 3451 2025 3514 amnium
2051 3457 2121 3517 acta
2148 3474 2195 3520 re-

195 3555 289 3615 quam
310 3532 454 3598 muebaut
475 3533 549 3597 olim
568 3534 617 3598 illi
642 3536 698 3616 qui
724 3556 794 3600 eum
820 3535 908 3600 uerbo
929 3534 994 3599 Dei
1012 3534 1168 3617 bellipera·
1218 3533 1395 3610 scindenda,
1416 3536 1444 3597 et
1465 3531 1561 3615 (quod
1582 3532 1711 3618 dicitur)
1734 3555 1799 3599 una
1820 3535 1919 3600 litura
1940 3536 2114 3602 inducenda
2130 3539 2196 3604 dis-

195 3620 314 3685 bantar.
370 3618 424 3684 Sic
457 3620 538 3682 enim
564 3640 628 3684 sese
656 3625 760 3686 mntra
791 3623 948 3686 veritatem
978 3621 1168 3686 instruebant
1213 3625 1299 3702 puto.
1343 3618 1389 3683 At
1410 3620 1491 3702 copis
1511 3623 1621 3697 tamen,
1644 3620 1781 3699 inquies,
1804 3623 1909 3685 omnia
1929 3622 1965 3685 in
1985 3623 2141 3690 ordinum:
2160 3630 2196 3690 ut

193 3704 1042 3789 lodesIeremiae(18,18):uenite,etcopitabimus
1063 3711 1168 3772 contra
1219 3703 1340 3771 cuilibet
1365 3705 1401 3768 in
1427 3703 1526 3767 medio
1552 3703 1693 3784 positum
1720 3705 1761 3769 sit
1788 3707 1922 3787 recipere
1950 3708 1996 3772 ael
2028 3712 2196 3792 repudiare

195 3791 361 3856 Ieremiam
383 3790 590 3872 aptamus
611 3792 733 3872 quando
751 3813 813 3858 nan
827 3792 945 3875 peribit
961 3793 1011 3858 len
1031 3815 1052 3858 a
1069 3813 1168 3858 sacer·
1219 3791 1299 3873 quod
1320 3790 1483 3855 maneant
1508 3789 1645 3854 ancilia
1689 3789 1823 3855 tisinum
1844 3813 1922 3857 vero.
1975 3793 2103 3875 Verum,
2125 3817 2196 3878 quo·

193 3878 267 3956 dote,
289 3898 342 3942 nec
363 3876 527 3941 consilium
548 3898 568 3940 a
590 3877 734 3957 sapiente,
756 3898 810 3942 nec
826 3878 951 3943 uerbena
968 3901 989 3943 a
1004 3878 1166 3963 propbeta.
1220 3878 1276 3942 tias
1297 3876 1418 3941 mucilii
1440 3875 1575 3939 alicuius
1596 3875 1749 3939 maetam
1771 3878 1946 3959 profertur,
1975 3881 2105 3960 erpendi
2126 3882 2197 3963 pri·

283 3967 351 4026 159.
397 3961 482 4026 Hine
500 3962 593 4043 facilc
611 3967 656 4027 est
676 3963 858 4044 respondere
873 3965 916 4028 ad
932 3965 1011 4029 illud
1028 3965 1167 4043 alterum,
1220 3983 1307 4027 mam
1332 3961 1493 4045 dilipenter
1519 3961 1624 4039 aelim,
1652 3981 1712 4040 auo
1737 3967 1869 4042 tenpore
1889 3963 2028 4028 motum
2049 3968 2104 4047 sit,
2132 3988 2197 4049 arca

197 4048 233 4112 de
253 4049 391 4114 coruiliis
409 4047 611 4130 pauralibns.
648 4048 731 4129 Quin
752 4049 867 4115 Iudaei
888 4070 993 4115 amaru
1014 4051 1169 4115 emtesiam
1219 4050 1258 4114 de
1279 4067 1375 4113 causa
1394 4046 1547 4125 lubitum
1569 4051 1597 4111 et
1618 4067 1677 4127 quo
1699 4048 1838 4127 consitio,
1862 4049 1969 4130 quales
1990 4051 2128 4117 bomims
2149 4055 2197 4118 in·

195 4134 252 4197 surb
273 4133 433 4216 prophetis
453 4133 630 4211 tabuerint,
657 4136 767 4216 nepari
791 4155 852 4199 non
877 4140 984 4217 potest.
1031 4136 1119 4217 Quod
1139 4136 1170 4200 si
1219 4134 1396 4216 nituerint·
1418 4132 1527 4197 alaude
1547 4132 1628 4197 illud
1649 4134 1754 4213 ipsum
1775 4133 1812 4198 de
1831 4154 1890 4215 quo
1908 4136 2021 4218 apum,
2042 4139 2084 4201 ad
2100 4141 2198 4220 serip-

193 4220 334 4302 penerale
355 4219 516 4283 mutilium
537 4225 608 4284 tunc
624 4241 662 4284 ea
678 4220 883 4286 sacerdotibus
900 4227 1034 4287 maetam
1049 4223 1169 4303 fuisset,
1220 4227 1309 4285 turae
1335 4219 1489 4283 amussim
1517 4219 1710 4283 examinari:
1737 4218 1829 4299 idque
1855 4221 1890 4284 in
1910 4242 1980 4285 eum
2001 4223 2139 4302 modum,
2162 4231 2198 4290 ut

196 4306 299 4386 qualis
316 4307 513 4386 apparuisset
529 4306 670 4370 ecclesiae
685 4306 805 4386 facies?
832 4305 995 4372 Audimus
1011 4308 1087 4388 quid
1104 4306 1170 4372 Da
1220 4306 1341 4372 canalii
1372 4304 1508 4384 definitio
1534 4304 1660 4386 padus
1693 4324 1787 4368 suam
1814 4304 1937 4385 babeat,
1969 4308 2068 4387 sitque
2094 4309 2197 4374 instar

195 4393 316 4470 miuus,
337 4412 397 4454 non
418 4393 477 4454 uni
499 4395 553 4455 aut
574 4392 664 4456 alteri
685 4412 805 4471 eorum,
826 4394 881 4458 sed
901 4393 1005 4458 ordini
1025 4394 1170 4458 uniuerso
1215 4391 1417 4476 praeiudicii,
1438 4411 1533 4472 neque
1554 4395 1656 4454 tamen
1677 4411 1812 4469 mamea,
1834 4392 1917 4472 quod
1937 4393 2014 4470 diui,
2036 4393 2195 4473 impediat.

196 4477 366 4541 denuntiet:
398 4477 484 4541 obsta
538 4482 602 4541 betti
632 4478 802 4543 sacerdotes
834 4483 861 4542 et
930 4477 1053 4543 phetae
1080 4483 1171 4544 lme-
1222 4480 1334 4533 Utinsm
1356 4494 1418 4530 eum
1440 4492 1533 4530 omnes
1550 4475 1660 4527 modum
1677 4482 1831 4542 servarent,
1857 4494 1938 4545 quem
1979 4479 2122 4530 roescribit
2139 4479 2196 4532 Au·

196 4561 310 4626 buntur
338 4562 415 4646 (lor.
436 4498 538 4646 ,4,ἕῖ
575 4563 670 4627 Item:
700 4564 749 4627 lex
775 4500 1122 4645 peribitzpsaoerdooe
1143 4569 1171 4629 ep
1221 4548 1359 4669 guntinus,
1390 4547 1461 4599 libro
1491 4545 1619 4598 adversus
1644 4544 1821 4596 Maximinum
1852 4495 1978 4612 tertiung
2016 4546 2087 4598 Num
2113 4565 2197 4616 quum

1240 4636 1258 4670 u

195 4649 359 4713 murum
387 4647 601 4713 aseneum
626 4650 697 4733 mz-
719 4655 747 4726 r,
767 4648 832 4732 26).
877 4649 972 4714 eeu:
997 4671 1059 4716 or
1087 4649 1171 4715 at
1222 4613 2197 4754 ..001100ξῖ13002110,1001200100οε

191 4755 251 4814 prb
272 4736 390 4799 oiumoe
411 4736 483 4813 etii,
506 4738 534 4799 el
554 4735 691 4800 tenebrae
707 4756 766 4816 pro
787 4734 985 4815 tllvlttatlone,
1007 4741 1036 4800 tl
1056 4755 1171 4801 ottttm-
1222 4759 1253 4805 tu
1270 4754 1336 4805 mihi
1354 4754 1544 4805 ariminensem
1562 4751 1644 4803 debes
1662 4758 1792 4818 tanquam
1810 4751 2043 4819 praeiudicatum
2061 4754 2195 4815 obiicero;

197 4819 243 4885 bel
266 4821 313 4885 sol
344 4841 438 4902 super
464 4819 646 4903 propbetas,
673 4826 700 4885 a
726 4820 965 4886 obtertebrahitur
995 4843 1090 4902 super
1121 4841 1170 4885 eos
1223 4838 1272 4875 noc
1291 4838 1340 4901 ego
1356 4822 1436 4901 liuius
1453 4821 1607 4884 autoritate,
1626 4825 1724 4872 noctu
1741 4819 1813 4900 illius
1832 4819 1975 4872 detineris:
2000 4821 2196 4900 scripturarum

196 4906 277 4984 dies,
299 4912 350 4971 etc·
372 4907 487 4991 (Mich
510 4910 538 4984 3²
559 4905 602 4990 6)
645 4907 729 4991 Ape,
755 4909 785 4971 32·
806 4908 901 4971 madi
920 4907 957 4970 in
977 4927 1077 4971 mmm
1100 4911 1173 4971 tm
1223 4892 1422 4955 autoritatibus,
1440 4907 1495 4943 nou
1513 4905 1681 4958 quorumque
1699 4905 1825 4957 proprus,
1844 4889 1892 4940 sed
1911 4906 1979 4956 quus
1993 4895 2115 4957 utusque
2133 4895 2197 4943 sunt

195 4993 328 5071 tuissent
347 5012 450 5056 omnes
472 4993 637 5070 eiusmodi,
663 4993 735 5074 quis
753 4993 885 5074 spiritum
906 4994 942 5057 in
962 5013 1068 5059 eorum
1089 4996 1172 5057 coda

198 5165 400 5175 m..
1293 5127 1323 5192 1)
1349 5124 1424 5194 Quae
1441 5128 1486 5181 bic
1503 5128 1542 5194 ἐξ.
1563 5126 1717 5181 161-165.
1736 5133 1890 5182 tractantur
1925 5129 2007 5179 arum
2025 5128 2120 5181 iisdem
2137 5143 2195 5181 oer-

188 5201 198 5216 “
1224 5198 1267 5250 bis
1288 5193 1336 5248 sed
1357 5197 1440 5249 mutto
1467 5197 1575 5249 breuius
1592 5196 1659 5249 oliuo
1686 5200 1717 5250 in
1739 5199 1779 5251 ed.
1807 5195 1875 5249 1539
1939 5211 1965 5263 p.
1986 5195 2069 5250 XIV.
2091 5214 2118 5265 p.
2136 5195 2197 5250 310.

266 5266 295 5334 1)
313 5266 385 5320 Ante
403 5264 471 5320 1553
489 5268 626 5335 leputatur
643 5274 803 5336 vexantque.
1224 5263 1275 5318 371
1292 5264 1416 5331 exposita
1430 5264 1550 5330 fueraut.
1618 5263 1649 5332 2)
1668 5267 1741 5321 Aliis
1758 5267 1783 5335 2,
1800 5265 1825 5320 3.

270 5349 383 5405 Caluini
393 5368 485 5420 opera.
523 5352 625 5426 ms·
1959 5350 1992 5404 41
