<?xml version="1.0" encoding="UTF-8"?>
<!DOCTYPE html PUBLIC "-//W3C//DTD XHTML 1.0 Transitional//EN"
    "http://www.w3.org/TR/xhtml1/DTD/xhtml1-transitional.dtd">
<html xmlns="http://www.w3.org/1999/xhtml" xml:lang="en" lang="en">
 <head>
  <title>
</title>
<meta http-equiv="Content-Type" content="text/html;charset=utf-8" />
  <meta name='ocr-system' content='tesseract 3.04.00' />
  <meta name='ocr-capabilities' content='ocr_page ocr_carea ocr_par ocr_line ocrx_word'/>
</head>
<body>
  <div class='ocr_page' id='page_1' title='image "./ioanniscalvinio05calvgoog_0321.png"; bbox 0 0 4770 6030; ppageno 0'>
   <div class='ocr_carea' id='block_1_1' title="bbox 155 332 2234 435">
    <p class='ocr_par' dir='ltr' id='par_1_1' title="bbox 155 332 2234 435">
     <span class='ocr_line' id='line_1_1' title="bbox 155 332 2234 435; baseline -0.001 -5"><span class='ocrx_word' id='word_1_1' title='bbox 155 336 158 343; x_wconf 74' lang='grc'><strong>’</strong></span> <span class='ocrx_word' id='word_1_2' title='bbox 230 368 293 432; x_wconf 81' lang='lat' dir='ltr'><em>sos</em></span> <span class='ocrx_word' id='word_1_3' title='bbox 503 332 506 343; x_wconf 75' lang='grc'><strong>’</strong></span> <span class='ocrx_word' id='word_1_4' title='bbox 803 361 1662 435; x_wconf 67' lang='lat' dir='ltr'><em>nisnnnnnlounnnflmsn1ssi-1ici.</em></span> <span class='ocrx_word' id='word_1_5' title='bbox 2170 367 2234 428; x_wconf 79' lang='lat' dir='ltr'><em>soi</em></span> 
     </span>
    </p>
   </div>
   <div class='ocr_carea' id='block_1_2' title="bbox 220 464 2237 5102">
    <p class='ocr_par' dir='ltr' id='par_1_2' title="bbox 227 464 2237 2097">
     <span class='ocr_line' id='line_1_2' title="bbox 2002 474 2235 546; baseline -0.004 -15"><span class='ocrx_word' id='word_1_6' title='bbox 2002 477 2113 546; x_wconf 77' lang='lat'>131353</span> <span class='ocrx_word' id='word_1_7' title='bbox 2131 474 2235 531; x_wconf 80' lang='lat'><strong>0135.</strong></span> 
     </span>
     <span class='ocr_line' id='line_1_3' title="bbox 230 464 2236 635; baseline -0.001 -15"><span class='ocrx_word' id='word_1_8' title='bbox 230 555 331 620; x_wconf 87' lang='lat' dir='ltr'><em>mines</em></span> <span class='ocrx_word' id='word_1_9' title='bbox 357 551 545 630; x_wconf 72' lang='lat' dir='ltr'><em>descendere,</em></span> <span class='ocrx_word' id='word_1_10' title='bbox 579 555 606 616; x_wconf 90' lang='lat' dir='ltr'><em>et</em></span> <span class='ocrx_word' id='word_1_11' title='bbox 634 550 672 615; x_wconf 90' lang='lat' dir='ltr'><em>ab</em></span> <span class='ocrx_word' id='word_1_12' title='bbox 698 550 874 617; x_wconf 86' lang='lat' dir='ltr'><em>bominibus</em></span> <span class='ocrx_word' id='word_1_13' title='bbox 901 550 936 614; x_wconf 91' lang='lat' dir='ltr'><em>in</em></span> <span class='ocrx_word' id='word_1_14' title='bbox 964 551 1079 617; x_wconf 89' lang='lat' dir='ltr'><em>coelum</em></span> <span class='ocrx_word' id='word_1_15' title='bbox 1105 569 1208 615; x_wconf 74' lang='lat' dir='ltr'><em>ascen-</em></span> <span class='ocrx_word' id='word_1_16' title='bbox 1258 553 1374 618; x_wconf 88' lang='lat' dir='ltr'><em>dicitur</em></span> <span class='ocrx_word' id='word_1_17' title='bbox 1394 552 1525 618; x_wconf 88' lang='lat' dir='ltr'><em>liberata</em></span> <span class='ocrx_word' id='word_1_18' title='bbox 1551 553 1652 635; x_wconf 80' lang='lat' dir='ltr'><em>fuisse</em></span> <span class='ocrx_word' id='word_1_19' title='bbox 1673 573 1694 617; x_wconf 90' lang='lat' dir='ltr'><em>n</em></span> <span class='ocrx_word' id='word_1_20' title='bbox 1718 557 1831 634; x_wconf 86' lang='lat' dir='ltr'><em>septem</em></span> <span class='ocrx_word' id='word_1_21' title='bbox 1849 464 2035 629; x_wconf 66' lang='lat' dir='ltr'><em>daemonibs,</em></span> <span class='ocrx_word' id='word_1_22' title='bbox 2056 551 2169 634; x_wconf 80' lang='lat' dir='ltr'><em>quibus</em></span> <span class='ocrx_word' id='word_1_23' title='bbox 2190 570 2236 617; x_wconf 78' lang='lat' dir='ltr'><em>ae</em></span> 
     </span>
     <span class='ocr_line' id='line_1_4' title="bbox 231 636 2236 724; baseline -0.002 -16"><span class='ocrx_word' id='word_1_24' title='bbox 231 643 304 708; x_wconf 81' lang='lat' dir='ltr'><em>dere</em></span> <span class='ocrx_word' id='word_1_25' title='bbox 328 659 390 722; x_wconf 87' lang='lat' dir='ltr'><em>per</em></span> <span class='ocrx_word' id='word_1_26' title='bbox 421 637 552 715; x_wconf 86' lang='lat' dir='ltr'><em>saalum,</em></span> <span class='ocrx_word' id='word_1_27' title='bbox 591 637 643 702; x_wconf 90' lang='lat' dir='ltr'><em>eui</em></span> <span class='ocrx_word' id='word_1_28' title='bbox 675 637 789 702; x_wconf 81' lang='lat' dir='ltr'><em>insidet</em></span> <span class='ocrx_word' id='word_1_29' title='bbox 820 636 979 702; x_wconf 89' lang='lat' dir='ltr'><em>Dominus</em></span> <span class='ocrx_word' id='word_1_30' title='bbox 1010 636 1207 702; x_wconf 74' lang='lat' dir='ltr'><em>iuncinum.</em></span> <span class='ocrx_word' id='word_1_31' title='bbox 1259 638 1433 720; x_wconf 84' lang='lat' dir='ltr'><em>cupabatur</em></span> <span class='ocrx_word' id='word_1_32' title='bbox 1455 637 1572 724; x_wconf 81' lang='lat' dir='ltr'><em>(Marc.</em></span> <span class='ocrx_word' id='word_1_33' title='bbox 1594 642 1642 718; x_wconf 86' lang='grc'><em>16,</em></span> <span class='ocrx_word' id='word_1_34' title='bbox 1663 637 1714 723; x_wconf 85' lang='grc'><strong>9),·</strong></span> <span class='ocrx_word' id='word_1_35' title='bbox 1741 637 1870 702; x_wconf 75' lang='lat' dir='ltr'><em>etidud</em></span> <span class='ocrx_word' id='word_1_36' title='bbox 1890 658 1956 703; x_wconf 83' lang='lat' dir='ltr'><em>esse</em></span> <span class='ocrx_word' id='word_1_37' title='bbox 1976 637 2175 702; x_wconf 83' lang='lat' dir='ltr'><em>orduiarium</em></span> <span class='ocrx_word' id='word_1_38' title='bbox 2195 643 2236 703; x_wconf 78' lang='lat' dir='ltr'><em>le</em></span> 
     </span>
     <span class='ocr_line' id='line_1_5' title="bbox 235 721 2237 810; baseline 0 -22"><span class='ocrx_word' id='word_1_39' title='bbox 235 728 301 810; x_wconf 75' lang='lat' dir='ltr'><em>Quo</em></span> <span class='ocrx_word' id='word_1_40' title='bbox 320 724 480 789; x_wconf 87' lang='lat' dir='ltr'><em>indicatur</em></span> <span class='ocrx_word' id='word_1_41' title='bbox 500 721 567 787; x_wconf 90' lang='lat' dir='ltr'><em>sala</em></span> <span class='ocrx_word' id='word_1_42' title='bbox 590 721 711 788; x_wconf 69' lang='lat' dir='ltr'><em>Cluui</em></span> <span class='ocrx_word' id='word_1_43' title='bbox 737 723 948 788; x_wconf 66' lang='lat' dir='ltr'><em>intercessione</em></span> <span class='ocrx_word' id='word_1_44' title='bbox 969 723 1041 804; x_wconf 78' lang='lat' dir='ltr'><em>fieri</em></span> <span class='ocrx_word' id='word_1_45' title='bbox 1063 727 1098 786; x_wconf 90' lang='lat' dir='ltr'><em>ut</em></span> <span class='ocrx_word' id='word_1_46' title='bbox 1118 743 1208 806; x_wconf 78' lang='lat' dir='ltr'><em>anpe</em></span> <span class='ocrx_word' id='word_1_47' title='bbox 1259 729 1362 789; x_wconf 88' lang='lat' dir='ltr'><em>statur</em></span> <span class='ocrx_word' id='word_1_48' title='bbox 1384 722 1528 789; x_wconf 81' lang='lat' dir='ltr'><em>Olnistus</em></span> <span class='ocrx_word' id='word_1_49' title='bbox 1555 722 1689 807; x_wconf 81' lang='lat' dir='ltr'><em>(Maiih.</em></span> <span class='ocrx_word' id='word_1_50' title='bbox 1711 727 1760 804; x_wconf 83' lang='lat'><em>12,</em></span> <span class='ocrx_word' id='word_1_51' title='bbox 1778 722 1849 808; x_wconf 80' lang='lat'><em>43),</em></span> <span class='ocrx_word' id='word_1_52' title='bbox 1879 724 1960 804; x_wconf 79' lang='lat' dir='ltr'><em>quod</em></span> <span class='ocrx_word' id='word_1_53' title='bbox 1985 724 2016 788; x_wconf 88' lang='lat' dir='ltr'><em>si</em></span> <span class='ocrx_word' id='word_1_54' title='bbox 2036 724 2125 789; x_wconf 86' lang='lat' dir='ltr'><em>eiecto</em></span> <span class='ocrx_word' id='word_1_55' title='bbox 2144 724 2237 788; x_wconf 81' lang='lat' dir='ltr'><em>suriel</em></span> 
     </span>
     <span class='ocr_line' id='line_1_6' title="bbox 229 808 2236 891; baseline -0.002 -12"><span class='ocrx_word' id='word_1_56' title='bbox 229 815 333 880; x_wconf 89' lang='lat' dir='ltr'><em>lorum</em></span> <span class='ocrx_word' id='word_1_57' title='bbox 363 809 540 874; x_wconf 74' lang='lat' dir='ltr'><em>ministeria</em></span> <span class='ocrx_word' id='word_1_58' title='bbox 570 809 614 873; x_wconf 93' lang='lat' dir='ltr'><em>ad</em></span> <span class='ocrx_word' id='word_1_59' title='bbox 639 828 695 873; x_wconf 90' lang='lat' dir='ltr'><em>nos</em></span> <span class='ocrx_word' id='word_1_60' title='bbox 721 811 913 891; x_wconf 84' lang='lat' dir='ltr'><em>perueniant.</em></span> <span class='ocrx_word' id='word_1_61' title='bbox 962 808 1074 890; x_wconf 72' lang='lat' dir='ltr'><em>Itaque</em></span> <span class='ocrx_word' id='word_1_62' title='bbox 1100 828 1209 873; x_wconf 77' lang='lat' dir='ltr'><em>surus</em></span> <span class='ocrx_word' id='word_1_63' title='bbox 1259 809 1419 875; x_wconf 88' lang='lat' dir='ltr'><em>daemonio</em></span> <span class='ocrx_word' id='word_1_64' title='bbox 1438 809 1538 875; x_wconf 88' lang='lat' dir='ltr'><em>locum</em></span> <span class='ocrx_word' id='word_1_65' title='bbox 1559 811 1673 874; x_wconf 84' lang='lat' dir='ltr'><em>iterum</em></span> <span class='ocrx_word' id='word_1_66' title='bbox 1689 809 1873 891; x_wconf 73' lang='lat' dir='ltr'><em>patefacias,</em></span> <span class='ocrx_word' id='word_1_67' title='bbox 1896 814 2010 891; x_wconf 80' lang='lat' dir='ltr'><em>septem</em></span> <span class='ocrx_word' id='word_1_68' title='bbox 2030 810 2165 890; x_wconf 62' lang='lat' dir='ltr'><em>uirum</em></span> <span class='ocrx_word' id='word_1_69' title='bbox 2185 831 2236 875; x_wconf 81' lang='lat' dir='ltr'><em>ue·</em></span> 
     </span>
     <span class='ocr_line' id='line_1_7' title="bbox 230 893 2235 980; baseline -0.001 -17"><span class='ocrx_word' id='word_1_70' title='bbox 230 895 380 964; x_wconf 84' lang='lat' dir='ltr'><em>Abrabae</em></span> <span class='ocrx_word' id='word_1_71' title='bbox 404 894 503 978; x_wconf 79' lang='lat' dir='ltr'><em>(Gen.</em></span> <span class='ocrx_word' id='word_1_72' title='bbox 523 897 574 973; x_wconf 81' lang='lat'><em>24,</em></span> <span class='ocrx_word' id='word_1_73' title='bbox 595 893 646 980; x_wconf 83' lang='lat'><em>7),</em></span> <span class='ocrx_word' id='word_1_74' title='bbox 674 894 776 978; x_wconf 71' lang='lat' dir='ltr'><em>ermeli</em></span> <span class='ocrx_word' id='word_1_75' title='bbox 798 895 952 960; x_wconf 75' lang='lat' dir='ltr'><em>mastidiae</em></span> <span class='ocrx_word' id='word_1_76' title='bbox 973 894 1206 972; x_wconf 83' lang='lat' dir='ltr'><em>mmucendatns,</em></span> <span class='ocrx_word' id='word_1_77' title='bbox 1260 897 1383 978; x_wconf 76' lang='lat' dir='ltr'><em>quiores</em></span> <span class='ocrx_word' id='word_1_78' title='bbox 1398 897 1652 973; x_wconf 73' lang='lat' dir='ltr'><em>seminassent,</em></span> <span class='ocrx_word' id='word_1_79' title='bbox 1668 896 1795 960; x_wconf 88' lang='lat' dir='ltr'><em>acredit</em></span> <span class='ocrx_word' id='word_1_80' title='bbox 1812 896 1847 959; x_wconf 89' lang='lat' dir='ltr'><em>in</em></span> <span class='ocrx_word' id='word_1_81' title='bbox 1855 896 2081 977; x_wconf 69' lang='lat' dir='ltr'><em>possessionen</em></span> <span class='ocrx_word' id='word_1_82' title='bbox 2094 916 2235 960; x_wconf 86' lang='lat' dir='ltr'><em>uacuam</em></span> 
     </span>
     <span class='ocr_line' id='line_1_8' title="bbox 230 980 2233 1067; baseline -0.002 -17"><span class='ocrx_word' id='word_1_83' title='bbox 230 1004 292 1050; x_wconf 91' lang='lat' dir='ltr'><em>uon</em></span> <span class='ocrx_word' id='word_1_84' title='bbox 316 986 482 1065; x_wconf 88' lang='lat' dir='ltr'><em>propterea</em></span> <span class='ocrx_word' id='word_1_85' title='bbox 513 981 618 1062; x_wconf 89' lang='lat' dir='ltr'><em>ipsum</em></span> <span class='ocrx_word' id='word_1_86' title='bbox 647 982 780 1060; x_wconf 84' lang='lat' dir='ltr'><em>inuocat,</em></span> <span class='ocrx_word' id='word_1_87' title='bbox 813 986 849 1045; x_wconf 90' lang='lat' dir='ltr'><em>ut</em></span> <span class='ocrx_word' id='word_1_88' title='bbox 879 980 940 1045; x_wconf 87' lang='lat' dir='ltr'><em>sibi</em></span> <span class='ocrx_word' id='word_1_89' title='bbox 969 981 1068 1059; x_wconf 72' lang='lat' dir='ltr'><em>adsit,</em></span> <span class='ocrx_word' id='word_1_90' title='bbox 1096 980 1151 1045; x_wconf 89' lang='lat' dir='ltr'><em>scd</em></span> <span class='ocrx_word' id='word_1_91' title='bbox 1172 1000 1209 1044; x_wconf 88' lang='lat' dir='ltr'><em>ca</em></span> <span class='ocrx_word' id='word_1_92' title='bbox 1260 981 1331 1046; x_wconf 86' lang='lat' dir='ltr'><em>Ima</em></span> <span class='ocrx_word' id='word_1_93' title='bbox 1352 983 1430 1065; x_wconf 79' lang='lat' dir='ltr'><em>lepio</em></span> <span class='ocrx_word' id='word_1_94' title='bbox 1451 987 1513 1047; x_wconf 89' lang='lat' dir='ltr'><em>tota</em></span> <span class='ocrx_word' id='word_1_95' title='bbox 1535 982 1651 1047; x_wconf 85' lang='lat' dir='ltr'><em>dicitur</em></span> <span class='ocrx_word' id='word_1_96' title='bbox 1670 980 1822 1046; x_wconf 88' lang='lat' dir='ltr'><em>bominem</em></span> <span class='ocrx_word' id='word_1_97' title='bbox 1842 1001 1941 1044; x_wconf 86' lang='lat' dir='ltr'><em>mium</em></span> <span class='ocrx_word' id='word_1_98' title='bbox 1961 980 2113 1046; x_wconf 81' lang='lat' dir='ltr'><em>obsedisse</em></span> <span class='ocrx_word' id='word_1_99' title='bbox 2136 980 2233 1067; x_wconf 83' lang='lat' dir='ltr'><em>(Luc.</em></span> 
     </span>
     <span class='ocr_line' id='line_1_9' title="bbox 231 1066 2236 1153; baseline -0.002 -17"><span class='ocrx_word' id='word_1_100' title='bbox 231 1067 488 1136; x_wconf 87' lang='lat' dir='ltr'><em>commendatione</em></span> <span class='ocrx_word' id='word_1_101' title='bbox 506 1067 605 1148; x_wconf 77' lang='lat' dir='ltr'><em>fretus</em></span> <span class='ocrx_word' id='word_1_102' title='bbox 620 1086 728 1148; x_wconf 87' lang='lat' dir='ltr'><em>preces</em></span> <span class='ocrx_word' id='word_1_103' title='bbox 747 1066 853 1147; x_wconf 77' lang='lat' dir='ltr'><em>frendit</em></span> <span class='ocrx_word' id='word_1_104' title='bbox 872 1087 975 1131; x_wconf 88' lang='lat' dir='ltr'><em>coram</em></span> <span class='ocrx_word' id='word_1_105' title='bbox 991 1066 1136 1145; x_wconf 89' lang='lat' dir='ltr'><em>Domina,</em></span> <span class='ocrx_word' id='word_1_106' title='bbox 1153 1086 1209 1148; x_wconf 86' lang='lat' dir='ltr'><em>pc·</em></span> <span class='ocrx_word' id='word_1_107' title='bbox 1260 1071 1289 1146; x_wconf 83' lang='lat'><em>8,</em></span> <span class='ocrx_word' id='word_1_108' title='bbox 1310 1066 1374 1153; x_wconf 87' lang='lat'>30).</span> <span class='ocrx_word' id='word_1_109' title='bbox 1420 1067 1485 1132; x_wconf 85' lang='lat' dir='ltr'><em>His</em></span> <span class='ocrx_word' id='word_1_110' title='bbox 1506 1087 1576 1150; x_wconf 78' lang='lat' dir='ltr'><em>erpo</em></span> <span class='ocrx_word' id='word_1_111' title='bbox 1596 1067 1747 1146; x_wconf 88' lang='lat' dir='ltr'><em>docemur,</em></span> <span class='ocrx_word' id='word_1_112' title='bbox 1769 1086 1839 1131; x_wconf 91' lang='lat' dir='ltr'><em>cuni</em></span> <span class='ocrx_word' id='word_1_113' title='bbox 1859 1066 1984 1148; x_wconf 69' lang='lat' dir='ltr'><em>infinita</em></span> <span class='ocrx_word' id='word_1_114' title='bbox 2004 1066 2139 1132; x_wconf 82' lang='lat' dir='ltr'><em>bostium</em></span> <span class='ocrx_word' id='word_1_115' title='bbox 2155 1068 2236 1131; x_wconf 90' lang='lat' dir='ltr'><em>mut-</em></span> 
     </span>
     <span class='ocr_line' id='line_1_10' title="bbox 230 1151 2236 1237; baseline -0.001 -16"><span class='ocrx_word' id='word_1_116' title='bbox 230 1156 327 1237; x_wconf 75' lang='lat' dir='ltr'><em>itum</em></span> <span class='ocrx_word' id='word_1_117' title='bbox 342 1158 378 1217; x_wconf 92' lang='lat' dir='ltr'><em>ut</em></span> <span class='ocrx_word' id='word_1_118' title='bbox 396 1151 640 1216; x_wconf 89' lang='lat' dir='ltr'><em>misericordiam</em></span> <span class='ocrx_word' id='word_1_119' title='bbox 652 1172 745 1217; x_wconf 89' lang='lat' dir='ltr'><em>suam</em></span> <span class='ocrx_word' id='word_1_120' title='bbox 761 1152 1063 1237; x_wconf 75' lang='lat' dir='ltr'><em>erpaAbraleamum</em></span> <span class='ocrx_word' id='word_1_121' title='bbox 1077 1156 1208 1216; x_wconf 76' lang='lat' dir='ltr'><em>exserat.</em></span> <span class='ocrx_word' id='word_1_122' title='bbox 1259 1153 1390 1218; x_wconf 73' lang='lat' dir='ltr'><em>titudine</em></span> <span class='ocrx_word' id='word_1_123' title='bbox 1417 1153 1592 1218; x_wconf 88' lang='lat' dir='ltr'><em>bellandum</em></span> <span class='ocrx_word' id='word_1_124' title='bbox 1613 1152 1702 1218; x_wconf 82' lang='lat' dir='ltr'><em>nobis</em></span> <span class='ocrx_word' id='word_1_125' title='bbox 1728 1173 1808 1217; x_wconf 88' lang='lat' dir='ltr'><em>esse:</em></span> <span class='ocrx_word' id='word_1_126' title='bbox 1835 1173 1873 1216; x_wconf 84' lang='lat' dir='ltr'><em>ne</em></span> <span class='ocrx_word' id='word_1_127' title='bbox 1888 1154 2048 1235; x_wconf 86' lang='lat' dir='ltr'><em>paucitate</em></span> <span class='ocrx_word' id='word_1_128' title='bbox 2067 1159 2236 1236; x_wconf 79' lang='lat' dir='ltr'><em>contempla</em></span> 
     </span>
     <span class='ocr_line' id='line_1_11' title="bbox 236 1237 2236 1324; baseline -0.001 -20"><span class='ocrx_word' id='word_1_129' title='bbox 236 1238 497 1324; x_wconf 73' lang='lat' dir='ltr'><em>Quernadniodum</em></span> <span class='ocrx_word' id='word_1_130' title='bbox 529 1238 611 1302; x_wconf 88' lang='lat' dir='ltr'><em>enim</em></span> <span class='ocrx_word' id='word_1_131' title='bbox 636 1259 699 1304; x_wconf 90' lang='lat' dir='ltr'><em>nau</em></span> <span class='ocrx_word' id='word_1_132' title='bbox 731 1240 798 1304; x_wconf 90' lang='lat' dir='ltr'><em>idea</em></span> <span class='ocrx_word' id='word_1_133' title='bbox 826 1240 980 1320; x_wconf 88' lang='lat' dir='ltr'><em>polentiae</em></span> <span class='ocrx_word' id='word_1_134' title='bbox 1007 1237 1208 1318; x_wconf 80' lang='lat' dir='ltr'><em>bonitatisque</em></span> <span class='ocrx_word' id='word_1_135' title='bbox 1259 1238 1362 1303; x_wconf 69' lang='lat' dir='ltr'><em>unicis</em></span> <span class='ocrx_word' id='word_1_136' title='bbox 1382 1239 1426 1304; x_wconf 90' lang='lat' dir='ltr'><em>ad</em></span> <span class='ocrx_word' id='word_1_137' title='bbox 1440 1239 1597 1321; x_wconf 88' lang='lat' dir='ltr'><em>proelium</em></span> <span class='ocrx_word' id='word_1_138' title='bbox 1614 1238 1818 1317; x_wconf 88' lang='lat' dir='ltr'><em>remissiores,</em></span> <span class='ocrx_word' id='word_1_139' title='bbox 1840 1238 1885 1302; x_wconf 90' lang='lat' dir='ltr'><em>nel</em></span> <span class='ocrx_word' id='word_1_140' title='bbox 1904 1239 2160 1303; x_wconf 73' lang='lat' dir='ltr'><em>intermissionem</em></span> <span class='ocrx_word' id='word_1_141' title='bbox 2177 1240 2236 1303; x_wconf 87' lang='lat' dir='ltr'><em>ali-</em></span> 
     </span>
     <span class='ocr_line' id='line_1_12' title="bbox 232 1322 2236 1408; baseline -0.002 -15"><span class='ocrx_word' id='word_1_142' title='bbox 232 1348 310 1393; x_wconf 88' lang='lat' dir='ltr'><em>snae</em></span> <span class='ocrx_word' id='word_1_143' title='bbox 329 1325 490 1389; x_wconf 85' lang='lat' dir='ltr'><em>ministris</em></span> <span class='ocrx_word' id='word_1_144' title='bbox 508 1323 586 1404; x_wconf 78' lang='lat' dir='ltr'><em>facit</em></span> <span class='ocrx_word' id='word_1_145' title='bbox 606 1344 656 1388; x_wconf 91' lang='lat' dir='ltr'><em>eas</em></span> <span class='ocrx_word' id='word_1_146' title='bbox 676 1324 780 1403; x_wconf 87' lang='lat' dir='ltr'><em>Deus,</em></span> <span class='ocrx_word' id='word_1_147' title='bbox 805 1330 840 1387; x_wconf 89' lang='lat' dir='ltr'><em>ut</em></span> <span class='ocrx_word' id='word_1_148' title='bbox 861 1345 953 1390; x_wconf 88' lang='lat' dir='ltr'><em>suam</em></span> <span class='ocrx_word' id='word_1_149' title='bbox 973 1344 1046 1401; x_wconf 77' lang='lat' dir='ltr'><em>cuni</em></span> <span class='ocrx_word' id='word_1_150' title='bbox 1062 1323 1129 1389; x_wconf 85' lang='lat' dir='ltr'><em>dlis</em></span> <span class='ocrx_word' id='word_1_151' title='bbox 1145 1322 1208 1406; x_wconf 77' lang='lat' dir='ltr'><em>pla-</em></span> <span class='ocrx_word' id='word_1_152' title='bbox 1257 1344 1353 1406; x_wconf 76' lang='lat' dir='ltr'><em>quam</em></span> <span class='ocrx_word' id='word_1_153' title='bbox 1374 1325 1450 1390; x_wconf 88' lang='lat' dir='ltr'><em>dari</em></span> <span class='ocrx_word' id='word_1_154' title='bbox 1470 1324 1558 1390; x_wconf 89' lang='lat' dir='ltr'><em>uobis</em></span> <span class='ocrx_word' id='word_1_155' title='bbox 1578 1324 1734 1389; x_wconf 85' lang='lat' dir='ltr'><em>interdum</em></span> <span class='ocrx_word' id='word_1_156' title='bbox 1749 1329 1896 1407; x_wconf 84' lang='lat' dir='ltr'><em>putantes</em></span> <span class='ocrx_word' id='word_1_157' title='bbox 1917 1325 2057 1388; x_wconf 85' lang='lat' dir='ltr'><em>desidiae</em></span> <span class='ocrx_word' id='word_1_158' title='bbox 2077 1325 2236 1408; x_wconf 79' lang='lat' dir='ltr'><em>indulpui-</em></span> 
     </span>
     <span class='ocr_line' id='line_1_13' title="bbox 232 1409 2236 1495; baseline -0.001 -17"><span class='ocrx_word' id='word_1_159' title='bbox 232 1414 317 1478; x_wconf 90' lang='lat' dir='ltr'><em>riam</em></span> <span class='ocrx_word' id='word_1_160' title='bbox 337 1410 513 1495; x_wconf 80' lang='lat' dir='ltr'><em>partiatur,</em></span> <span class='ocrx_word' id='word_1_161' title='bbox 541 1410 588 1473; x_wconf 86' lang='lat' dir='ltr'><em>ila</em></span> <span class='ocrx_word' id='word_1_162' title='bbox 614 1430 675 1474; x_wconf 91' lang='lat' dir='ltr'><em>nan</em></span> <span class='ocrx_word' id='word_1_163' title='bbox 702 1431 788 1492; x_wconf 87' lang='lat' dir='ltr'><em>opem</em></span> <span class='ocrx_word' id='word_1_164' title='bbox 808 1431 901 1475; x_wconf 76' lang='lat' dir='ltr'><em>mam</em></span> <span class='ocrx_word' id='word_1_165' title='bbox 921 1410 990 1475; x_wconf 88' lang='lat' dir='ltr'><em>ideo</em></span> <span class='ocrx_word' id='word_1_166' title='bbox 1010 1410 1046 1474; x_wconf 89' lang='lat' dir='ltr'><em>in</em></span> <span class='ocrx_word' id='word_1_167' title='bbox 1066 1410 1207 1490; x_wconf 86' lang='lat' dir='ltr'><em>ipsorum</em></span> <span class='ocrx_word' id='word_1_168' title='bbox 1257 1430 1337 1474; x_wconf 93' lang='lat' dir='ltr'><em>mus.</em></span> <span class='ocrx_word' id='word_1_169' title='bbox 1391 1410 1479 1491; x_wconf 75' lang='lat' dir='ltr'><em>Quod</em></span> <span class='ocrx_word' id='word_1_170' title='bbox 1505 1415 1608 1475; x_wconf 86' lang='lat' dir='ltr'><em>autem</em></span> <span class='ocrx_word' id='word_1_171' title='bbox 1635 1409 1793 1493; x_wconf 71' lang='lat' dir='ltr'><em>scripulari</em></span> <span class='ocrx_word' id='word_1_172' title='bbox 1817 1430 1945 1474; x_wconf 86' lang='lat' dir='ltr'><em>numero</em></span> <span class='ocrx_word' id='word_1_173' title='bbox 1970 1430 2062 1492; x_wconf 89' lang='lat' dir='ltr'><em>saepe</em></span> <span class='ocrx_word' id='word_1_174' title='bbox 2082 1431 2166 1475; x_wconf 93' lang='lat' dir='ltr'><em>uuus</em></span> <span class='ocrx_word' id='word_1_175' title='bbox 2185 1431 2236 1476; x_wconf 88' lang='lat' dir='ltr'><em>sa-</em></span> 
     </span>
     <span class='ocr_line' id='line_1_14' title="bbox 232 1493 2236 1594; baseline -0.001 -31"><span class='ocrx_word' id='word_1_176' title='bbox 232 1496 404 1564; x_wconf 80' lang='lat' dir='ltr'><em>ministeria</em></span> <span class='ocrx_word' id='word_1_177' title='bbox 430 1493 517 1558; x_wconf 86' lang='lat' dir='ltr'><em>nabis</em></span> <span class='ocrx_word' id='word_1_178' title='bbox 536 1496 706 1576; x_wconf 80' lang='lat' dir='ltr'><em>prorndtit,</em></span> <span class='ocrx_word' id='word_1_179' title='bbox 740 1501 776 1560; x_wconf 90' lang='lat' dir='ltr'><em>ut</em></span> <span class='ocrx_word' id='word_1_180' title='bbox 799 1501 938 1561; x_wconf 87' lang='lat' dir='ltr'><em>nostram</em></span> <span class='ocrx_word' id='word_1_181' title='bbox 963 1497 1044 1566; x_wconf 86' lang='lat' dir='ltr'><em>inter</em></span> <span class='ocrx_word' id='word_1_182' title='bbox 1069 1497 1154 1577; x_wconf 90' lang='lat' dir='ltr'><em>ipsas</em></span> <span class='ocrx_word' id='word_1_183' title='bbox 1180 1500 1208 1558; x_wconf 89' lang='lat' dir='ltr'><em>et</em></span> <span class='ocrx_word' id='word_1_184' title='bbox 1257 1500 1312 1560; x_wconf 91' lang='lat' dir='ltr'><em>tau</em></span> <span class='ocrx_word' id='word_1_185' title='bbox 1333 1493 1400 1594; x_wconf 65' lang='grc' dir='ltr'><em>ον’)</em></span> <span class='ocrx_word' id='word_1_186' title='bbox 1427 1495 1570 1561; x_wconf 89' lang='lat' dir='ltr'><em>diabolus</em></span> <span class='ocrx_word' id='word_1_187' title='bbox 1590 1496 1790 1577; x_wconf 74' lang='lat' dir='ltr'><em>proponitur,</em></span> <span class='ocrx_word' id='word_1_188' title='bbox 1816 1496 1851 1559; x_wconf 90' lang='lat' dir='ltr'><em>i&#39;n</em></span> <span class='ocrx_word' id='word_1_189' title='bbox 1872 1516 1905 1559; x_wconf 89' lang='lat' dir='ltr'><em>ec</em></span> <span class='ocrx_word' id='word_1_190' title='bbox 1932 1495 2094 1560; x_wconf 86' lang='lat' dir='ltr'><em>denotatur</em></span> <span class='ocrx_word' id='word_1_191' title='bbox 2114 1497 2236 1580; x_wconf 76' lang='lat' dir='ltr'><em>princi-</em></span> 
     </span>
     <span class='ocr_line' id='line_1_15' title="bbox 232 1580 2234 1665; baseline -0.002 -15"><span class='ocrx_word' id='word_1_192' title='bbox 232 1605 304 1651; x_wconf 88' lang='lat' dir='ltr'><em>eum</em></span> <span class='ocrx_word' id='word_1_193' title='bbox 328 1581 477 1664; x_wconf 76' lang='lat' dir='ltr'><em>fiduciam</em></span> <span class='ocrx_word' id='word_1_194' title='bbox 501 1580 690 1645; x_wconf 84' lang='lat' dir='ltr'><em>dividamus.</em></span> <span class='ocrx_word' id='word_1_195' title='bbox 741 1581 850 1647; x_wconf 84' lang='lat' dir='ltr'><em>Valeat</em></span> <span class='ocrx_word' id='word_1_196' title='bbox 874 1602 944 1665; x_wconf 77' lang='lat' dir='ltr'><em>erpo</em></span> <span class='ocrx_word' id='word_1_197' title='bbox 970 1582 1028 1646; x_wconf 89' lang='lat' dir='ltr'><em>illa</em></span> <span class='ocrx_word' id='word_1_198' title='bbox 1048 1581 1207 1662; x_wconf 85' lang='lat' dir='ltr'><em>platonica</em></span> <span class='ocrx_word' id='word_1_199' title='bbox 1252 1586 1352 1664; x_wconf 89' lang='lat' dir='ltr'><em>patus</em></span> <span class='ocrx_word' id='word_1_200' title='bbox 1377 1581 1431 1646; x_wconf 91' lang='lat' dir='ltr'><em>ille</em></span> <span class='ocrx_word' id='word_1_201' title='bbox 1458 1583 1649 1663; x_wconf 83' lang='lat' dir='ltr'><em>miquitatis,</em></span> <span class='ocrx_word' id='word_1_202' title='bbox 1679 1582 1735 1662; x_wconf 80' lang='lat' dir='ltr'><em>qui</em></span> <span class='ocrx_word' id='word_1_203' title='bbox 1763 1581 1949 1646; x_wconf 84' lang='lat' dir='ltr'><em>adversatur</em></span> <span class='ocrx_word' id='word_1_204' title='bbox 1968 1602 2061 1665; x_wconf 80' lang='lat' dir='ltr'><em>repno</em></span> <span class='ocrx_word' id='word_1_205' title='bbox 2087 1582 2234 1648; x_wconf 81' lang='lat' dir='ltr'><em>iustitiae.</em></span> 
     </span>
     <span class='ocr_line' id='line_1_16' title="bbox 227 1665 2236 1755; baseline 0 -21"><span class='ocrx_word' id='word_1_206' title='bbox 227 1667 435 1755; x_wconf 79' lang='lat' dir='ltr'><em>plidnsopliia,</em></span> <span class='ocrx_word' id='word_1_207' title='bbox 448 1665 473 1752; x_wconf 91' lang='lat'><em>¹)</em></span> <span class='ocrx_word' id='word_1_208' title='bbox 496 1667 533 1730; x_wconf 91' lang='lat' dir='ltr'><em>de</em></span> <span class='ocrx_word' id='word_1_209' title='bbox 554 1667 725 1747; x_wconf 76' lang='lat' dir='ltr'><em>quaerendo</em></span> <span class='ocrx_word' id='word_1_210' title='bbox 741 1688 802 1751; x_wconf 89' lang='lat' dir='ltr'><em>per</em></span> <span class='ocrx_word' id='word_1_211' title='bbox 818 1667 941 1751; x_wconf 76' lang='lat' dir='ltr'><em>anpdos</em></span> <span class='ocrx_word' id='word_1_212' title='bbox 957 1669 1000 1732; x_wconf 91' lang='lat' dir='ltr'><em>ad</em></span> <span class='ocrx_word' id='word_1_213' title='bbox 1016 1666 1123 1732; x_wconf 88' lang='lat' dir='ltr'><em>Deum</em></span> <span class='ocrx_word' id='word_1_214' title='bbox 1139 1667 1207 1730; x_wconf 83' lang='lat' dir='ltr'><em>adi-</em></span> <span class='ocrx_word' id='word_1_215' title='bbox 1262 1667 1526 1748; x_wconf 76' lang='lat' dir='ltr'><em>Quemadmodum</em></span> <span class='ocrx_word' id='word_1_216' title='bbox 1563 1668 1646 1732; x_wconf 87' lang='lat' dir='ltr'><em>enirn</em></span> <span class='ocrx_word' id='word_1_217' title='bbox 1683 1667 1807 1732; x_wconf 83' lang='lat' dir='ltr'><em>ecclesia</em></span> <span class='ocrx_word' id='word_1_218' title='bbox 1839 1671 1867 1731; x_wconf 86' lang='lat' dir='ltr'><em>ct</em></span> <span class='ocrx_word' id='word_1_219' title='bbox 1898 1672 2075 1731; x_wconf 80' lang='lat' dir='ltr'><em>sanderum</em></span> <span class='ocrx_word' id='word_1_220' title='bbox 2106 1669 2236 1734; x_wconf 85' lang='lat' dir='ltr'><em>societas</em></span> 
     </span>
     <span class='ocr_line' id='line_1_17' title="bbox 232 1751 2235 1837; baseline -0.001 -16"><span class='ocrx_word' id='word_1_221' title='bbox 232 1761 276 1835; x_wconf 87' lang='lat' dir='ltr'><em>tu,</em></span> <span class='ocrx_word' id='word_1_222' title='bbox 296 1761 324 1820; x_wconf 89' lang='lat' dir='ltr'><em>et</em></span> <span class='ocrx_word' id='word_1_223' title='bbox 344 1755 426 1836; x_wconf 85' lang='lat' dir='ltr'><em>ipsis</em></span> <span class='ocrx_word' id='word_1_224' title='bbox 446 1753 483 1815; x_wconf 91' lang='lat' dir='ltr'><em>iu</em></span> <span class='ocrx_word' id='word_1_225' title='bbox 504 1752 584 1817; x_wconf 85' lang='lat' dir='ltr'><em>bunc</em></span> <span class='ocrx_word' id='word_1_226' title='bbox 602 1753 696 1834; x_wconf 77' lang='lat' dir='ltr'><em>finem</em></span> <span class='ocrx_word' id='word_1_227' title='bbox 718 1754 858 1832; x_wconf 80' lang='lat' dir='ltr'><em>ulcridis,</em></span> <span class='ocrx_word' id='word_1_228' title='bbox 880 1774 938 1835; x_wconf 78' lang='lat' dir='ltr'><em>quo</em></span> <span class='ocrx_word' id='word_1_229' title='bbox 962 1752 1067 1817; x_wconf 88' lang='lat' dir='ltr'><em>Deum</em></span> <span class='ocrx_word' id='word_1_230' title='bbox 1086 1753 1207 1834; x_wconf 76' lang='lat' dir='ltr'><em>facilia</em></span> <span class='ocrx_word' id='word_1_231' title='bbox 1260 1751 1420 1818; x_wconf 76' lang='lat' dir='ltr'><em>Christum</em></span> <span class='ocrx_word' id='word_1_232' title='bbox 1452 1752 1540 1818; x_wconf 82' lang='lat' dir='ltr'><em>babet</em></span> <span class='ocrx_word' id='word_1_233' title='bbox 1566 1757 1671 1835; x_wconf 88' lang='lat' dir='ltr'><em>caput,</em></span> <span class='ocrx_word' id='word_1_234' title='bbox 1704 1754 1750 1817; x_wconf 90' lang='lat' dir='ltr'><em>ita</em></span> <span class='ocrx_word' id='word_1_235' title='bbox 1778 1752 1949 1836; x_wconf 84' lang='lat' dir='ltr'><em>impiarum</em></span> <span class='ocrx_word' id='word_1_236' title='bbox 1976 1753 2084 1834; x_wconf 79' lang='lat' dir='ltr'><em>factio,</em></span> <span class='ocrx_word' id='word_1_237' title='bbox 2114 1755 2235 1837; x_wconf 88' lang='lat' dir='ltr'><em>etipsa</em></span> 
     </span>
     <span class='ocr_line' id='line_1_18' title="bbox 231 1837 2234 1922; baseline -0.001 -15"><span class='ocrx_word' id='word_1_238' title='bbox 231 1863 298 1907; x_wconf 89' lang='lat' dir='ltr'><em>reni</em></span> <span class='ocrx_word' id='word_1_239' title='bbox 318 1840 406 1905; x_wconf 86' lang='lat' dir='ltr'><em>nabis</em></span> <span class='ocrx_word' id='word_1_240' title='bbox 430 1838 577 1902; x_wconf 77' lang='lat' dir='ltr'><em>reddant:</em></span> <span class='ocrx_word' id='word_1_241' title='bbox 608 1859 703 1920; x_wconf 81' lang='lat' dir='ltr'><em>quam</em></span> <span class='ocrx_word' id='word_1_242' title='bbox 728 1840 936 1922; x_wconf 85' lang='lat' dir='ltr'><em>superstitiosi</em></span> <span class='ocrx_word' id='word_1_243' title='bbox 962 1839 1136 1920; x_wconf 71' lang='lat' dir='ltr'><em>nemesiano</em></span> <span class='ocrx_word' id='word_1_244' title='bbox 1156 1837 1207 1902; x_wconf 82' lang='lat' dir='ltr'><em>be</em></span> <span class='ocrx_word' id='word_1_245' title='bbox 1258 1839 1403 1921; x_wconf 84' lang='lat' dir='ltr'><em>imputas</em></span> <span class='ocrx_word' id='word_1_246' title='bbox 1424 1858 1494 1903; x_wconf 87' lang='lat' dir='ltr'><em>cum</em></span> <span class='ocrx_word' id='word_1_247' title='bbox 1514 1858 1572 1903; x_wconf 87' lang='lat' dir='ltr'><em>sua</em></span> <span class='ocrx_word' id='word_1_248' title='bbox 1587 1839 1733 1921; x_wconf 78' lang='lat' dir='ltr'><em>prinupe</em></span> <span class='ocrx_word' id='word_1_249' title='bbox 1753 1838 1842 1903; x_wconf 85' lang='lat' dir='ltr'><em>uobis</em></span> <span class='ocrx_word' id='word_1_250' title='bbox 1862 1838 2054 1922; x_wconf 77' lang='lat' dir='ltr'><em>depinpitur‚</em></span> <span class='ocrx_word' id='word_1_251' title='bbox 2077 1840 2132 1919; x_wconf 77' lang='lat' dir='ltr'><em>aui</em></span> <span class='ocrx_word' id='word_1_252' title='bbox 2148 1860 2234 1904; x_wconf 80' lang='lat' dir='ltr'><em>suui-</em></span> 
     </span>
     <span class='ocr_line' id='line_1_19' title="bbox 231 1923 2234 2007; baseline -0 -15"><span class='ocrx_word' id='word_1_253' title='bbox 231 1929 331 1992; x_wconf 91' lang='lat' dir='ltr'><em>iuines</em></span> <span class='ocrx_word' id='word_1_254' title='bbox 352 1925 453 1990; x_wconf 77' lang='lat' dir='ltr'><em>unali</em></span> <span class='ocrx_word' id='word_1_255' title='bbox 474 1929 547 1987; x_wconf 89' lang='lat' dir='ltr'><em>sunt</em></span> <span class='ocrx_word' id='word_1_256' title='bbox 571 1924 607 1987; x_wconf 91' lang='lat' dir='ltr'><em>in</em></span> <span class='ocrx_word' id='word_1_257' title='bbox 632 1923 808 2007; x_wconf 78' lang='lat' dir='ltr'><em>relipiarum</em></span> <span class='ocrx_word' id='word_1_258' title='bbox 829 1930 967 1990; x_wconf 84' lang='lat' dir='ltr'><em>nostram</em></span> <span class='ocrx_word' id='word_1_259' title='bbox 987 1925 1026 1989; x_wconf 85' lang='lat' dir='ltr'><em>ab</em></span> <span class='ocrx_word' id='word_1_260' title='bbox 1047 1927 1138 1989; x_wconf 81' lang='lat' dir='ltr'><em>mitio</em></span> <span class='ocrx_word' id='word_1_261' title='bbox 1158 1925 1206 1988; x_wconf 80' lang='lat' dir='ltr'><em>in</em></span> <span class='ocrx_word' id='word_1_262' title='bbox 1257 1945 1344 1988; x_wconf 89' lang='lat' dir='ltr'><em>inum</em></span> <span class='ocrx_word' id='word_1_263' title='bbox 1365 1925 1532 2007; x_wconf 86' lang='lat' dir='ltr'><em>imperium</em></span> <span class='ocrx_word' id='word_1_264' title='bbox 1552 1925 1619 1989; x_wconf 91' lang='lat' dir='ltr'><em>illic</em></span> <span class='ocrx_word' id='word_1_265' title='bbox 1637 1924 1774 1989; x_wconf 69' lang='lat' dir='ltr'><em>emineat.</em></span> <span class='ocrx_word' id='word_1_266' title='bbox 1821 1924 1892 2004; x_wconf 76' lang='lat' dir='ltr'><em>Qua</em></span> <span class='ocrx_word' id='word_1_267' title='bbox 1912 1925 2033 1989; x_wconf 86' lang='lat' dir='ltr'><em>ratione</em></span> <span class='ocrx_word' id='word_1_268' title='bbox 2052 1925 2168 1990; x_wconf 73' lang='lat' dir='ltr'><em>dimne</em></span> <span class='ocrx_word' id='word_1_269' title='bbox 2189 1931 2234 1991; x_wconf 86' lang='lat' dir='ltr'><em>est</em></span> 
     </span>
     <span class='ocr_line' id='line_1_20' title="bbox 231 2008 2231 2097; baseline -0.001 -19"><span class='ocrx_word' id='word_1_270' title='bbox 231 2013 344 2090; x_wconf 75' lang='lat' dir='ltr'><em>nenne,</em></span> <span class='ocrx_word' id='word_1_271' title='bbox 366 2015 394 2075; x_wconf 85' lang='lat' dir='ltr'><em>ct</em></span> <span class='ocrx_word' id='word_1_272' title='bbox 414 2010 457 2074; x_wconf 90' lang='lat' dir='ltr'><em>ad</em></span> <span class='ocrx_word' id='word_1_273' title='bbox 477 2008 558 2073; x_wconf 88' lang='lat' dir='ltr'><em>bunc</em></span> <span class='ocrx_word' id='word_1_274' title='bbox 576 2030 674 2090; x_wconf 81' lang='lat' dir='ltr'><em>usque</em></span> <span class='ocrx_word' id='word_1_275' title='bbox 694 2011 776 2075; x_wconf 91' lang='lat' dir='ltr'><em>diem</em></span> <span class='ocrx_word' id='word_1_276' title='bbox 790 2017 1037 2093; x_wconf 82' lang='lat' dir='ltr'><em>perseverarunt.</em></span> <span class='ocrx_word' id='word_1_277' title='bbox 1047 2010 1076 2097; x_wconf 81' lang='lat'><em>²)</em></span> <span class='ocrx_word' id='word_1_278' title='bbox 1257 2011 1337 2075; x_wconf 88' lang='lat' dir='ltr'><em>illud</em></span> <span class='ocrx_word' id='word_1_279' title='bbox 1358 2010 1493 2095; x_wconf 83' lang='lat' dir='ltr'><em>(Matih.</em></span> <span class='ocrx_word' id='word_1_280' title='bbox 1517 2015 1568 2089; x_wconf 81' lang='lat'><em>25,</em></span> <span class='ocrx_word' id='word_1_281' title='bbox 1587 2008 1663 2095; x_wconf 82' lang='lat'>41).·</span> <span class='ocrx_word' id='word_1_282' title='bbox 1692 2010 1733 2075; x_wconf 91' lang='lat' dir='ltr'><em>ite</em></span> <span class='ocrx_word' id='word_1_283' title='bbox 1758 2009 1914 2075; x_wconf 74' lang='lat' dir='ltr'><em>mutui·</em></span> <span class='ocrx_word' id='word_1_284' title='bbox 1941 2011 1976 2073; x_wconf 91' lang='lat' dir='ltr'><em>in</em></span> <span class='ocrx_word' id='word_1_285' title='bbox 2008 2010 2110 2094; x_wconf 71' lang='grc' dir='ltr'><em>ν’φοοννο</em></span> <span class='ocrx_word' id='word_1_286' title='bbox 2136 2016 2231 2076; x_wconf 76' lang='lat' dir='ltr'><em>ader-</em></span> 
     </span>
    </p>

    <p class='ocr_par' dir='ltr' id='par_1_3' title="bbox 220 2094 2232 4752">
     <span class='ocr_line' id='line_1_21' title="bbox 319 2094 2127 2179; baseline 0.001 -19"><span class='ocrx_word' id='word_1_287' title='bbox 319 2101 370 2160; x_wconf 83' lang='lat'><em>39.</em></span> <span class='ocrx_word' id='word_1_288' title='bbox 418 2096 503 2177; x_wconf 77' lang='lat' dir='ltr'><em>Quae</em></span> <span class='ocrx_word' id='word_1_289' title='bbox 533 2095 571 2158; x_wconf 91' lang='lat' dir='ltr'><em>de</em></span> <span class='ocrx_word' id='word_1_290' title='bbox 594 2095 726 2160; x_wconf 80' lang='lat' dir='ltr'><em>diabolis</em></span> <span class='ocrx_word' id='word_1_291' title='bbox 756 2098 914 2179; x_wconf 84' lang='lat' dir='ltr'><em>scriptura</em></span> <span class='ocrx_word' id='word_1_292' title='bbox 940 2098 1050 2175; x_wconf 86' lang='lat' dir='ltr'><em>tradit,</em></span> <span class='ocrx_word' id='word_1_293' title='bbox 1083 2117 1116 2162; x_wconf 90' lang='lat' dir='ltr'><em>co</em></span> <span class='ocrx_word' id='word_1_294' title='bbox 1141 2098 1207 2179; x_wconf 79' lang='lat' dir='ltr'><em>fere</em></span> <span class='ocrx_word' id='word_1_295' title='bbox 1257 2117 1333 2161; x_wconf 90' lang='lat' dir='ltr'><em>num</em></span> <span class='ocrx_word' id='word_1_296' title='bbox 1353 2097 1409 2177; x_wconf 83' lang='lat' dir='ltr'><em>qui</em></span> <span class='ocrx_word' id='word_1_297' title='bbox 1424 2101 1638 2179; x_wconf 90' lang='lat' dir='ltr'><em>praeparatus</em></span> <span class='ocrx_word' id='word_1_298' title='bbox 1659 2101 1704 2160; x_wconf 88' lang='lat' dir='ltr'><em>est</em></span> <span class='ocrx_word' id='word_1_299' title='bbox 1723 2094 1845 2160; x_wconf 85' lang='lat' dir='ltr'><em>diabolo</em></span> <span class='ocrx_word' id='word_1_300' title='bbox 1863 2100 1892 2160; x_wconf 88' lang='lat' dir='ltr'><em>ct</em></span> <span class='ocrx_word' id='word_1_301' title='bbox 1912 2095 2030 2177; x_wconf 81' lang='lat' dir='ltr'><em>ampotis</em></span> <span class='ocrx_word' id='word_1_302' title='bbox 2050 2097 2127 2162; x_wconf 85' lang='lat' dir='ltr'><em>cius.</em></span> 
     </span>
     <span class='ocr_line' id='line_1_22' title="bbox 231 2180 2231 2267; baseline -0.001 -17"><span class='ocrx_word' id='word_1_303' title='bbox 231 2184 359 2250; x_wconf 89' lang='lat' dir='ltr'><em>tendunt</em></span> <span class='ocrx_word' id='word_1_304' title='bbox 368 2182 480 2259; x_wconf 91' lang='lat' dir='ltr'><em>omnia,</em></span> <span class='ocrx_word' id='word_1_305' title='bbox 498 2185 533 2243; x_wconf 90' lang='lat' dir='ltr'><em>ul</em></span> <span class='ocrx_word' id='word_1_306' title='bbox 549 2181 671 2245; x_wconf 89' lang='lat' dir='ltr'><em>solliciti</em></span> <span class='ocrx_word' id='word_1_307' title='bbox 688 2183 842 2247; x_wconf 89' lang='lat' dir='ltr'><em>simusad</em></span> <span class='ocrx_word' id='word_1_308' title='bbox 851 2183 1084 2265; x_wconf 81' lang='lat' dir='ltr'><em>praeconandas</em></span> <span class='ocrx_word' id='word_1_309' title='bbox 1101 2203 1206 2247; x_wconf 89' lang='lat' dir='ltr'><em>eorum</em></span> <span class='ocrx_word' id='word_1_310' title='bbox 1343 2186 1394 2245; x_wconf 78' lang='lat'><em>41.</em></span> <span class='ocrx_word' id='word_1_311' title='bbox 1439 2180 1508 2246; x_wconf 87' lang='lat' dir='ltr'><em>Hac</em></span> <span class='ocrx_word' id='word_1_312' title='bbox 1528 2203 1646 2267; x_wconf 77' lang='lat' dir='ltr'><em>quaque</em></span> <span class='ocrx_word' id='word_1_313' title='bbox 1671 2181 1714 2246; x_wconf 92' lang='lat' dir='ltr'><em>ad</em></span> <span class='ocrx_word' id='word_1_314' title='bbox 1733 2186 1919 2263; x_wconf 88' lang='lat' dir='ltr'><em>perpetuum</em></span> <span class='ocrx_word' id='word_1_315' title='bbox 1939 2201 2008 2246; x_wconf 87' lang='lat' dir='ltr'><em>curn</em></span> <span class='ocrx_word' id='word_1_316' title='bbox 2029 2182 2148 2248; x_wconf 90' lang='lat' dir='ltr'><em>diabalo</em></span> <span class='ocrx_word' id='word_1_317' title='bbox 2170 2203 2231 2249; x_wconf 86' lang='lat' dir='ltr'><em>cer·</em></span> 
     </span>
     <span class='ocr_line' id='line_1_23' title="bbox 231 2266 2232 2349; baseline -0 -13"><span class='ocrx_word' id='word_1_318' title='bbox 231 2270 370 2336; x_wconf 89' lang='lat' dir='ltr'><em>insidias</em></span> <span class='ocrx_word' id='word_1_319' title='bbox 390 2272 418 2332; x_wconf 88' lang='lat' dir='ltr'><em>et</em></span> <span class='ocrx_word' id='word_1_320' title='bbox 437 2267 607 2332; x_wconf 87' lang='lat' dir='ltr'><em>molitiones</em></span> <span class='ocrx_word' id='word_1_321' title='bbox 614 2291 625 2345; x_wconf 90' lang='lat'><em>;</em></span> <span class='ocrx_word' id='word_1_322' title='bbox 646 2272 712 2331; x_wconf 90' lang='lat' dir='ltr'><em>tum</em></span> <span class='ocrx_word' id='word_1_323' title='bbox 733 2270 777 2333; x_wconf 90' lang='lat' dir='ltr'><em>iis</em></span> <span class='ocrx_word' id='word_1_324' title='bbox 798 2270 898 2333; x_wconf 78' lang='lat' dir='ltr'><em>annis</em></span> <span class='ocrx_word' id='word_1_325' title='bbox 918 2289 975 2334; x_wconf 90' lang='lat' dir='ltr'><em>uos</em></span> <span class='ocrx_word' id='word_1_326' title='bbox 1000 2270 1204 2347; x_wconf 83' lang='lat' dir='ltr'><em>instruamus,</em></span> <span class='ocrx_word' id='word_1_327' title='bbox 1257 2272 1358 2331; x_wconf 88' lang='lat' dir='ltr'><em>tamen</em></span> <span class='ocrx_word' id='word_1_328' title='bbox 1386 2268 1545 2333; x_wconf 87' lang='lat' dir='ltr'><em>accendere</em></span> <span class='ocrx_word' id='word_1_329' title='bbox 1570 2289 1627 2332; x_wconf 89' lang='lat' dir='ltr'><em>uas</em></span> <span class='ocrx_word' id='word_1_330' title='bbox 1651 2266 1747 2346; x_wconf 88' lang='lat' dir='ltr'><em>debet,</em></span> <span class='ocrx_word' id='word_1_331' title='bbox 1780 2268 1862 2349; x_wconf 74' lang='lat' dir='ltr'><em>arcad</em></span> <span class='ocrx_word' id='word_1_332' title='bbox 1887 2268 2092 2333; x_wconf 83' lang='lat' dir='ltr'><em>adversarius</em></span> <span class='ocrx_word' id='word_1_333' title='bbox 2112 2268 2177 2334; x_wconf 87' lang='lat' dir='ltr'><em>Dei</em></span> <span class='ocrx_word' id='word_1_334' title='bbox 2204 2274 2232 2335; x_wconf 90' lang='lat' dir='ltr'><em>et</em></span> 
     </span>
     <span class='ocr_line' id='line_1_24' title="bbox 231 2352 2231 2438; baseline -0.001 -17"><span class='ocrx_word' id='word_1_335' title='bbox 231 2377 312 2438; x_wconf 77' lang='lat' dir='ltr'><em>quae</em></span> <span class='ocrx_word' id='word_1_336' title='bbox 338 2354 380 2418; x_wconf 91' lang='lat' dir='ltr'><em>ad</em></span> <span class='ocrx_word' id='word_1_337' title='bbox 396 2352 628 2435; x_wconf 80' lang='lat' dir='ltr'><em>propulsandos</em></span> <span class='ocrx_word' id='word_1_338' title='bbox 643 2355 875 2434; x_wconf 89' lang='lat' dir='ltr'><em>potentissimas</em></span> <span class='ocrx_word' id='word_1_339' title='bbox 895 2355 993 2419; x_wconf 83' lang='lat' dir='ltr'><em>basles</em></span> <span class='ocrx_word' id='word_1_340' title='bbox 1013 2353 1092 2419; x_wconf 89' lang='lat' dir='ltr'><em>salis</em></span> <span class='ocrx_word' id='word_1_341' title='bbox 1110 2355 1205 2435; x_wconf 73' lang='lat' dir='ltr'><em>firma</em></span> <span class='ocrx_word' id='word_1_342' title='bbox 1256 2359 1358 2417; x_wconf 88' lang='lat' dir='ltr'><em>noster</em></span> <span class='ocrx_word' id='word_1_343' title='bbox 1388 2353 1502 2434; x_wconf 78' lang='lat' dir='ltr'><em>ubique</em></span> <span class='ocrx_word' id='word_1_344' title='bbox 1532 2353 1654 2418; x_wconf 86' lang='lat' dir='ltr'><em>dicitur.</em></span> <span class='ocrx_word' id='word_1_345' title='bbox 1707 2352 1795 2417; x_wconf 88' lang='lat' dir='ltr'><em>Nam</em></span> <span class='ocrx_word' id='word_1_346' title='bbox 1822 2353 1853 2417; x_wconf 88' lang='lat' dir='ltr'><em>si</em></span> <span class='ocrx_word' id='word_1_347' title='bbox 1877 2354 1963 2419; x_wconf 89' lang='lat' dir='ltr'><em>cordi</em></span> <span class='ocrx_word' id='word_1_348' title='bbox 1989 2353 2076 2419; x_wconf 89' lang='lat' dir='ltr'><em>nabis</em></span> <span class='ocrx_word' id='word_1_349' title='bbox 2101 2360 2147 2420; x_wconf 88' lang='lat' dir='ltr'><em>est</em></span> <span class='ocrx_word' id='word_1_350' title='bbox 2166 2353 2231 2420; x_wconf 89' lang='lat' dir='ltr'><em>Dei</em></span> 
     </span>
     <span class='ocr_line' id='line_1_25' title="bbox 231 2437 2231 2523; baseline -0.001 -16"><span class='ocrx_word' id='word_1_351' title='bbox 231 2443 295 2508; x_wconf 89' lang='lat' dir='ltr'><em>sint</em></span> <span class='ocrx_word' id='word_1_352' title='bbox 320 2460 357 2505; x_wconf 89' lang='lat' dir='ltr'><em>ac</em></span> <span class='ocrx_word' id='word_1_353' title='bbox 381 2439 497 2503; x_wconf 87' lang='lat' dir='ltr'><em>calida.</em></span> <span class='ocrx_word' id='word_1_354' title='bbox 548 2437 635 2502; x_wconf 89' lang='lat' dir='ltr'><em>Nam</em></span> <span class='ocrx_word' id='word_1_355' title='bbox 660 2459 756 2520; x_wconf 79' lang='lat' dir='ltr'><em>quum</em></span> <span class='ocrx_word' id='word_1_356' title='bbox 782 2441 859 2506; x_wconf 87' lang='lat' dir='ltr'><em>deus</em></span> <span class='ocrx_word' id='word_1_357' title='bbox 885 2460 923 2505; x_wconf 89' lang='lat' dir='ltr'><em>ac</em></span> <span class='ocrx_word' id='word_1_358' title='bbox 943 2441 1090 2523; x_wconf 80' lang='lat' dir='ltr'><em>prinups</em></span> <span class='ocrx_word' id='word_1_359' title='bbox 1109 2439 1205 2504; x_wconf 78' lang='lat' dir='ltr'><em>leuius</em></span> <span class='ocrx_word' id='word_1_360' title='bbox 1254 2439 1371 2523; x_wconf 80' lang='lat' dir='ltr'><em>ploria,</em></span> <span class='ocrx_word' id='word_1_361' title='bbox 1403 2443 1439 2503; x_wconf 89' lang='lat' dir='ltr'><em>ut</em></span> <span class='ocrx_word' id='word_1_362' title='bbox 1455 2460 1522 2521; x_wconf 88' lang='lat' dir='ltr'><em>par</em></span> <span class='ocrx_word' id='word_1_363' title='bbox 1543 2444 1600 2518; x_wconf 90' lang='lat' dir='ltr'><em>est,</em></span> <span class='ocrx_word' id='word_1_364' title='bbox 1622 2440 1693 2504; x_wconf 91' lang='lat' dir='ltr'><em>totis</em></span> <span class='ocrx_word' id='word_1_365' title='bbox 1714 2437 1835 2504; x_wconf 76' lang='lat' dir='ltr'><em>uiuus</em></span> <span class='ocrx_word' id='word_1_366' title='bbox 1855 2440 2008 2504; x_wconf 86' lang='lat' dir='ltr'><em>adversus</em></span> <span class='ocrx_word' id='word_1_367' title='bbox 2028 2460 2098 2505; x_wconf 89' lang='lat' dir='ltr'><em>eum</em></span> <span class='ocrx_word' id='word_1_368' title='bbox 2119 2442 2231 2506; x_wconf 80' lang='lat' dir='ltr'><em>miten-</em></span> 
     </span>
     <span class='ocr_line' id='line_1_26' title="bbox 230 2524 2231 2624; baseline -0.001 -30"><span class='ocrx_word' id='word_1_369' title='bbox 230 2527 347 2594; x_wconf 88' lang='lat' dir='ltr'><em>saecnli</em></span> <span class='ocrx_word' id='word_1_370' title='bbox 368 2529 492 2589; x_wconf 82' lang='lat' dir='ltr'><em>nacatm</em></span> <span class='ocrx_word' id='word_1_371' title='bbox 520 2529 626 2602; x_wconf 91' lang='lat' dir='ltr'><em>satan,</em></span> <span class='ocrx_word' id='word_1_372' title='bbox 653 2545 752 2604; x_wconf 81' lang='lat' dir='ltr'><em>quum</em></span> <span class='ocrx_word' id='word_1_373' title='bbox 764 2527 867 2624; x_wconf 52' lang='lat' dir='ltr'><em>,forits</em></span> <span class='ocrx_word' id='word_1_374' title='bbox 888 2531 1043 2604; x_wconf 89' lang='lat' dir='ltr'><em>armatus,</em></span> <span class='ocrx_word' id='word_1_375' title='bbox 1071 2527 1204 2607; x_wconf 89' lang='lat' dir='ltr'><em>spiritus</em></span> <span class='ocrx_word' id='word_1_376' title='bbox 1255 2525 1332 2590; x_wconf 91' lang='lat' dir='ltr'><em>dum</em></span> <span class='ocrx_word' id='word_1_377' title='bbox 1348 2529 1401 2604; x_wconf 90' lang='lat' dir='ltr'><em>cst,</em></span> <span class='ocrx_word' id='word_1_378' title='bbox 1419 2526 1476 2606; x_wconf 78' lang='lat' dir='ltr'><em>qui</em></span> <span class='ocrx_word' id='word_1_379' title='bbox 1492 2525 1583 2590; x_wconf 90' lang='lat' dir='ltr'><em>illius</em></span> <span class='ocrx_word' id='word_1_380' title='bbox 1598 2526 1825 2590; x_wconf 77' lang='lat' dir='ltr'><em>exstinctionem</em></span> <span class='ocrx_word' id='word_1_381' title='bbox 1836 2525 1970 2589; x_wconf 79' lang='lat' dir='ltr'><em>inditur.</em></span> <span class='ocrx_word' id='word_1_382' title='bbox 2000 2524 2231 2609; x_wconf 71' lang='lat' dir='ltr'><em>Siadrepnurn</em></span> 
     </span>
     <span class='ocr_line' id='line_1_27' title="bbox 231 2608 2230 2694; baseline -0.002 -14"><span class='ocrx_word' id='word_1_383' title='bbox 231 2615 283 2680; x_wconf 87' lang='lat' dir='ltr'><em>cui</em></span> <span class='ocrx_word' id='word_1_384' title='bbox 297 2616 433 2694; x_wconf 73' lang='lat' dir='ltr'><em>patulas</em></span> <span class='ocrx_word' id='word_1_385' title='bbox 455 2614 499 2674; x_wconf 87' lang='lat' dir='ltr'><em>est</em></span> <span class='ocrx_word' id='word_1_386' title='bbox 520 2610 613 2687; x_wconf 73' lang='lat' dir='ltr'><em>auis,</em></span> <span class='ocrx_word' id='word_1_387' title='bbox 636 2610 680 2674; x_wconf 87' lang='lat' dir='ltr'><em>leo</em></span> <span class='ocrx_word' id='word_1_388' title='bbox 697 2632 825 2694; x_wconf 76' lang='lat' dir='ltr'><em>rupious</em></span> <span class='ocrx_word' id='word_1_389' title='bbox 844 2612 976 2677; x_wconf 86' lang='lat' dir='ltr'><em>dicitur:</em></span> <span class='ocrx_word' id='word_1_390' title='bbox 997 2632 1059 2675; x_wconf 89' lang='lat' dir='ltr'><em>nan</em></span> <span class='ocrx_word' id='word_1_391' title='bbox 1075 2611 1138 2676; x_wconf 90' lang='lat' dir='ltr'><em>alio</em></span> <span class='ocrx_word' id='word_1_392' title='bbox 1157 2632 1204 2676; x_wconf 92' lang='lat' dir='ltr'><em>re·</em></span> <span class='ocrx_word' id='word_1_393' title='bbox 1258 2608 1377 2676; x_wconf 84' lang='lat' dir='ltr'><em>Gliristi</em></span> <span class='ocrx_word' id='word_1_394' title='bbox 1397 2611 1598 2675; x_wconf 75' lang='lat' dir='ltr'><em>assuendum</em></span> <span class='ocrx_word' id='word_1_395' title='bbox 1623 2611 1758 2675; x_wconf 88' lang='lat' dir='ltr'><em>animati</em></span> <span class='ocrx_word' id='word_1_396' title='bbox 1778 2630 1889 2674; x_wconf 92' lang='lat' dir='ltr'><em>sumus</em></span> <span class='ocrx_word' id='word_1_397' title='bbox 1909 2616 1945 2675; x_wconf 89' lang='lat' dir='ltr'><em>ut</em></span> <span class='ocrx_word' id='word_1_398' title='bbox 1965 2617 2090 2694; x_wconf 61' lang='lat' dir='ltr'><em>oportet</em></span> <span class='ocrx_word' id='word_1_399' title='bbox 2112 2631 2230 2677; x_wconf 89' lang='lat' dir='ltr'><em>necesse</em></span> 
     </span>
     <span class='ocr_line' id='line_1_28' title="bbox 229 2695 2229 2782; baseline 0 -20"><span class='ocrx_word' id='word_1_400' title='bbox 229 2700 366 2782; x_wconf 61' lang='lat' dir='ltr'><em>⁸spiciunt</em></span> <span class='ocrx_word' id='word_1_401' title='bbox 385 2699 464 2761; x_wconf 87' lang='lat' dir='ltr'><em>istae</em></span> <span class='ocrx_word' id='word_1_402' title='bbox 485 2695 717 2777; x_wconf 72' lang='lat' dir='ltr'><em>descripturos,</em></span> <span class='ocrx_word' id='word_1_403' title='bbox 745 2698 811 2762; x_wconf 86' lang='lat' dir='ltr'><em>nisi</em></span> <span class='ocrx_word' id='word_1_404' title='bbox 830 2702 866 2762; x_wconf 89' lang='lat' dir='ltr'><em>ut</em></span> <span class='ocrx_word' id='word_1_405' title='bbox 886 2699 1037 2763; x_wconf 86' lang='lat' dir='ltr'><em>cautiores</em></span> <span class='ocrx_word' id='word_1_406' title='bbox 1058 2698 1160 2762; x_wconf 73' lang='lat' dir='ltr'><em>umus</em></span> <span class='ocrx_word' id='word_1_407' title='bbox 1176 2702 1205 2762; x_wconf 90' lang='lat' dir='ltr'><em>et</em></span> <span class='ocrx_word' id='word_1_408' title='bbox 1256 2701 1299 2760; x_wconf 91' lang='lat' dir='ltr'><em>est</em></span> <span class='ocrx_word' id='word_1_409' title='bbox 1330 2695 1418 2760; x_wconf 87' lang='lat' dir='ltr'><em>nobis</em></span> <span class='ocrx_word' id='word_1_410' title='bbox 1449 2696 1700 2762; x_wconf 74' lang='lat' dir='ltr'><em>irreconciliabile</em></span> <span class='ocrx_word' id='word_1_411' title='bbox 1727 2716 1797 2760; x_wconf 89' lang='lat' dir='ltr'><em>cum</em></span> <span class='ocrx_word' id='word_1_412' title='bbox 1824 2717 1858 2761; x_wconf 91' lang='lat' dir='ltr'><em>eo</em></span> <span class='ocrx_word' id='word_1_413' title='bbox 1884 2695 1994 2761; x_wconf 83' lang='lat' dir='ltr'><em>bellurn</em></span> <span class='ocrx_word' id='word_1_414' title='bbox 2014 2716 2092 2776; x_wconf 88' lang='lat' dir='ltr'><em>esse,</em></span> <span class='ocrx_word' id='word_1_415' title='bbox 2118 2699 2174 2777; x_wconf 77' lang='lat' dir='ltr'><em>aui</em></span> <span class='ocrx_word' id='word_1_416' title='bbox 2192 2700 2229 2762; x_wconf 87' lang='lat' dir='ltr'><em>in</em></span> 
     </span>
     <span class='ocr_line' id='line_1_29' title="bbox 229 2782 2228 2868; baseline -0.001 -19"><span class='ocrx_word' id='word_1_417' title='bbox 229 2784 454 2868; x_wconf 75' lang='lat' dir='ltr'><em>mpilantiores,</em></span> <span class='ocrx_word' id='word_1_418' title='bbox 482 2786 548 2844; x_wconf 90' lang='lat' dir='ltr'><em>tum</em></span> <span class='ocrx_word' id='word_1_419' title='bbox 568 2782 611 2845; x_wconf 90' lang='lat' dir='ltr'><em>ad</em></span> <span class='ocrx_word' id='word_1_420' title='bbox 623 2802 767 2865; x_wconf 77' lang='lat' dir='ltr'><em>pupnam</em></span> <span class='ocrx_word' id='word_1_421' title='bbox 787 2783 1006 2865; x_wconf 86' lang='lat' dir='ltr'><em>capessendam</em></span> <span class='ocrx_word' id='word_1_422' title='bbox 1018 2784 1203 2864; x_wconf 88' lang='lat' dir='ltr'><em>paratiores.</em></span> <span class='ocrx_word' id='word_1_423' title='bbox 1255 2782 1346 2846; x_wconf 90' lang='lat' dir='ltr'><em>illius</em></span> <span class='ocrx_word' id='word_1_424' title='bbox 1371 2782 1500 2847; x_wconf 90' lang='lat' dir='ltr'><em>ruinam</em></span> <span class='ocrx_word' id='word_1_425' title='bbox 1527 2783 1689 2865; x_wconf 85' lang='lat' dir='ltr'><em>conspirat.</em></span> <span class='ocrx_word' id='word_1_426' title='bbox 1735 2782 1876 2861; x_wconf 86' lang='lat' dir='ltr'><em>Rursus,</em></span> <span class='ocrx_word' id='word_1_427' title='bbox 1906 2783 1937 2847; x_wconf 91' lang='lat' dir='ltr'><em>si</em></span> <span class='ocrx_word' id='word_1_428' title='bbox 1957 2803 2020 2865; x_wconf 74' lang='lat' dir='ltr'><em>qua</em></span> <span class='ocrx_word' id='word_1_429' title='bbox 2044 2783 2158 2848; x_wconf 91' lang='lat' dir='ltr'><em>salutis</em></span> <span class='ocrx_word' id='word_1_430' title='bbox 2175 2804 2228 2849; x_wconf 93' lang='lat' dir='ltr'><em>uo-</em></span> 
     </span>
     <span class='ocr_line' id='line_1_30' title="bbox 233 2867 2228 2954; baseline -0.001 -18"><span class='ocrx_word' id='word_1_431' title='bbox 233 2871 321 2954; x_wconf 72' lang='lat' dir='ltr'><em>Qnod</em></span> <span class='ocrx_word' id='word_1_432' title='bbox 342 2870 435 2934; x_wconf 89' lang='lat' dir='ltr'><em>etiam</em></span> <span class='ocrx_word' id='word_1_433' title='bbox 456 2868 610 2948; x_wconf 76' lang='lat' dir='ltr'><em>inpressis</em></span> <span class='ocrx_word' id='word_1_434' title='bbox 636 2867 739 2933; x_wconf 80' lang='lat' dir='ltr'><em>ambis</em></span> <span class='ocrx_word' id='word_1_435' title='bbox 764 2869 920 2935; x_wconf 88' lang='lat' dir='ltr'><em>interdum</em></span> <span class='ocrx_word' id='word_1_436' title='bbox 940 2875 1071 2935; x_wconf 88' lang='lat' dir='ltr'><em>notatur.</em></span> <span class='ocrx_word' id='word_1_437' title='bbox 1117 2869 1203 2934; x_wconf 88' lang='lat' dir='ltr'><em>Nam</em></span> <span class='ocrx_word' id='word_1_438' title='bbox 1255 2873 1339 2933; x_wconf 86' lang='lat' dir='ltr'><em>strae</em></span> <span class='ocrx_word' id='word_1_439' title='bbox 1365 2887 1443 2932; x_wconf 89' lang='lat' dir='ltr'><em>curn</em></span> <span class='ocrx_word' id='word_1_440' title='bbox 1471 2888 1529 2933; x_wconf 91' lang='lat' dir='ltr'><em>uos</em></span> <span class='ocrx_word' id='word_1_441' title='bbox 1548 2869 1660 2952; x_wconf 79' lang='lat' dir='ltr'><em>tanpit,</em></span> <span class='ocrx_word' id='word_1_442' title='bbox 1686 2887 1739 2933; x_wconf 88' lang='lat' dir='ltr'><em>nec</em></span> <span class='ocrx_word' id='word_1_443' title='bbox 1753 2889 1838 2950; x_wconf 81' lang='lat' dir='ltr'><em>pau,</em></span> <span class='ocrx_word' id='word_1_444' title='bbox 1867 2889 1922 2932; x_wconf 89' lang='lat' dir='ltr'><em>nec</em></span> <span class='ocrx_word' id='word_1_445' title='bbox 1942 2869 2088 2935; x_wconf 84' lang='lat' dir='ltr'><em>induciae</em></span> <span class='ocrx_word' id='word_1_446' title='bbox 2108 2889 2178 2934; x_wconf 83' lang='lat' dir='ltr'><em>nnn</em></span> <span class='ocrx_word' id='word_1_447' title='bbox 2194 2889 2228 2934; x_wconf 87' lang='lat' dir='ltr'><em>co</em></span> 
     </span>
     <span class='ocr_line' id='line_1_31' title="bbox 231 2952 2229 3036; baseline -0.001 -14"><span class='ocrx_word' id='word_1_448' title='bbox 231 2955 346 3022; x_wconf 86' lang='lat' dir='ltr'><em>Petrus</em></span> <span class='ocrx_word' id='word_1_449' title='bbox 356 2959 523 3035; x_wconf 80' lang='lat' dir='ltr'><em>postquam</em></span> <span class='ocrx_word' id='word_1_450' title='bbox 533 2952 691 3017; x_wconf 89' lang='lat' dir='ltr'><em>diabolum</em></span> <span class='ocrx_word' id='word_1_451' title='bbox 701 2955 783 3019; x_wconf 78' lang='lat' dir='ltr'><em>dicit</em></span> <span class='ocrx_word' id='word_1_452' title='bbox 803 2955 966 3020; x_wconf 86' lang='lat' dir='ltr'><em>circumire</em></span> <span class='ocrx_word' id='word_1_453' title='bbox 985 2957 1088 3020; x_wconf 87' lang='lat' dir='ltr'><em>instar</em></span> <span class='ocrx_word' id='word_1_454' title='bbox 1108 2955 1204 3020; x_wconf 90' lang='lat' dir='ltr'><em>leonis</em></span> <span class='ocrx_word' id='word_1_455' title='bbox 1255 2953 1342 3018; x_wconf 76' lang='lat' dir='ltr'><em>nobis</em></span> <span class='ocrx_word' id='word_1_456' title='bbox 1363 2973 1427 3018; x_wconf 90' lang='lat' dir='ltr'><em>esse</em></span> <span class='ocrx_word' id='word_1_457' title='bbox 1448 2953 1567 3033; x_wconf 83' lang='lat' dir='ltr'><em>debuit,</em></span> <span class='ocrx_word' id='word_1_458' title='bbox 1595 2955 1650 3036; x_wconf 72' lang='lat' dir='ltr'><em>quii</em></span> <span class='ocrx_word' id='word_1_459' title='bbox 1671 2955 1706 3018; x_wconf 92' lang='lat' dir='ltr'><em>in</em></span> <span class='ocrx_word' id='word_1_460' title='bbox 1728 2955 1797 3019; x_wconf 88' lang='lat' dir='ltr'><em>cius</em></span> <span class='ocrx_word' id='word_1_461' title='bbox 1810 2954 1983 3036; x_wconf 70' lang='lat' dir='ltr'><em>mmiuern</em></span> <span class='ocrx_word' id='word_1_462' title='bbox 2004 2954 2132 3020; x_wconf 88' lang='lat' dir='ltr'><em>assidue</em></span> <span class='ocrx_word' id='word_1_463' title='bbox 2150 2956 2229 3020; x_wconf 88' lang='lat' dir='ltr'><em>insi·</em></span> 
     </span>
     <span class='ocr_line' id='line_1_32' title="bbox 228 3039 2227 3127; baseline 0 -21"><span class='ocrx_word' id='word_1_464' title='bbox 228 3043 387 3125; x_wconf 69' lang='lat' dir='ltr'><em>riipieiitm,</em></span> <span class='ocrx_word' id='word_1_465' title='bbox 409 3041 601 3120; x_wconf 71' lang='lat' dir='ltr'><em>quwentem</em></span> <span class='ocrx_word' id='word_1_466' title='bbox 620 3060 697 3120; x_wconf 79' lang='lat' dir='ltr'><em>quos</em></span> <span class='ocrx_word' id='word_1_467' title='bbox 716 3040 835 3106; x_wconf 85' lang='lat' dir='ltr'><em>decoret</em></span> <span class='ocrx_word' id='word_1_468' title='bbox 856 3041 888 3127; x_wconf 92' lang='lat'><em>(1</em></span> <span class='ocrx_word' id='word_1_469' title='bbox 908 3042 997 3107; x_wconf 80' lang='lat' dir='ltr'><em>Petr.</em></span> <span class='ocrx_word' id='word_1_470' title='bbox 1013 3046 1040 3119; x_wconf 88' lang='lat'><em>5,</em></span> <span class='ocrx_word' id='word_1_471' title='bbox 1054 3041 1104 3124; x_wconf 85' lang='lat'><em>8),</em></span> <span class='ocrx_word' id='word_1_472' title='bbox 1131 3059 1215 3105; x_wconf 57' lang='lat' dir='ltr'><em>neon*</em></span> <span class='ocrx_word' id='word_1_473' title='bbox 1254 3040 1327 3103; x_wconf 90' lang='lat' dir='ltr'><em>dios</em></span> <span class='ocrx_word' id='word_1_474' title='bbox 1353 3040 1456 3104; x_wconf 68' lang='lat' dir='ltr'><em>undit.</em></span> <span class='ocrx_word' id='word_1_475' title='bbox 1503 3040 1593 3105; x_wconf 83' lang='lat' dir='ltr'><em>Talis</em></span> <span class='ocrx_word' id='word_1_476' title='bbox 1613 3045 1715 3105; x_wconf 88' lang='lat' dir='ltr'><em>autem</em></span> <span class='ocrx_word' id='word_1_477' title='bbox 1735 3039 1920 3106; x_wconf 86' lang='lat' dir='ltr'><em>describitur</em></span> <span class='ocrx_word' id='word_1_478' title='bbox 1944 3040 2095 3106; x_wconf 79' lang='lat' dir='ltr'><em>Geneseos</em></span> <span class='ocrx_word' id='word_1_479' title='bbox 2114 3061 2182 3124; x_wconf 88' lang='lat' dir='ltr'><em>cap.</em></span> <span class='ocrx_word' id='word_1_480' title='bbox 2197 3046 2227 3106; x_wconf 84' lang='lat'><em>3.</em></span> 
     </span>
     <span class='ocr_line' id='line_1_33' title="bbox 229 3122 2227 3209; baseline -0.001 -16"><span class='ocrx_word' id='word_1_481' title='bbox 229 3127 472 3193; x_wconf 75' lang='lat' dir='ltr'><em>adhortationem</em></span> <span class='ocrx_word' id='word_1_482' title='bbox 492 3122 658 3207; x_wconf 67' lang='lat' dir='ltr'><em>subinnui,</em></span> <span class='ocrx_word' id='word_1_483' title='bbox 676 3130 711 3189; x_wconf 92' lang='lat' dir='ltr'><em>ut</em></span> <span class='ocrx_word' id='word_1_484' title='bbox 724 3127 786 3207; x_wconf 75' lang='lat' dir='ltr'><em>fide</em></span> <span class='ocrx_word' id='word_1_485' title='bbox 800 3129 921 3209; x_wconf 73' lang='lat' dir='ltr'><em>famum</em></span> <span class='ocrx_word' id='word_1_486' title='bbox 935 3129 1127 3192; x_wconf 62' lang='lat' dir='ltr'><em>resumas.</em></span> <span class='ocrx_word' id='word_1_487' title='bbox 1159 3127 1204 3190; x_wconf 86' lang='lat' dir='ltr'><em>Et</em></span> <span class='ocrx_word' id='word_1_488' title='bbox 1253 3124 1308 3189; x_wconf 86' lang='lat' dir='ltr'><em>nbi</em></span> <span class='ocrx_word' id='word_1_489' title='bbox 1328 3124 1481 3190; x_wconf 81' lang='lat' dir='ltr'><em>lwminem</em></span> <span class='ocrx_word' id='word_1_490' title='bbox 1502 3125 1541 3189; x_wconf 92' lang='lat' dir='ltr'><em>ab</em></span> <span class='ocrx_word' id='word_1_491' title='bbox 1561 3126 1729 3191; x_wconf 87' lang='lat' dir='ltr'><em>obedientia</em></span> <span class='ocrx_word' id='word_1_492' title='bbox 1749 3147 1845 3208; x_wconf 77' lang='lat' dir='ltr'><em>quam</em></span> <span class='ocrx_word' id='word_1_493' title='bbox 1866 3124 1934 3190; x_wconf 86' lang='lat' dir='ltr'><em>Deo</em></span> <span class='ocrx_word' id='word_1_494' title='bbox 1954 3125 2077 3191; x_wconf 82' lang='lat' dir='ltr'><em>debebat</em></span> <span class='ocrx_word' id='word_1_495' title='bbox 2095 3127 2227 3207; x_wconf 87' lang='lat' dir='ltr'><em>abducit,</em></span> 
     </span>
     <span class='ocr_line' id='line_1_34' title="bbox 231 3210 2229 3295; baseline -0.001 -17"><span class='ocrx_word' id='word_1_496' title='bbox 231 3210 431 3279; x_wconf 79' lang='lat' dir='ltr'><em>Pamisum·</em></span> <span class='ocrx_word' id='word_1_497' title='bbox 451 3210 571 3274; x_wconf 87' lang='lat' dir='ltr'><em>monuit</em></span> <span class='ocrx_word' id='word_1_498' title='bbox 591 3210 705 3274; x_wconf 88' lang='lat' dir='ltr'><em>luctam</em></span> <span class='ocrx_word' id='word_1_499' title='bbox 726 3232 787 3277; x_wconf 88' lang='lat' dir='ltr'><em>nou</em></span> <span class='ocrx_word' id='word_1_500' title='bbox 808 3233 878 3277; x_wconf 90' lang='lat' dir='ltr'><em>cum</em></span> <span class='ocrx_word' id='word_1_501' title='bbox 899 3234 992 3279; x_wconf 77' lang='lat' dir='ltr'><em>carice</em></span> <span class='ocrx_word' id='word_1_502' title='bbox 1008 3219 1036 3278; x_wconf 85' lang='lat' dir='ltr'><em>et</em></span> <span class='ocrx_word' id='word_1_503' title='bbox 1052 3213 1203 3295; x_wconf 72' lang='lat' dir='ltr'><em>sanquine</em></span> <span class='ocrx_word' id='word_1_504' title='bbox 1253 3216 1287 3275; x_wconf 92' lang='lat' dir='ltr'><em>ut</em></span> <span class='ocrx_word' id='word_1_505' title='bbox 1308 3211 1404 3275; x_wconf 89' lang='lat' dir='ltr'><em>simul</em></span> <span class='ocrx_word' id='word_1_506' title='bbox 1424 3215 1453 3276; x_wconf 86' lang='lat' dir='ltr'><em>et</em></span> <span class='ocrx_word' id='word_1_507' title='bbox 1471 3210 1578 3276; x_wconf 90' lang='lat' dir='ltr'><em>Deum</em></span> <span class='ocrx_word' id='word_1_508' title='bbox 1597 3212 1680 3276; x_wconf 87' lang='lat' dir='ltr'><em>iusto</em></span> <span class='ocrx_word' id='word_1_509' title='bbox 1699 3212 1810 3277; x_wconf 85' lang='lat' dir='ltr'><em>bonore</em></span> <span class='ocrx_word' id='word_1_510' title='bbox 1826 3211 1941 3294; x_wconf 88' lang='lat' dir='ltr'><em>spoliet,</em></span> <span class='ocrx_word' id='word_1_511' title='bbox 1962 3217 1991 3276; x_wconf 88' lang='lat' dir='ltr'><em>ct</em></span> <span class='ocrx_word' id='word_1_512' title='bbox 2008 3213 2161 3278; x_wconf 80' lang='lat' dir='ltr'><em>bammum</em></span> <span class='ocrx_word' id='word_1_513' title='bbox 2182 3214 2229 3295; x_wconf 81' lang='lat' dir='ltr'><em>ip</em></span> 
     </span>
     <span class='ocr_line' id='line_1_35' title="bbox 228 3296 2230 3383; baseline -0.001 -18"><span class='ocrx_word' id='word_1_514' title='bbox 228 3298 316 3365; x_wconf 61' lang='lat' dir='ltr'><em>nous</em></span> <span class='ocrx_word' id='word_1_515' title='bbox 336 3316 412 3376; x_wconf 91' lang='lat' dir='ltr'><em>esse,</em></span> <span class='ocrx_word' id='word_1_516' title='bbox 440 3296 496 3361; x_wconf 92' lang='lat' dir='ltr'><em>sed</em></span> <span class='ocrx_word' id='word_1_517' title='bbox 516 3314 585 3360; x_wconf 84' lang='lat' dir='ltr'><em>aim</em></span> <span class='ocrx_word' id='word_1_518' title='bbox 600 3296 800 3378; x_wconf 79' lang='lat' dir='ltr'><em>primipilus</em></span> <span class='ocrx_word' id='word_1_519' title='bbox 820 3301 920 3379; x_wconf 88' lang='lat' dir='ltr'><em>aeris,</em></span> <span class='ocrx_word' id='word_1_520' title='bbox 938 3298 1142 3382; x_wconf 83' lang='lat' dir='ltr'><em>potestatibus</em></span> <span class='ocrx_word' id='word_1_521' title='bbox 1162 3303 1202 3362; x_wconf 85' lang='lat' dir='ltr'><em>te-</em></span> <span class='ocrx_word' id='word_1_522' title='bbox 1253 3317 1325 3361; x_wconf 87' lang='lat' dir='ltr'><em>sum</em></span> <span class='ocrx_word' id='word_1_523' title='bbox 1346 3297 1381 3360; x_wconf 92' lang='lat' dir='ltr'><em>iu</em></span> <span class='ocrx_word' id='word_1_524' title='bbox 1408 3298 1536 3361; x_wconf 89' lang='lat' dir='ltr'><em>ruinam</em></span> <span class='ocrx_word' id='word_1_525' title='bbox 1556 3298 1748 3380; x_wconf 81' lang='lat' dir='ltr'><em>praecipitet.</em></span> <span class='ocrx_word' id='word_1_526' title='bbox 1794 3297 1892 3376; x_wconf 74' lang='lat' dir='ltr'><em>Tun,</em></span> <span class='ocrx_word' id='word_1_527' title='bbox 1908 3298 2004 3362; x_wconf 87' lang='lat' dir='ltr'><em>etiam</em></span> <span class='ocrx_word' id='word_1_528' title='bbox 2024 3299 2060 3362; x_wconf 92' lang='lat' dir='ltr'><em>iu</em></span> <span class='ocrx_word' id='word_1_529' title='bbox 2080 3299 2230 3383; x_wconf 78' lang='lat' dir='ltr'><em>enaupeli-</em></span> 
     </span>
     <span class='ocr_line' id='line_1_36' title="bbox 227 3381 2229 3470; baseline -0 -19"><span class='ocrx_word' id='word_1_530' title='bbox 227 3385 403 3462; x_wconf 86' lang='lat' dir='ltr'><em>nebrarum,</em></span> <span class='ocrx_word' id='word_1_531' title='bbox 424 3387 453 3447; x_wconf 89' lang='lat' dir='ltr'><em>ct</em></span> <span class='ocrx_word' id='word_1_532' title='bbox 468 3381 615 3461; x_wconf 75' lang='lat' dir='ltr'><em>nequitiis</em></span> <span class='ocrx_word' id='word_1_533' title='bbox 631 3383 850 3462; x_wconf 85' lang='lat' dir='ltr'><em>spiritualibus</em></span> <span class='ocrx_word' id='word_1_534' title='bbox 869 3384 969 3470; x_wconf 82' lang='lat' dir='ltr'><em>(Eph.</em></span> <span class='ocrx_word' id='word_1_535' title='bbox 991 3390 1020 3465; x_wconf 84' lang='lat'><em>6,</em></span> <span class='ocrx_word' id='word_1_536' title='bbox 1042 3384 1113 3469; x_wconf 86' lang='lat'><em>12),</em></span> <span class='ocrx_word' id='word_1_537' title='bbox 1135 3404 1202 3449; x_wconf 89' lang='lat' dir='ltr'><em>cou-</em></span> <span class='ocrx_word' id='word_1_538' title='bbox 1253 3385 1326 3448; x_wconf 89' lang='lat' dir='ltr'><em>stis:</em></span> <span class='ocrx_word' id='word_1_539' title='bbox 1347 3382 1402 3446; x_wconf 88' lang='lat' dir='ltr'><em>ubi</em></span> <span class='ocrx_word' id='word_1_540' title='bbox 1422 3383 1570 3447; x_wconf 87' lang='lat' dir='ltr'><em>inimicus</em></span> <span class='ocrx_word' id='word_1_541' title='bbox 1590 3389 1724 3463; x_wconf 81' lang='lat' dir='ltr'><em>nocatm,</em></span> <span class='ocrx_word' id='word_1_542' title='bbox 1747 3389 1775 3448; x_wconf 89' lang='lat' dir='ltr'><em>et</em></span> <span class='ocrx_word' id='word_1_543' title='bbox 1795 3403 1939 3466; x_wconf 81' lang='lat' dir='ltr'><em>sparpcre</em></span> <span class='ocrx_word' id='word_1_544' title='bbox 1959 3384 2089 3448; x_wconf 73' lang='lat' dir='ltr'><em>urania</em></span> <span class='ocrx_word' id='word_1_545' title='bbox 2105 3385 2148 3449; x_wconf 91' lang='lat' dir='ltr'><em>ad</em></span> <span class='ocrx_word' id='word_1_546' title='bbox 2167 3405 2229 3450; x_wconf 89' lang='lat' dir='ltr'><em>cor-</em></span> 
     </span>
     <span class='ocr_line' id='line_1_37' title="bbox 227 3465 2226 3557; baseline -0.002 -20"><span class='ocrx_word' id='word_1_547' title='bbox 227 3473 314 3537; x_wconf 84' lang='lat' dir='ltr'><em>tiuuo</em></span> <span class='ocrx_word' id='word_1_548' title='bbox 346 3489 438 3535; x_wconf 82' lang='lat' dir='ltr'><em>arina</em></span> <span class='ocrx_word' id='word_1_549' title='bbox 468 3468 598 3532; x_wconf 88' lang='lat' dir='ltr'><em>induere</em></span> <span class='ocrx_word' id='word_1_550' title='bbox 633 3467 729 3548; x_wconf 89' lang='lat' dir='ltr'><em>iubet,</em></span> <span class='ocrx_word' id='word_1_551' title='bbox 762 3489 841 3550; x_wconf 78' lang='lat' dir='ltr'><em>puae</em></span> <span class='ocrx_word' id='word_1_552' title='bbox 858 3465 910 3534; x_wconf 70' lang='lat' dir='ltr'><em>‘ad</em></span> <span class='ocrx_word' id='word_1_553' title='bbox 934 3476 1054 3535; x_wconf 77' lang='lat' dir='ltr'><em>modurn</em></span> <span class='ocrx_word' id='word_1_554' title='bbox 1079 3476 1202 3551; x_wconf 75' lang='lat' dir='ltr'><em>mirique</em></span> <span class='ocrx_word' id='word_1_555' title='bbox 1253 3469 1461 3550; x_wconf 87' lang='lat' dir='ltr'><em>rumpendum</em></span> <span class='ocrx_word' id='word_1_556' title='bbox 1486 3469 1568 3533; x_wconf 86' lang='lat' dir='ltr'><em>uitae</em></span> <span class='ocrx_word' id='word_1_557' title='bbox 1594 3475 1735 3534; x_wconf 76' lang='lat' dir='ltr'><em>auenme</em></span> <span class='ocrx_word' id='word_1_558' title='bbox 1762 3489 1864 3534; x_wconf 84' lang='lat' dir='ltr'><em>serneu</em></span> <span class='ocrx_word' id='word_1_559' title='bbox 1884 3469 2000 3534; x_wconf 85' lang='lat' dir='ltr'><em>dicitur</em></span> <span class='ocrx_word' id='word_1_560' title='bbox 2021 3470 2156 3557; x_wconf 81' lang='lat' dir='ltr'><em>(Matih.</em></span> <span class='ocrx_word' id='word_1_561' title='bbox 2179 3475 2226 3548; x_wconf 87' lang='lat'><em>13,</em></span> 
     </span>
     <span class='ocr_line' id='line_1_38' title="bbox 221 3552 2227 3641; baseline -0.001 -18"><span class='ocrx_word' id='word_1_562' title='bbox 221 3556 433 3641; x_wconf 87' lang='lat' dir='ltr'><em>periculosum</em></span> <span class='ocrx_word' id='word_1_563' title='bbox 453 3559 604 3620; x_wconf 80' lang='lat' dir='ltr'><em>uitium</em></span> <span class='ocrx_word' id='word_1_564' title='bbox 624 3555 841 3620; x_wconf 89' lang='lat' dir='ltr'><em>sustinendum</em></span> <span class='ocrx_word' id='word_1_565' title='bbox 856 3558 957 3638; x_wconf 89' lang='lat' dir='ltr'><em>paria</em></span> <span class='ocrx_word' id='word_1_566' title='bbox 978 3559 1050 3622; x_wconf 89' lang='lat' dir='ltr'><em>sint.</em></span> <span class='ocrx_word' id='word_1_567' title='bbox 1097 3557 1202 3638; x_wconf 77' lang='lat' dir='ltr'><em>Quare</em></span> <span class='ocrx_word' id='word_1_568' title='bbox 1255 3554 1319 3641; x_wconf 82' lang='lat'>28).</span> <span class='ocrx_word' id='word_1_569' title='bbox 1350 3552 1392 3618; x_wconf 84' lang='lat' dir='ltr'><em>ln</em></span> <span class='ocrx_word' id='word_1_570' title='bbox 1413 3575 1546 3634; x_wconf 73' lang='lat' dir='ltr'><em>summu</em></span> <span class='ocrx_word' id='word_1_571' title='bbox 1567 3555 1649 3637; x_wconf 78' lang='lat' dir='ltr'><em>quad</em></span> <span class='ocrx_word' id='word_1_572' title='bbox 1669 3555 1707 3620; x_wconf 86' lang='lat' dir='ltr'><em>de</em></span> <span class='ocrx_word' id='word_1_573' title='bbox 1727 3556 1796 3637; x_wconf 87' lang='lat' dir='ltr'><em>ipso</em></span> <span class='ocrx_word' id='word_1_574' title='bbox 1811 3559 1939 3619; x_wconf 80' lang='lat' dir='ltr'><em>testatur</em></span> <span class='ocrx_word' id='word_1_575' title='bbox 1957 3553 2102 3621; x_wconf 80' lang='lat' dir='ltr'><em>Oliiistcis</em></span> <span class='ocrx_word' id='word_1_576' title='bbox 2122 3556 2227 3641; x_wconf 81' lang='lat' dir='ltr'><em>(Ionn.</em></span> 
     </span>
     <span class='ocr_line' id='line_1_39' title="bbox 226 3639 2229 3726; baseline -0.001 -18"><span class='ocrx_word' id='word_1_577' title='bbox 226 3664 281 3709; x_wconf 92' lang='lat' dir='ltr'><em>nos</em></span> <span class='ocrx_word' id='word_1_578' title='bbox 302 3663 420 3726; x_wconf 77' lang='lat' dir='ltr'><em>quaque</em></span> <span class='ocrx_word' id='word_1_579' title='bbox 446 3641 489 3706; x_wconf 90' lang='lat' dir='ltr'><em>ad</em></span> <span class='ocrx_word' id='word_1_580' title='bbox 509 3639 591 3703; x_wconf 84' lang='lat' dir='ltr'><em>lunc</em></span> <span class='ocrx_word' id='word_1_581' title='bbox 608 3640 703 3721; x_wconf 71' lang='lat' dir='ltr'><em>duem</em></span> <span class='ocrx_word' id='word_1_582' title='bbox 731 3643 836 3706; x_wconf 79' lang='lat' dir='ltr'><em>arnrna</em></span> <span class='ocrx_word' id='word_1_583' title='bbox 861 3643 1068 3724; x_wconf 74' lang='lat' dir='ltr'><em>conferamus,</em></span> <span class='ocrx_word' id='word_1_584' title='bbox 1095 3648 1131 3707; x_wconf 92' lang='lat' dir='ltr'><em>ut</em></span> <span class='ocrx_word' id='word_1_585' title='bbox 1151 3642 1202 3708; x_wconf 81' lang='lat' dir='ltr'><em>lia-</em></span> <span class='ocrx_word' id='word_1_586' title='bbox 1254 3645 1283 3719; x_wconf 89' lang='lat'><em>8,</em></span> <span class='ocrx_word' id='word_1_587' title='bbox 1305 3639 1377 3725; x_wconf 77' lang='lat'><em>44),</em></span> <span class='ocrx_word' id='word_1_588' title='bbox 1404 3640 1443 3704; x_wconf 93' lang='lat' dir='ltr'><em>ab</em></span> <span class='ocrx_word' id='word_1_589' title='bbox 1470 3642 1560 3705; x_wconf 89' lang='lat' dir='ltr'><em>initio</em></span> <span class='ocrx_word' id='word_1_590' title='bbox 1584 3642 1686 3724; x_wconf 78' lang='lat' dir='ltr'><em>fuisse</em></span> <span class='ocrx_word' id='word_1_591' title='bbox 1709 3640 1896 3705; x_wconf 79' lang='lat' dir='ltr'><em>liomici&#39;clam</em></span> <span class='ocrx_word' id='word_1_592' title='bbox 1920 3646 1949 3705; x_wconf 90' lang='lat' dir='ltr'><em>et</em></span> <span class='ocrx_word' id='word_1_593' title='bbox 1973 3643 2159 3721; x_wconf 87' lang='lat' dir='ltr'><em>mendacem,</em></span> <span class='ocrx_word' id='word_1_594' title='bbox 2193 3642 2229 3706; x_wconf 92' lang='lat' dir='ltr'><em>in</em></span> 
     </span>
     <span class='ocr_line' id='line_1_40' title="bbox 226 3725 2229 3809; baseline -0.001 -15"><span class='ocrx_word' id='word_1_595' title='bbox 226 3735 310 3808; x_wconf 83' lang='lat' dir='ltr'><em>sum,</em></span> <span class='ocrx_word' id='word_1_596' title='bbox 334 3728 493 3792; x_wconf 85' lang='lat' dir='ltr'><em>ctbostem</em></span> <span class='ocrx_word' id='word_1_597' title='bbox 514 3727 651 3791; x_wconf 88' lang='lat' dir='ltr'><em>audacia</em></span> <span class='ocrx_word' id='word_1_598' title='bbox 667 3728 949 3809; x_wconf 80' lang='lat' dir='ltr'><em>prumptissimum,</em></span> <span class='ocrx_word' id='word_1_599' title='bbox 970 3729 1092 3794; x_wconf 84' lang='lat' dir='ltr'><em>viribus</em></span> <span class='ocrx_word' id='word_1_600' title='bbox 1112 3728 1202 3794; x_wconf 78' lang='lat' dir='ltr'><em>robu</em></span> <span class='ocrx_word' id='word_1_601' title='bbox 1253 3726 1395 3791; x_wconf 85' lang='lat' dir='ltr'><em>omuibus</em></span> <span class='ocrx_word' id='word_1_602' title='bbox 1415 3727 1483 3791; x_wconf 88' lang='lat' dir='ltr'><em>eius</em></span> <span class='ocrx_word' id='word_1_603' title='bbox 1507 3727 1602 3809; x_wconf 77' lang='lat' dir='ltr'><em>fadis</em></span> <span class='ocrx_word' id='word_1_604' title='bbox 1622 3727 1807 3808; x_wconf 79' lang='lat' dir='ltr'><em>cooperimur.</em></span> <span class='ocrx_word' id='word_1_605' title='bbox 1852 3725 2030 3792; x_wconf 58' lang='lat' dir='ltr'><em>immudis</em></span> <span class='ocrx_word' id='word_1_606' title='bbox 2050 3729 2133 3792; x_wconf 87' lang='lat' dir='ltr'><em>cuim</em></span> <span class='ocrx_word' id='word_1_607' title='bbox 2149 3728 2229 3792; x_wconf 87' lang='lat' dir='ltr'><em>neri·</em></span> 
     </span>
     <span class='ocr_line' id='line_1_41' title="bbox 226 3811 2229 3898; baseline -0 -20"><span class='ocrx_word' id='word_1_608' title='bbox 226 3815 413 3891; x_wconf 87' lang='lat' dir='ltr'><em>slissimum,</em></span> <span class='ocrx_word' id='word_1_609' title='bbox 441 3811 562 3877; x_wconf 81' lang='lat' dir='ltr'><em>antius</em></span> <span class='ocrx_word' id='word_1_610' title='bbox 583 3811 836 3893; x_wconf 80' lang='lat' dir='ltr'><em>callidissimum,</em></span> <span class='ocrx_word' id='word_1_611' title='bbox 866 3815 1029 3898; x_wconf 77' lang='lat' dir='ltr'><em>dilipentia</em></span> <span class='ocrx_word' id='word_1_612' title='bbox 1050 3820 1078 3880; x_wconf 87' lang='lat' dir='ltr'><em>el</em></span> <span class='ocrx_word' id='word_1_613' title='bbox 1098 3815 1202 3880; x_wconf 88' lang='lat' dir='ltr'><em>celeri·</em></span> <span class='ocrx_word' id='word_1_614' title='bbox 1252 3817 1345 3877; x_wconf 88' lang='lat' dir='ltr'><em>tulem</em></span> <span class='ocrx_word' id='word_1_615' title='bbox 1365 3812 1430 3877; x_wconf 80' lang='lat' dir='ltr'><em>Du·</em></span> <span class='ocrx_word' id='word_1_616' title='bbox 1450 3818 1614 3896; x_wconf 75' lang='lat' dir='ltr'><em>appupnat,</em></span> <span class='ocrx_word' id='word_1_617' title='bbox 1637 3812 1733 3877; x_wconf 88' lang='lat' dir='ltr'><em>lucem</em></span> <span class='ocrx_word' id='word_1_618' title='bbox 1754 3811 1883 3878; x_wconf 76' lang='lat' dir='ltr'><em>unius</em></span> <span class='ocrx_word' id='word_1_619' title='bbox 1898 3811 2047 3893; x_wconf 83' lang='lat' dir='ltr'><em>obscurat,</em></span> <span class='ocrx_word' id='word_1_620' title='bbox 2069 3813 2229 3878; x_wconf 82' lang='lat' dir='ltr'><em>bominum</em></span> 
     </span>
     <span class='ocr_line' id='line_1_42' title="bbox 226 3897 2229 3983; baseline 0 -19"><span class='ocrx_word' id='word_1_621' title='bbox 226 3903 287 3964; x_wconf 87' lang='lat' dir='ltr'><em>tote</em></span> <span class='ocrx_word' id='word_1_622' title='bbox 318 3898 555 3981; x_wconf 75' lang='lat' dir='ltr'><em>infatipabilern,</em></span> <span class='ocrx_word' id='word_1_623' title='bbox 590 3897 746 3963; x_wconf 88' lang='lat' dir='ltr'><em>mucbiiii&#39;s</em></span> <span class='ocrx_word' id='word_1_624' title='bbox 777 3900 919 3965; x_wconf 87' lang='lat' dir='ltr'><em>omuibus</em></span> <span class='ocrx_word' id='word_1_625' title='bbox 951 3901 1199 3983; x_wconf 76' lang='lat' dir='ltr'><em>refertissimum,</em></span> <span class='ocrx_word' id='word_1_626' title='bbox 1252 3903 1366 3963; x_wconf 86' lang='lat' dir='ltr'><em>mentes</em></span> <span class='ocrx_word' id='word_1_627' title='bbox 1393 3898 1533 3980; x_wconf 79' lang='lat' dir='ltr'><em>implicat</em></span> <span class='ocrx_word' id='word_1_628' title='bbox 1560 3897 1732 3978; x_wconf 82' lang='lat' dir='ltr'><em>erroribus,</em></span> <span class='ocrx_word' id='word_1_629' title='bbox 1766 3899 1840 3964; x_wconf 88' lang='lat' dir='ltr'><em>odia</em></span> <span class='ocrx_word' id='word_1_630' title='bbox 1858 3899 2001 3978; x_wconf 70' lang='lat' dir='ltr'><em>maru,</em></span> <span class='ocrx_word' id='word_1_631' title='bbox 2029 3900 2229 3964; x_wconf 75' lang='lat' dir='ltr'><em>minumus</em></span> 
     </span>
     <span class='ocr_line' id='line_1_43' title="bbox 220 3983 2229 4069; baseline 0 -21"><span class='ocrx_word' id='word_1_632' title='bbox 220 3984 388 4069; x_wconf 74' lang='lat' dir='ltr'><em>pupnandi</em></span> <span class='ocrx_word' id='word_1_633' title='bbox 408 3985 536 4047; x_wconf 88' lang='lat' dir='ltr'><em>scientia</em></span> <span class='ocrx_word' id='word_1_634' title='bbox 552 3984 825 4065; x_wconf 76' lang='lat' dir='ltr'><em>capuensium,</em></span> <span class='ocrx_word' id='word_1_635' title='bbox 847 3987 935 4052; x_wconf 82' lang='lat' dir='ltr'><em>nabis</em></span> <span class='ocrx_word' id='word_1_636' title='bbox 953 3988 1082 4052; x_wconf 77' lang='lat' dir='ltr'><em>assidue</em></span> <span class='ocrx_word' id='word_1_637' title='bbox 1097 3988 1201 4051; x_wconf 86' lang='lat' dir='ltr'><em>immi·</em></span> <span class='ocrx_word' id='word_1_638' title='bbox 1253 4005 1290 4050; x_wconf 89' lang='lat' dir='ltr'><em>uc</em></span> <span class='ocrx_word' id='word_1_639' title='bbox 1315 4003 1444 4067; x_wconf 75' lang='lat' dir='ltr'><em>pupnas</em></span> <span class='ocrx_word' id='word_1_640' title='bbox 1475 3985 1625 4050; x_wconf 88' lang='lat' dir='ltr'><em>accendit:</em></span> <span class='ocrx_word' id='word_1_641' title='bbox 1662 3984 1768 4049; x_wconf 88' lang='lat' dir='ltr'><em>omnia</em></span> <span class='ocrx_word' id='word_1_642' title='bbox 1799 3985 1833 4048; x_wconf 89' lang='lat' dir='ltr'><em>in</em></span> <span class='ocrx_word' id='word_1_643' title='bbox 1860 4004 1931 4048; x_wconf 83' lang='lat' dir='ltr'><em>euin</em></span> <span class='ocrx_word' id='word_1_644' title='bbox 1958 3985 2067 4066; x_wconf 71' lang='lat' dir='ltr'><em>tuem,</em></span> <span class='ocrx_word' id='word_1_645' title='bbox 2099 3990 2136 4049; x_wconf 91' lang='lat' dir='ltr'><em>ut</em></span> <span class='ocrx_word' id='word_1_646' title='bbox 2163 3983 2229 4049; x_wconf 86' lang='lat' dir='ltr'><em>Dei</em></span> 
     </span>
     <span class='ocr_line' id='line_1_44' title="bbox 226 4069 2229 4156; baseline -0.001 -20"><span class='ocrx_word' id='word_1_647' title='bbox 226 4090 298 4137; x_wconf 87' lang='lat' dir='ltr'><em>nere</em></span> <span class='ocrx_word' id='word_1_648' title='bbox 312 4069 512 4151; x_wconf 89' lang='lat' dir='ltr'><em>praemoniti,</em></span> <span class='ocrx_word' id='word_1_649' title='bbox 533 4089 594 4134; x_wconf 92' lang='lat' dir='ltr'><em>uon</em></span> <span class='ocrx_word' id='word_1_650' title='bbox 614 4071 754 4135; x_wconf 88' lang='lat' dir='ltr'><em>socordio</em></span> <span class='ocrx_word' id='word_1_651' title='bbox 775 4072 823 4136; x_wconf 90' lang='lat' dir='ltr'><em>nel</em></span> <span class='ocrx_word' id='word_1_652' title='bbox 843 4073 971 4156; x_wconf 70' lang='lat' dir='ltr'><em>ipsania</em></span> <span class='ocrx_word' id='word_1_653' title='bbox 988 4074 1124 4155; x_wconf 84' lang='lat' dir='ltr'><em>opprimi</em></span> <span class='ocrx_word' id='word_1_654' title='bbox 1144 4093 1202 4139; x_wconf 86' lang='lat' dir='ltr'><em>nos</em></span> <span class='ocrx_word' id='word_1_655' title='bbox 1252 4090 1381 4153; x_wconf 77' lang='lat' dir='ltr'><em>repnum</em></span> <span class='ocrx_word' id='word_1_656' title='bbox 1402 4075 1527 4149; x_wconf 79' lang='lat' dir='ltr'><em>uertat,</em></span> <span class='ocrx_word' id='word_1_657' title='bbox 1556 4069 1694 4134; x_wconf 79' lang='lat' dir='ltr'><em>lominus</em></span> <span class='ocrx_word' id='word_1_658' title='bbox 1714 4070 1749 4134; x_wconf 90' lang='lat' dir='ltr'><em>in</em></span> <span class='ocrx_word' id='word_1_659' title='bbox 1768 4075 1926 4135; x_wconf 73' lang='lat' dir='ltr'><em>aunuum</em></span> <span class='ocrx_word' id='word_1_660' title='bbox 1946 4071 2104 4140; x_wconf 82' lang='lat' dir='ltr'><em>interitum</em></span> <span class='ocrx_word' id='word_1_661' title='bbox 2125 4091 2229 4137; x_wconf 86' lang='lat' dir='ltr'><em>secum</em></span> 
     </span>
     <span class='ocr_line' id='line_1_45' title="bbox 225 4154 2229 4241; baseline -0.001 -18"><span class='ocrx_word' id='word_1_662' title='bbox 225 4158 386 4232; x_wconf 82' lang='lat' dir='ltr'><em>sinemus,</em></span> <span class='ocrx_word' id='word_1_663' title='bbox 412 4155 466 4218; x_wconf 89' lang='lat' dir='ltr'><em>sod</em></span> <span class='ocrx_word' id='word_1_664' title='bbox 493 4174 531 4218; x_wconf 81' lang='lat' dir='ltr'><em>en</em></span> <span class='ocrx_word' id='word_1_665' title='bbox 552 4156 693 4235; x_wconf 85' lang='lat' dir='ltr'><em>adverso,</em></span> <span class='ocrx_word' id='word_1_666' title='bbox 721 4159 829 4223; x_wconf 86' lang='lat' dir='ltr'><em>crectis</em></span> <span class='ocrx_word' id='word_1_667' title='bbox 853 4159 1052 4241; x_wconf 70' lang='lat' dir='ltr'><em>minutisque</em></span> <span class='ocrx_word' id='word_1_668' title='bbox 1073 4159 1199 4236; x_wconf 88' lang='lat' dir='ltr'><em>animis,</em></span> <span class='ocrx_word' id='word_1_669' title='bbox 1253 4157 1415 4240; x_wconf 81' lang='lat' dir='ltr'><em>deincrpat.</em></span> <span class='ocrx_word' id='word_1_670' title='bbox 1473 4154 1559 4220; x_wconf 85' lang='lat' dir='ltr'><em>Unde</em></span> <span class='ocrx_word' id='word_1_671' title='bbox 1580 4160 1709 4235; x_wconf 85' lang='lat' dir='ltr'><em>constat,</em></span> <span class='ocrx_word' id='word_1_672' title='bbox 1731 4157 1837 4239; x_wconf 89' lang='lat' dir='ltr'><em>ipsum</em></span> <span class='ocrx_word' id='word_1_673' title='bbox 1856 4162 1972 4221; x_wconf 88' lang='lat' dir='ltr'><em>natura</em></span> <span class='ocrx_word' id='word_1_674' title='bbox 1987 4177 2140 4239; x_wconf 86' lang='lat' dir='ltr'><em>prauum,</em></span> <span class='ocrx_word' id='word_1_675' title='bbox 2161 4176 2229 4221; x_wconf 87' lang='lat' dir='ltr'><em>ma·</em></span> 
     </span>
     <span class='ocr_line' id='line_1_46' title="bbox 220 4241 2229 4327; baseline -0 -19"><span class='ocrx_word' id='word_1_676' title='bbox 220 4243 332 4327; x_wconf 87' lang='lat' dir='ltr'><em>pedem</em></span> <span class='ocrx_word' id='word_1_677' title='bbox 357 4241 493 4324; x_wconf 51' lang='lat' dir='ltr'><em>&amp;amus</em></span> <span class='ocrx_word' id='word_1_678' title='bbox 512 4241 556 4304; x_wconf 90' lang='lat' dir='ltr'><em>ad</em></span> <span class='ocrx_word' id='word_1_679' title='bbox 576 4241 797 4323; x_wconf 87' lang='lat' dir='ltr'><em>resistendum;</em></span> <span class='ocrx_word' id='word_1_680' title='bbox 824 4250 864 4323; x_wconf 87' lang='lat' dir='ltr'><em>et,</em></span> <span class='ocrx_word' id='word_1_681' title='bbox 892 4245 969 4325; x_wconf 77' lang='lat' dir='ltr'><em>quia</em></span> <span class='ocrx_word' id='word_1_682' title='bbox 989 4244 1064 4309; x_wconf 81' lang='lat' dir='ltr'><em>baec</em></span> <span class='ocrx_word' id='word_1_683' title='bbox 1083 4244 1201 4308; x_wconf 88' lang='lat' dir='ltr'><em>militia</em></span> <span class='ocrx_word' id='word_1_684' title='bbox 1253 4241 1381 4325; x_wconf 75' lang='lat' dir='ltr'><em>lipnum,</em></span> <span class='ocrx_word' id='word_1_685' title='bbox 1404 4261 1441 4306; x_wconf 90' lang='lat' dir='ltr'><em>nc</em></span> <span class='ocrx_word' id='word_1_686' title='bbox 1461 4241 1654 4306; x_wconf 86' lang='lat' dir='ltr'><em>malitiosum</em></span> <span class='ocrx_word' id='word_1_687' title='bbox 1675 4262 1748 4307; x_wconf 81' lang='lat' dir='ltr'><em>esse</em></span> <span class='ocrx_word' id='word_1_688' title='bbox 1782 4243 1870 4308; x_wconf 88' lang='lat' dir='ltr'><em>Nam</em></span> <span class='ocrx_word' id='word_1_689' title='bbox 1889 4243 1926 4306; x_wconf 92' lang='lat' dir='ltr'><em>iu</em></span> <span class='ocrx_word' id='word_1_690' title='bbox 1944 4262 1977 4308; x_wconf 89' lang='lat' dir='ltr'><em>eo</em></span> <span class='ocrx_word' id='word_1_691' title='bbox 1996 4243 2125 4326; x_wconf 72' lang='lat' dir='ltr'><em>luponio,</em></span> <span class='ocrx_word' id='word_1_692' title='bbox 2147 4242 2229 4324; x_wconf 79' lang='lat' dir='ltr'><em>quad</em></span> 
     </span>
     <span class='ocr_line' id='line_1_47' title="bbox 225 4325 2229 4411; baseline -0.001 -17"><span class='ocrx_word' id='word_1_693' title='bbox 225 4328 352 4395; x_wconf 86' lang='lat' dir='ltr'><em>nonnisi</em></span> <span class='ocrx_word' id='word_1_694' title='bbox 372 4331 467 4392; x_wconf 78' lang='lat' dir='ltr'><em>nuru</em></span> <span class='ocrx_word' id='word_1_695' title='bbox 485 4326 604 4407; x_wconf 73' lang='lat' dir='ltr'><em>finitur,</em></span> <span class='ocrx_word' id='word_1_696' title='bbox 626 4327 670 4389; x_wconf 92' lang='lat' dir='ltr'><em>ad</em></span> <span class='ocrx_word' id='word_1_697' title='bbox 679 4330 945 4407; x_wconf 83' lang='lat' dir='ltr'><em>perseuerantiam</em></span> <span class='ocrx_word' id='word_1_698' title='bbox 962 4351 1019 4395; x_wconf 89' lang='lat' dir='ltr'><em>uas</em></span> <span class='ocrx_word' id='word_1_699' title='bbox 1035 4330 1202 4396; x_wconf 79' lang='lat' dir='ltr'><em>bamemm.</em></span> <span class='ocrx_word' id='word_1_700' title='bbox 1253 4329 1296 4392; x_wconf 92' lang='lat' dir='ltr'><em>ad</em></span> <span class='ocrx_word' id='word_1_701' title='bbox 1312 4328 1449 4411; x_wconf 79' lang='lat' dir='ltr'><em>ylariani</em></span> <span class='ocrx_word' id='word_1_702' title='bbox 1469 4325 1534 4391; x_wconf 89' lang='lat' dir='ltr'><em>Dei</em></span> <span class='ocrx_word' id='word_1_703' title='bbox 1555 4333 1583 4392; x_wconf 88' lang='lat' dir='ltr'><em>et</em></span> <span class='ocrx_word' id='word_1_704' title='bbox 1603 4327 1763 4393; x_wconf 84' lang='lat' dir='ltr'><em>bominum</em></span> <span class='ocrx_word' id='word_1_705' title='bbox 1783 4328 1915 4394; x_wconf 89' lang='lat' dir='ltr'><em>salutem</em></span> <span class='ocrx_word' id='word_1_706' title='bbox 1939 4328 2144 4410; x_wconf 84' lang='lat' dir='ltr'><em>impetendam</em></span> <span class='ocrx_word' id='word_1_707' title='bbox 2162 4328 2229 4409; x_wconf 78' lang='lat' dir='ltr'><em>fae</em></span> 
     </span>
     <span class='ocr_line' id='line_1_48' title="bbox 227 4410 2229 4497; baseline -0.001 -17"><span class='ocrx_word' id='word_1_708' title='bbox 227 4413 402 4497; x_wconf 86' lang='lat' dir='ltr'><em>Praecipue</em></span> <span class='ocrx_word' id='word_1_709' title='bbox 422 4433 492 4478; x_wconf 89' lang='lat' dir='ltr'><em>nero</em></span> <span class='ocrx_word' id='word_1_710' title='bbox 512 4410 731 4477; x_wconf 87' lang='lat' dir='ltr'><em>imbecillitatis</em></span> <span class='ocrx_word' id='word_1_711' title='bbox 749 4419 778 4479; x_wconf 89' lang='lat' dir='ltr'><em>et</em></span> <span class='ocrx_word' id='word_1_712' title='bbox 801 4417 951 4482; x_wconf 76' lang='lat' dir='ltr'><em>rudituis</em></span> <span class='ocrx_word' id='word_1_713' title='bbox 971 4421 1095 4481; x_wconf 90' lang='lat' dir='ltr'><em>nostrae</em></span> <span class='ocrx_word' id='word_1_714' title='bbox 1113 4414 1201 4479; x_wconf 70' lang='lat' dir='ltr'><em>nebu</em></span> <span class='ocrx_word' id='word_1_715' title='bbox 1252 4419 1318 4479; x_wconf 89' lang='lat' dir='ltr'><em>tum</em></span> <span class='ocrx_word' id='word_1_716' title='bbox 1339 4419 1391 4494; x_wconf 87' lang='lat' dir='ltr'><em>est,</em></span> <span class='ocrx_word' id='word_1_717' title='bbox 1413 4432 1570 4478; x_wconf 89' lang='lat' dir='ltr'><em>summam</em></span> <span class='ocrx_word' id='word_1_718' title='bbox 1584 4416 1775 4495; x_wconf 75' lang='lat' dir='ltr'><em>pravitatem</em></span> <span class='ocrx_word' id='word_1_719' title='bbox 1796 4433 1861 4479; x_wconf 87' lang='lat' dir='ltr'><em>esse</em></span> <span class='ocrx_word' id='word_1_720' title='bbox 1880 4419 2002 4496; x_wconf 75' lang='lat' dir='ltr'><em>opertu</em></span> <span class='ocrx_word' id='word_1_721' title='bbox 2046 4413 2113 4480; x_wconf 88' lang='lat' dir='ltr'><em>Hoc</em></span> <span class='ocrx_word' id='word_1_722' title='bbox 2134 4415 2229 4479; x_wconf 85' lang='lat' dir='ltr'><em>etiam</em></span> 
     </span>
     <span class='ocr_line' id='line_1_49' title="bbox 226 4497 2229 4584; baseline -0.001 -17"><span class='ocrx_word' id='word_1_723' title='bbox 226 4500 351 4580; x_wconf 77' lang='lat' dir='ltr'><em>consui,</em></span> <span class='ocrx_word' id='word_1_724' title='bbox 379 4497 444 4564; x_wconf 89' lang='lat' dir='ltr'><em>Dei</em></span> <span class='ocrx_word' id='word_1_725' title='bbox 469 4499 765 4580; x_wconf 85' lang='lat' dir='ltr'><em>opeminnccemus,</em></span> <span class='ocrx_word' id='word_1_726' title='bbox 787 4502 1034 4584; x_wconf 80' lang='lat' dir='ltr'><em>necquidquam</em></span> <span class='ocrx_word' id='word_1_727' title='bbox 1054 4506 1201 4566; x_wconf 87' lang='lat' dir='ltr'><em>tentemus</em></span> <span class='ocrx_word' id='word_1_728' title='bbox 1252 4500 1408 4583; x_wconf 77' lang='lat' dir='ltr'><em>sipiifioat</em></span> <span class='ocrx_word' id='word_1_729' title='bbox 1429 4499 1565 4564; x_wconf 86' lang='lat' dir='ltr'><em>Ioannes</em></span> <span class='ocrx_word' id='word_1_730' title='bbox 1584 4501 1621 4564; x_wconf 90' lang='lat' dir='ltr'><em>in</em></span> <span class='ocrx_word' id='word_1_731' title='bbox 1641 4521 1703 4566; x_wconf 80' lang='lat' dir='ltr'><em>sica</em></span> <span class='ocrx_word' id='word_1_732' title='bbox 1723 4499 1853 4582; x_wconf 86' lang='lat' dir='ltr'><em>epistola</em></span> <span class='ocrx_word' id='word_1_733' title='bbox 1874 4499 1919 4584; x_wconf 84' lang='lat'><em>(3,</em></span> <span class='ocrx_word' id='word_1_734' title='bbox 1938 4498 1983 4584; x_wconf 86' lang='lat'><em>8),</em></span> <span class='ocrx_word' id='word_1_735' title='bbox 2006 4521 2102 4582; x_wconf 84' lang='lat' dir='ltr'><em>qaum</em></span> <span class='ocrx_word' id='word_1_736' title='bbox 2123 4498 2229 4564; x_wconf 82' lang='lat' dir='ltr'><em>saibil</em></span> 
     </span>
     <span class='ocr_line' id='line_1_50' title="bbox 225 4584 2229 4668; baseline -0 -16"><span class='ocrx_word' id='word_1_737' title='bbox 225 4588 291 4652; x_wconf 88' lang='lat' dir='ltr'><em>nisi</em></span> <span class='ocrx_word' id='word_1_738' title='bbox 312 4588 380 4668; x_wconf 87' lang='lat' dir='ltr'><em>ipso</em></span> <span class='ocrx_word' id='word_1_739' title='bbox 404 4585 494 4667; x_wconf 80' lang='lat' dir='ltr'><em>freti:</em></span> <span class='ocrx_word' id='word_1_740' title='bbox 521 4585 644 4666; x_wconf 80' lang='lat' dir='ltr'><em>quanda</em></span> <span class='ocrx_word' id='word_1_741' title='bbox 670 4584 775 4665; x_wconf 77' lang='lat' dir='ltr'><em>ipsim</em></span> <span class='ocrx_word' id='word_1_742' title='bbox 794 4592 840 4651; x_wconf 84' lang='lat' dir='ltr'><em>est</em></span> <span class='ocrx_word' id='word_1_743' title='bbox 864 4587 1012 4652; x_wconf 88' lang='lat' dir='ltr'><em>soliuset</em></span> <span class='ocrx_word' id='word_1_744' title='bbox 1038 4586 1200 4652; x_wconf 79' lang='lat' dir='ltr'><em>ursillum</em></span> <span class='ocrx_word' id='word_1_745' title='bbox 1252 4606 1322 4650; x_wconf 89' lang='lat' dir='ltr'><em>eum</em></span> <span class='ocrx_word' id='word_1_746' title='bbox 1339 4585 1379 4650; x_wconf 91' lang='lat' dir='ltr'><em>ab</em></span> <span class='ocrx_word' id='word_1_747' title='bbox 1395 4585 1486 4650; x_wconf 79' lang='lat' dir='ltr'><em>initu</em></span> <span class='ocrx_word' id='word_1_748' title='bbox 1496 4605 1633 4668; x_wconf 86' lang='lat' dir='ltr'><em>peccare.</em></span> <span class='ocrx_word' id='word_1_749' title='bbox 1662 4584 1824 4666; x_wconf 70' lang='lat' dir='ltr'><em>Siquidem</em></span> <span class='ocrx_word' id='word_1_750' title='bbox 1842 4585 1991 4668; x_wconf 76' lang='lat' dir='ltr'><em>intellipit,</em></span> <span class='ocrx_word' id='word_1_751' title='bbox 2009 4587 2114 4667; x_wconf 73' lang='lat' dir='ltr'><em>ipsum</em></span> <span class='ocrx_word' id='word_1_752' title='bbox 2127 4586 2229 4651; x_wconf 87' lang='lat' dir='ltr'><em>onmis</em></span> 
     </span>
     <span class='ocr_line' id='line_1_51' title="bbox 227 4670 2164 4752; baseline -0.002 -15"><span class='ocrx_word' id='word_1_753' title='bbox 227 4678 255 4737; x_wconf 90' lang='lat' dir='ltr'><em>et</em></span> <span class='ocrx_word' id='word_1_754' title='bbox 274 4672 368 4737; x_wconf 89' lang='lat' dir='ltr'><em>robur</em></span> <span class='ocrx_word' id='word_1_755' title='bbox 388 4676 417 4736; x_wconf 87' lang='lat' dir='ltr'><em>et</em></span> <span class='ocrx_word' id='word_1_756' title='bbox 437 4671 559 4736; x_wconf 90' lang='lat' dir='ltr'><em>animos</em></span> <span class='ocrx_word' id='word_1_757' title='bbox 579 4676 608 4735; x_wconf 89' lang='lat' dir='ltr'><em>et</em></span> <span class='ocrx_word' id='word_1_758' title='bbox 627 4690 720 4734; x_wconf 80' lang='lat' dir='ltr'><em>arnna</em></span> <span class='ocrx_word' id='word_1_759' title='bbox 740 4670 986 4738; x_wconf 78' lang='lat' dir='ltr'><em>nibrninislrare.</em></span> <span class='ocrx_word' id='word_1_760' title='bbox 1252 4672 1393 4737; x_wconf 87' lang='lat' dir='ltr'><em>malitiae</em></span> <span class='ocrx_word' id='word_1_761' title='bbox 1413 4677 1442 4736; x_wconf 89' lang='lat' dir='ltr'><em>et</em></span> <span class='ocrx_word' id='word_1_762' title='bbox 1459 4672 1638 4752; x_wconf 82' lang='lat' dir='ltr'><em>iniquitatis</em></span> <span class='ocrx_word' id='word_1_763' title='bbox 1657 4677 1803 4751; x_wconf 80' lang='lat' dir='ltr'><em>mitorun,</em></span> <span class='ocrx_word' id='word_1_764' title='bbox 1823 4671 1939 4750; x_wconf 79' lang='lat' dir='ltr'><em>duceni</em></span> <span class='ocrx_word' id='word_1_765' title='bbox 1961 4671 2164 4738; x_wconf 73' lang='lat' dir='ltr'><em>armdeclum.</em></span> 
     </span>
    </p>

    <p class='ocr_par' dir='ltr' id='par_1_4' title="bbox 225 4755 2229 5102">
     <span class='ocr_line' id='line_1_52' title="bbox 312 4755 2227 4841; baseline 0 -20"><span class='ocrx_word' id='word_1_766' title='bbox 312 4763 362 4822; x_wconf 80' lang='lat'><em>40.</em></span> <span class='ocrx_word' id='word_1_767' title='bbox 411 4757 477 4839; x_wconf 80' lang='lat' dir='ltr'><em>Qua</em></span> <span class='ocrx_word' id='word_1_768' title='bbox 497 4761 600 4822; x_wconf 73' lang='lat' dir='ltr'><em>amem</em></span> <span class='ocrx_word' id='word_1_769' title='bbox 620 4756 663 4821; x_wconf 84' lang='lat' dir='ltr'><em>ad</em></span> <span class='ocrx_word' id='word_1_770' title='bbox 682 4757 719 4820; x_wconf 88' lang='lat' dir='ltr'><em>id</em></span> <span class='ocrx_word' id='word_1_771' title='bbox 738 4758 891 4841; x_wconf 78' lang='lat' dir='ltr'><em>apendum</em></span> <span class='ocrx_word' id='word_1_772' title='bbox 914 4758 1016 4841; x_wconf 74' lang='lat' dir='ltr'><em>mapis</em></span> <span class='ocrx_word' id='word_1_773' title='bbox 1036 4759 1201 4824; x_wconf 72' lang='lat' dir='ltr'><em>mutemur</em></span> <span class='ocrx_word' id='word_1_774' title='bbox 1338 4760 1389 4821; x_wconf 78' lang='lat'><em>42.</em></span> <span class='ocrx_word' id='word_1_775' title='bbox 1435 4757 1536 4839; x_wconf 77' lang='lat' dir='ltr'><em>Atqui</em></span> <span class='ocrx_word' id='word_1_776' title='bbox 1561 4778 1658 4840; x_wconf 77' lang='lat' dir='ltr'><em>quum</em></span> <span class='ocrx_word' id='word_1_777' title='bbox 1689 4779 1711 4822; x_wconf 89' lang='lat' dir='ltr'><em>a</em></span> <span class='ocrx_word' id='word_1_778' title='bbox 1735 4755 1804 4823; x_wconf 87' lang='lat' dir='ltr'><em>Dec</em></span> <span class='ocrx_word' id='word_1_779' title='bbox 1832 4757 1973 4822; x_wconf 83' lang='lat' dir='ltr'><em>conditus</em></span> <span class='ocrx_word' id='word_1_780' title='bbox 1988 4759 2045 4822; x_wconf 81' lang='lat' dir='ltr'><em>sit</em></span> <span class='ocrx_word' id='word_1_781' title='bbox 2076 4756 2227 4835; x_wconf 84' lang='lat' dir='ltr'><em>diabolus,</em></span> 
     </span>
     <span class='ocr_line' id='line_1_53' title="bbox 226 4842 2229 4927; baseline -0 -18"><span class='ocrx_word' id='word_1_782' title='bbox 226 4862 264 4909; x_wconf 92' lang='lat' dir='ltr'><em>ac</em></span> <span class='ocrx_word' id='word_1_783' title='bbox 284 4863 465 4927; x_wconf 79' lang='lat' dir='ltr'><em>urpeaniur,</em></span> <span class='ocrx_word' id='word_1_784' title='bbox 494 4864 555 4909; x_wconf 92' lang='lat' dir='ltr'><em>non</em></span> <span class='ocrx_word' id='word_1_785' title='bbox 573 4862 673 4908; x_wconf 88' lang='lat' dir='ltr'><em>uuum</em></span> <span class='ocrx_word' id='word_1_786' title='bbox 697 4849 752 4907; x_wconf 90' lang='lat' dir='ltr'><em>aul</em></span> <span class='ocrx_word' id='word_1_787' title='bbox 779 4844 912 4910; x_wconf 70' lang='lat' dir='ltr'><em>alteim</em></span> <span class='ocrx_word' id='word_1_788' title='bbox 932 4850 988 4909; x_wconf 92' lang='lat' dir='ltr'><em>aut</em></span> <span class='ocrx_word' id='word_1_789' title='bbox 1002 4866 1123 4927; x_wconf 89' lang='lat' dir='ltr'><em>paucos</em></span> <span class='ocrx_word' id='word_1_790' title='bbox 1148 4845 1201 4911; x_wconf 80' lang='lat' dir='ltr'><em>lco-</em></span> <span class='ocrx_word' id='word_1_791' title='bbox 1252 4842 1332 4908; x_wconf 87' lang='lat' dir='ltr'><em>banc</em></span> <span class='ocrx_word' id='word_1_792' title='bbox 1357 4843 1515 4909; x_wconf 87' lang='lat' dir='ltr'><em>malitiam</em></span> <span class='ocrx_word' id='word_1_793' title='bbox 1538 4864 1633 4925; x_wconf 78' lang='lat' dir='ltr'><em>quarn</em></span> <span class='ocrx_word' id='word_1_794' title='bbox 1661 4845 1730 4908; x_wconf 89' lang='lat' dir='ltr'><em>eius</em></span> <span class='ocrx_word' id='word_1_795' title='bbox 1749 4849 1881 4908; x_wconf 88' lang='lat' dir='ltr'><em>naturae</em></span> <span class='ocrx_word' id='word_1_796' title='bbox 1900 4843 2081 4923; x_wconf 84' lang='lat' dir='ltr'><em>tribuimus,</em></span> <span class='ocrx_word' id='word_1_797' title='bbox 2110 4864 2171 4908; x_wconf 92' lang='lat' dir='ltr'><em>non</em></span> <span class='ocrx_word' id='word_1_798' title='bbox 2189 4862 2229 4908; x_wconf 81' lang='lat' dir='ltr'><em>cn</em></span> 
     </span>
     <span class='ocr_line' id='line_1_54' title="bbox 225 4928 2229 5014; baseline -0.001 -19"><span class='ocrx_word' id='word_1_799' title='bbox 225 4935 294 5008; x_wconf 78' lang='lat' dir='ltr'><em>stas,</em></span> <span class='ocrx_word' id='word_1_800' title='bbox 316 4929 370 4994; x_wconf 86' lang='lat' dir='ltr'><em>scd</em></span> <span class='ocrx_word' id='word_1_801' title='bbox 391 4950 523 5014; x_wconf 66' lang='lat' dir='ltr'><em>menas</em></span> <span class='ocrx_word' id='word_1_802' title='bbox 542 4949 607 4995; x_wconf 87' lang='lat' dir='ltr'><em>esse</em></span> <span class='ocrx_word' id='word_1_803' title='bbox 627 4931 734 5013; x_wconf 89' lang='lat' dir='ltr'><em>copias</em></span> <span class='ocrx_word' id='word_1_804' title='bbox 754 4931 916 4996; x_wconf 67' lang='lat' dir='ltr'><em>muummt</em></span> <span class='ocrx_word' id='word_1_805' title='bbox 931 4931 1098 5014; x_wconf 79' lang='lat' dir='ltr'><em>scriptura,</em></span> <span class='ocrx_word' id='word_1_806' title='bbox 1120 4952 1200 5013; x_wconf 76' lang='lat' dir='ltr'><em>quae</em></span> <span class='ocrx_word' id='word_1_807' title='bbox 1253 4930 1411 5008; x_wconf 73' lang='lat' dir='ltr'><em>uiuum,</em></span> <span class='ocrx_word' id='word_1_808' title='bbox 1428 4931 1483 4995; x_wconf 90' lang='lat' dir='ltr'><em>sed</em></span> <span class='ocrx_word' id='word_1_809' title='bbox 1498 4930 1767 5011; x_wconf 77' lang='lat' dir='ltr'><em>indepravatione</em></span> <span class='ocrx_word' id='word_1_810' title='bbox 1782 4950 1847 4994; x_wconf 91' lang='lat' dir='ltr'><em>esse</em></span> <span class='ocrx_word' id='word_1_811' title='bbox 1862 4929 2102 4996; x_wconf 81' lang='lat' dir='ltr'><em>mencinerimus.</em></span> <span class='ocrx_word' id='word_1_812' title='bbox 2133 4928 2229 5011; x_wconf 79' lang='lat' dir='ltr'><em>Quid-</em></span> 
     </span>
     <span class='ocr_line' id='line_1_55' title="bbox 225 5013 2229 5102; baseline -0 -21"><span class='ocrx_word' id='word_1_813' title='bbox 225 5015 383 5081; x_wconf 82' lang='lat' dir='ltr'><em>nobiscum</em></span> <span class='ocrx_word' id='word_1_814' title='bbox 410 5014 798 5098; x_wconf 62' lang='lat' dir='ltr'><em>inopportunum</em></span> <span class='ocrx_word' id='word_1_815' title='bbox 825 5017 987 5083; x_wconf 88' lang='lat' dir='ltr'><em>etMaria</em></span> <span class='ocrx_word' id='word_1_816' title='bbox 1009 5017 1200 5102; x_wconf 76' lang='lat' dir='ltr'><em>Mapdalena</em></span> <span class='ocrx_word' id='word_1_817' title='bbox 1253 5015 1330 5096; x_wconf 77' lang='lat' dir='ltr'><em>anu</em></span> <span class='ocrx_word' id='word_1_818' title='bbox 1361 5015 1443 5080; x_wconf 86' lang='lat' dir='ltr'><em>enirn</em></span> <span class='ocrx_word' id='word_1_819' title='bbox 1467 5014 1643 5081; x_wconf 86' lang='lat' dir='ltr'><em>damnabile</em></span> <span class='ocrx_word' id='word_1_820' title='bbox 1668 5013 1770 5095; x_wconf 86' lang='lat' dir='ltr'><em>babet,</em></span> <span class='ocrx_word' id='word_1_821' title='bbox 1803 5016 1966 5098; x_wconf 72' lang='lat' dir='ltr'><em>defectione</em></span> <span class='ocrx_word' id='word_1_822' title='bbox 1992 5020 2020 5080; x_wconf 89' lang='lat' dir='ltr'><em>et</em></span> <span class='ocrx_word' id='word_1_823' title='bbox 2046 5015 2140 5098; x_wconf 88' lang='lat' dir='ltr'><em>lapsu</em></span> <span class='ocrx_word' id='word_1_824' title='bbox 2165 5014 2229 5080; x_wconf 86' lang='lat' dir='ltr'><em>sibi</em></span> 
     </span>
    </p>
   </div>
   <div class='ocr_carea' id='block_1_3' title="bbox 295 5218 1199 5295">
    <p class='ocr_par' dir='ltr' id='par_1_5' title="bbox 295 5218 1199 5295">
     <span class='ocr_line' id='line_1_56' title="bbox 295 5218 1199 5295; baseline 0.006 -22"><span class='ocrx_word' id='word_1_825' title='bbox 295 5218 325 5289; x_wconf 91' lang='lat'><em>1)</em></span> <span class='ocrx_word' id='word_1_826' title='bbox 343 5220 416 5274; x_wconf 85' lang='lat' dir='ltr'><em>Vide</em></span> <span class='ocrx_word' id='word_1_827' title='bbox 432 5220 503 5274; x_wconf 78' lang='lat' dir='ltr'><em>Plu.</em></span> <span class='ocrx_word' id='word_1_828' title='bbox 521 5220 550 5274; x_wconf 87' lang='lat' dir='ltr'><em>in</em></span> <span class='ocrx_word' id='word_1_829' title='bbox 566 5218 728 5291; x_wconf 81' lang='lat' dir='ltr'><em>Epinomide</em></span> <span class='ocrx_word' id='word_1_830' title='bbox 746 5220 912 5294; x_wconf 70' lang='lat' dir='ltr'><em>cliii-stylo.</em></span> <span class='ocrx_word' id='word_1_831' title='bbox 973 5221 1004 5294; x_wconf 78' lang='lat'><em>2)</em></span> <span class='ocrx_word' id='word_1_832' title='bbox 1022 5228 1199 5295; x_wconf 81' lang='lat' dir='ltr'><em>perseverant</em></span> 
     </span>
    </p>
   </div>
   <div class='ocr_carea' id='block_1_4' title="bbox 73 5265 1985 5359">
    <p class='ocr_par' dir='ltr' id='par_1_6' title="bbox 73 5265 1985 5359">
     <span class='ocr_line' id='line_1_57' title="bbox 73 5265 1985 5359; baseline 0.001 -18"><span class='ocrx_word' id='word_1_833' title='bbox 73 5265 423 5359; x_wconf 45' lang='lat' dir='ltr'><em>&#39;mmm</em></span> <span class='ocrx_word' id='word_1_834' title='bbox 1320 5284 1985 5359; x_wconf 56' lang='lat' dir='ltr'><em>mmwmmmm</em></span> 
     </span>
    </p>
   </div>
   <div class='ocr_carea' id='block_1_5' title="bbox 0 0 2390 6023">
    <p class='ocr_par' dir='ltr' id='par_1_7' title="bbox 0 0 2390 6023">
     <span class='ocr_line' id='line_1_58' title="bbox 0 0 2390 6023; baseline 0 0"><span class='ocrx_word' id='word_1_835' title='bbox 0 0 2390 6023; x_wconf 95' lang='lat' dir='ltr'><em> </em></span> 
     </span>
    </p>
   </div>
  </div>
 </body>
</html>
