4770 6030
96 378 100 386 ·
140 386 143 393 ·
219 349 280 410 163
864 339 1130 406 INSTITUTIO
1152 339 1257 404 REL.
1282 337 1463 404 CHRIST.
1489 342 1581 403 1536.
2166 343 2226 404 164

218 525 303 584 stus:
332 518 361 583 si
387 517 488 582 frater
511 512 552 601 [p
565 527 624 578 333
670 512 787 595 3113313
816 512 985 578 ecclesiam
1011 532 1080 576 non
1103 511 1195 576 audi·
1245 532 1349 594 posse,
1371 511 1434 576 nisi
1445 519 1623 593 praeeunte
1640 511 1839 593 docenteque
1851 511 1968 594 spiritu
1984 520 2098 575 sancte
2114 521 2148 574 et
2159 511 2226 578 dio-

218 605 296 683 erit,
326 605 368 669 sit
394 602 453 667 tibi
481 603 566 666 sicut
593 608 626 664 et
677 601 745 663 'us
774 604 807 662 et
833 598 1035 681 publicanus.
1085 598 1196 662 Amen
1248 604 1338 661 tante
1354 597 1433 680 quid
1450 595 1615 680 agendum
1632 597 1682 660 sit.
1714 593 1875 679 Spiritum
1892 603 2041 662 sauctmn
2059 596 2226 663 haberese

219 689 291 755 dico
320 689 426 765 vobis,
466 708 677 769 quaecunque
717 685 897 770 ligaveritis
934 706 1032 767 super
1063 690 1195 762 terram,
1247 683 1295 747 illi
1313 688 1490 766 nugantur,
1513 682 1571 748 sed
1587 704 1623 746 re
1640 684 1713 765 ipsa
1730 690 1869 766 negant;
1891 683 1956 746 nisi
1974 682 2057 746 forte
2074 684 2226 764 spiritum

220 781 319 841 erunt
348 774 453 856 ligata
490 779 524 837 et
554 773 591 835 irr
624 771 735 848 coelis,
775 792 987 855 quaecunque
1025 770 1195 848 solveritis,
1248 777 1400 834 sanctum
1421 790 1491 832 rem
1513 790 1584 833 3333
1605 789 1726 833 vanam
1748 778 1781 833 et
1802 769 1896 832 nihili
1918 769 2057 850 fingrmt,
2080 775 2225 834 atcerte

220 851 318 926 erunt
344 858 458 924 soluta.
503 859 580 922 Non
609 863 719 923 autem
744 858 790 922 sic
813 855 957 922 diversos
978 857 1131 935 facimus,
1159 864 1197 918 ut
1248 857 1395 938 fingrmt3
1418 853 1475 919 sed
1497 854 1562 919 illis
1587 876 1655 919 non
1679 853 1838 919 credetur.
1879 856 1989 936 Atque
2010 853 2073 919 hac
2094 854 2226 936 quidem

218 968 286 1011 non
311 945 451 1009 multam
478 944 622 1008 habeant
643 944 730 1007 inter
750 964 786 1025 33
813 943 1008 1008 affinitatem
1029 949 1062 1008 et
1083 942 1197 1028 simili·
1249 940 1402 1006 maehina
1418 941 1453 1005 in
1470 942 1661 1005 universum
1679 940 1923 1019 subvertrmtur,
1940 947 1986 1017 ut,
2005 941 2225 1024 cuiuscunque

218 1031 368 1096 tudinem
394 1030 529 1115 (Matth.
551 1029 614 1114 18).
663 1029 737 1093 Hoc
763 1029 906 1111 primum
937 1029 1057 1111 ubique
1082 1027 1196 1105 simile,
1250 1027 1323 1091 ostii
1345 1027 1471 1092 clavem
1492 1048 1528 1091 se
1550 1026 1671 1101 habere
1692 1027 1829 1104 iactent,
1852 1047 1980 1108 semper
2000 1026 2225 1110 interrogandi

219 1117 305 1201 quod
325 1123 465 1198 utraque
486 1123 537 1181 est
558 1115 720 1198 generalis
738 1115 910 1191 sententia,
934 1114 1048 1179 eadem
1070 1134 1198 1196 semper
1250 1113 1335 1191 sint,
1375 1112 1560 1177 habeantne
1597 1113 1748 1194 spiritum
1787 1122 1953 1189 sanctum,
1992 1113 2048 1194 331
2084 1112 2225 1178 clarium

217 1202 343 1287 ligandi
365 1201 575 1284 solvendique
592 1207 642 1266 est
660 1208 817 1283 potestas:
839 1222 958 1282 nempe
979 1221 1038 1284 per
1060 1200 1198 1265 verbum
1250 1204 1301 1263 est
1333 1198 1455 1263 arbiter
1487 1219 1525 1264 ao
1550 1195 1755 1263 moderator?
1811 1196 1848 1263 Si
1882 1197 2003 1262 habere
2030 1219 2066 1263 33
2090 1220 2225 1281 respon-

217 1289 292 1355 Dei.
343 1288 437 1353 Idem
465 1286 612 1352 solvendi
642 1294 675 1350 et
696 1285 822 1369 ligandi
847 1286 1055 1363 mandatum,
1083 1284 1198 1350 eadem
1250 1282 1363 1363 deant,
1391 1305 1524 1350 rursum
1544 1282 1775 1366 interpellandi
1801 1290 1893 1362 sunt,
1923 1305 1967 1348 an
1988 1305 2098 1349 errare
2124 1286 2227 1367 possit

217 1375 397 1458 promissio.
423 1374 474 1438 113
497 1382 608 1437 autem
628 1371 793 1449 differunt,
815 1371 902 1454 quod
919 1372 1008 1454 prior
1028 1371 1119 1436 loeus
1140 1392 1196 1453 pe·
1249 1371 1381 1452 spiritus
1409 1368 1562 1435 sanctus?
1612 1368 1707 1434 Istud
1734 1368 1853 1434 diserte
1880 1370 2001 1452 pretini
2033 1391 2100 1434 non
2126 1369 2225 1435 aude·

218 1460 386 1526 ouliariter
411 1458 452 1523 de
480 1457 721 1541 praedicatione
748 1464 811 1535 est,
846 1479 911 1540 qua
936 1457 1028 1523 verbi
1054 1457 1197 1522 ministri
1248 1456 1346 1534 bunt,
1369 1455 1499 1520 tametsi
1521 1454 1649 1537 oblique
1667 1477 1727 1520 sua
1749 1455 1897 1520 doctrina
1913 1456 2091 1520 insinuant
2136 1456 2226 1521 Infe-

218 1547 418 1629 funguntur,
452 1543 506 1609 hic
540 1542 582 1607 ad
614 1542 821 1626 disciplinam
852 1542 1197 1608 excommunicationis
1249 1541 1390 1606 rendum
1410 1562 1488 1625 ergo
1507 1541 1582 1605 erit:
1605 1541 1712 1606 nullos
1730 1541 1928 1607 sacrificulos
1946 1541 2067 1606 habere
2084 1541 2226 1607 clavium

218 1632 376 1716 pertinet,
400 1651 484 1713 quae
506 1628 660 1694 ecclesiae
681 1630 841 1711 permissa
862 1634 920 1693 est
965 1629 1065 1712 Ligat
1087 1635 1198 1692 autem
1249 1633 1457 1709 potestatem,
1490 1622 1546 1709 qui
1576 1627 1699 1709 passim
1724 1629 1794 1692 sine
1820 1625 1948 1692 delectu
1979 1626 2226 1711 solvuntquae

219 1717 355 1784 ecclesia
380 1738 478 1799 quem
507 1715 781 1793 excommunicat,
814 1735 882 1779 non
908 1714 994 1796 quod
1020 1716 1055 1778 in
1082 1734 1197 1796 perpe-
1249 1712 1346 1795 ligari
1365 1713 1530 1777 Dominus
1552 1712 1712 1790 voluerat,
1737 1713 1843 1797 ligant
1870 1734 1953 1795 quae
1975 1712 2058 1778 solvi
2078 1714 2225 1779 iusserat

217 1812 311 1869 tuam
337 1804 469 1868 ruinam
495 1823 533 1867 ac
559 1800 818 1883 desperationem
845 1801 1008 1878 coniiciat,
1037 1800 1095 1865 sed
1121 1800 1198 1882 quia
1251 1795 1392 1878 Quando
1426 1798 1613 1863 clarissimis
1646 1799 1877 1882 experimentis
1907 1800 2013 1864 evinci
2036 1821 2071 1865 se
2103 1799 2224 1879 vident,

220 1891 290 1954 eius
312 1890 415 1954 vitam
437 1909 474 1952 ac
496 1908 603 1951 mores
626 1885 769 1965 damnat,
793 1894 825 1950 33
846 1887 911 1950 3131
928 1887 1108 1969 resipuerit,
1130 1887 1198 1950 iam
1251 1883 1336 1967 quod
1358 1884 1475 1967 dignos
1496 1893 1529 1948 et
1548 1883 1700 1967 indiguos
1717 1886 1898 1966 promiscue
1916 1885 2047 1950 solvant
2062 1893 2096 1950 et
2111 1885 2223 1970 ligent

219 1996 296 2040 eum
322 1995 401 2040 suae
427 1971 646 2037 damnationis
672 1971 833 2036 admonet.
885 1969 1008 2050 Solvit,
1037 1993 1133 2054 quem
1161 1973 1197 2035 in
1250 1971 1452 2036 Potestatem
1473 1980 1636 2051 usurpant
1657 1971 1727 2035 sine
1745 1972 1889 2049 scientia,
1912 1978 1946 2036 et
1963 1992 2150 2071 quanquam
2166 1993 2225 2036 ne·

85 2122 91 2137 ,
218 2061 480 2126 communionem
506 2059 635 2141 resipit,
671 2058 749 2140 quia
773 2057 866 2123 velut
897 2058 1089 2142 participem
1122 2080 1197 2122 eum
1250 2077 1328 2139 gare
1349 2078 1417 2121 non
1438 2055 1562 2121 audent
1583 2055 1625 2120 ad
1646 2056 1770 2121 bonum
1788 2079 1885 2122 usum
1902 2058 2024 2139 requiri
2046 2057 2224 2136 scientiam,

218 2147 297 2212 facit
318 2145 464 2223 unitatis,
486 2164 586 2226 quam
608 2143 764 2209 hebetia
785 2142 917 2208 Christo
938 2143 1024 2208 Iesu.
1248 2149 1441 2224 potestatem
1468 2150 1579 2207 tamen
1604 2142 1710 2224 ipsam
1737 2143 1833 2208 malis
1860 2142 2137 2226 dispensatoribus
2158 2151 2226 2208 tra

305 2230 358 2296 Ne
391 2231 463 2312 quis
497 2250 574 2313 ergo
597 2228 832 2295 contumaciter
859 2228 1013 2294 eeclesiae
1040 2229 1197 2294 iudicium
1249 2227 1351 2293 ditam
1378 2228 1533 2295 scribunt
1584 2229 1688 2311 Atqui
1719 2228 1799 2294 haec
1832 2238 1975 2312 potestas
2003 2226 2043 2315 [p.
2057 2227 2133 2315 333]
2161 2235 2222 2295 est:

216 2324 418 2395 contemnat,
447 2323 505 2380 aut
524 2316 618 2397 parvi
639 2316 788 2380 aestimet
809 2336 844 2380 se
865 2314 1012 2379 fidelium
1033 2315 1197 2399 suffragiis
1248 2313 1462 2397 quodcunque
1490 2315 1644 2399 ligaveris
1672 2322 1730 2380 333
1756 2315 1892 2382 solveris
1919 2316 1954 2379 in
1976 2327 2079 2394 terra,
2107 2316 2171 2381 erit
2190 2317 2226 2381 in

218 2402 426 2482 damnatum,
460 2407 601 2465 testatur
633 2401 811 2479 Dominus,
841 2399 906 2465 tale
938 2398 1084 2467 fidelium
1111 2400 1196 2464 iudi-
1248 2399 1345 2465 coelis
1372 2400 1511 2484 ligatum
1538 2407 1571 2465 et
1592 2400 1742 2467 solutum.
1787 2403 1857 2467 Aut
1883 2402 2080 2484 promissum
2100 2400 2225 2467 Christi

217 2490 307 2555 cium
332 2508 400 2552 non
422 2485 511 2553 aliud
537 2508 608 2551 3333
631 2487 930 2568 quamsententiac
952 2487 1196 2569 3333333133]-
1248 2487 1380 2550 mentiri
1401 2494 1537 2569 oportet,
1560 2495 1618 2551 aut
1638 2487 1721 2552 beno
1738 2487 1845 2571 ligant
1860 2494 1894 2552 et
1910 2487 2049 2566 solvunt,
2072 2488 2225 2569 quisunt

218 2575 397 2658 gationem,
429 2579 601 2655 ratumque
634 2570 749 2637 haberi
776 2573 812 2635 in
840 2572 937 2637 coelis
966 2572 1052 2655 quod
1084 2572 1133 2636 illi
1161 2572 1196 2637 in
1248 2571 1311 2636 hac
1332 2580 1491 2655 potestate
1508 2572 1655 2655 praediti.
1685 2572 1755 2637 Nec
1776 2582 1827 2638 est
1847 2572 1933 2655 quod
1950 2573 2221 2657 tergiversantm:

216 2668 307 2727 terra
332 2659 467 2744 egerint
512 2658 647 2722 Habent
674 2658 762 2723 enim
786 2657 925 2722 verbum
944 2658 1009 2723 Dei
1036 2677 1100 2740 quo
1122 2679 1196 2740 per-
1248 2655 1373 2722 Ohn'sti
1401 2659 1597 2741 promissum
1625 2658 1772 2737 limitari,
1803 2657 1983 2723 secundum
2009 2659 2079 2722 eius
2104 2659 2223 2723 merita

216 2766 330 2812 versos
348 2744 514 2822 damnent,
535 2743 659 2808 habent
672 2740 712 2829 [p.
726 2741 802 2829 333]
815 2743 961 2821 verbum,
985 2765 1048 2826 quo
1064 2745 1195 2826 resipis·
1248 2744 1303 2825 qui
1333 2744 1456 2828 ligatur
1487 2752 1545 2809 aut
1577 2744 1721 2809 solvitur.
1771 2744 1818 2809 Et
1850 2764 1910 2809 nos
1942 2744 2040 2808 etiam
2071 2743 2222 2823 fatemur,

216 2838 327 2898 centes
348 2831 384 2894 in
406 2831 548 2914 gratiam
575 2831 747 2911 recipiant;
775 2850 885 2893 errare
903 2837 1013 2894 autem
1037 2851 1104 2894 333
1121 2851 1195 2912 333·
1248 2850 1308 2894 333
1330 2829 1413 2894 solvi
1434 2851 1495 2895 neo
1516 2829 1612 2913 ligari
1633 2850 1736 2912 posse,
1755 2831 1819 2895 nisi
1840 2829 1956 2913 dignos
1977 2830 2033 2913 qui
2054 2829 2224 2895 solvantur

217 2923 297 2984 sunt
316 2938 377 2982 nec
399 2938 420 2980 3
439 2916 505 2981 Dei
526 2914 644 2980 iudicio
667 2914 852 2992 dissentire,
882 2916 1047 2998 quianon
1068 2917 1195 2980 nisiex
1248 2922 1305 2978 333
1325 2914 1479 2998 ligentur.
1516 2913 1584 2981 Sed
1606 2914 1730 2981 habent
1750 2915 1912 2999 evangelii
1933 2915 2046 2981 nuncii
2067 2922 2101 2981 33
2122 2916 2224 2982 33313-

216 3003 289 3086 lege
311 3003 377 3067 Dei
397 3000 552 3078 iudicant,
575 3021 657 3082 quae
680 3022 747 3065 non
768 3001 894 3066 ineerta
915 3008 965 3066 333
986 3009 1044 3065 333
1064 3008 1196 3066 terrena
1247 3001 1296 3065 sia
1316 3001 1462 3080 verbum,
1484 3022 1548 3084 quo
1570 3000 1763 3085 dignitatem
1783 3002 1870 3068 hane
1885 3003 2071 3067 metiantur.
2102 3002 2144 3066 In
2162 3003 2224 3069 hoc

217 3089 335 3170 opinio,
359 3086 416 3152 sed
438 3093 552 3151 sancta
566 3086 632 3150 Dei
648 3087 800 3151 voluntas
817 3093 850 3151 et
864 3086 1002 3152 33313333
1017 3087 1193 3152 oraculum.
1246 3087 1362 3166 verbo,
1392 3087 1554 3171 evangelii
1581 3088 1694 3152 nuncii
1720 3095 1857 3170 possunt
1883 3088 2033 3153 omnibus
2061 3090 2224 3155 remissio·

216 3173 400 3239 Ecclesiam
422 3178 532 3236 autem
551 3179 660 3249 vocat,
682 3192 749 3235 non
770 3172 926 3254 pauculos
946 3180 1071 3251 tonsos,
1094 3194 1194 3250 rasos,
1247 3194 1325 3237 nem
1356 3181 1563 3257 peccatorum
1594 3175 1631 3237 in
1663 3172 1797 3238 Christo
1828 3173 1987 3257 polliceri,
2020 3195 2080 3257 per
2110 3174 2224 3255 fidem3

217 3258 390 3342 linigeros,
420 3255 477 3322 sed
498 3263 626 3322 coetum
647 3255 753 3322 fidelis
773 3258 899 3340 populi,
926 3259 963 3322 in
982 3259 1115 3323 nomine
1137 3281 1195 3324 suo
1246 3267 1384 3341 possunt
1402 3258 1645 3324 damnationem
1667 3257 1793 3324 edicere
1810 3279 1923 3325 omnes
1940 3268 1974 3324 et
1995 3281 2093 3342 super
2111 3282 2225 3327 omnes

217 3350 374 3412 eoactum.
424 3342 494 3408 Neo
521 3340 674 3406 audiendi
702 3353 780 3407 3333
812 3343 962 3410 illusores
989 3346 1044 3427 qui
1073 3345 1118 3410 sie
1142 3366 1195 3409 ar·
1247 3346 1304 3427 qui
1320 3343 1492 3410 Christum
1516 3366 1581 3410 non
1610 3343 1860 3427 amplectrmtur.
1903 3345 1946 3411 In
1966 3346 2029 3412 hoo
2051 3349 2150 3413 verbo
2172 3369 2224 3414 ee·

217 3436 392 3514 gutantur:
416 3427 576 3511 quomodo
599 3426 641 3492 ad
665 3428 834 3494 ecclesiam
856 3431 1060 3512 querimonia
1087 3431 1195 3513 aliqua
1246 3430 1345 3496 clesia
1353 3431 1557 3512 pronunciat,
1579 3437 1781 3510 scortatores,
1793 3430 1967 3510 adulteros,
1978 3431 2077 3511 fures,
2089 3432 2224 3499 homici-

216 3515 336 3581 deferri
357 3520 481 3599 posset,
511 3534 595 3596 quae
616 3535 676 3596 per
696 3521 802 3578 tetum
823 3515 935 3581 orbem
956 3537 1070 3599 sparsa
1091 3524 1141 3581 333
1162 3524 1195 3581 33
1246 3516 1322 3596 das,
1353 3537 1484 3595 avaros,
1511 3517 1638 3599 iniquos
1660 3526 1788 3599 partem
1810 3518 1846 3582 in
1867 3539 1969 3602 regno
1990 3518 2056 3583 Dei
2076 3539 2141 3584 333
2163 3519 2223 3584 ha·

218 3600 394 3683 dissipata?
424 3598 514 3666 Satis
533 3599 676 3664 ostendit
692 3598 854 3679 Christus,
877 3621 912 3666 se
934 3601 974 3666 de
996 3602 1087 3666 omni
1108 3602 1195 3667 chri-
1246 3601 1332 3680 bere,
1354 3601 1500 3684 33133333
1517 3602 1704 3668 certissimis
1719 3603 1860 3669 vinculis
1881 3603 1971 3688 ligat
2000 3603 2127 3668 Eodem
2147 3626 2223 3670 ver·

217 3688 325 3751 stiana
346 3686 597 3770 congregatione
618 3685 721 3769 loqui,
750 3693 788 3750 ut
813 3687 849 3750 in
879 3687 1016 3772 singulis
1038 3688 1116 3754 loeis
1138 3695 1195 3753 aut
1246 3688 1287 3752 bo
1309 3687 1420 3765 solvit,
1452 3710 1534 3771 3333
1559 3688 1785 3769 resipiscentes
1813 3688 2005 3755 consolatur.
2051 3687 2120 3756 Sed
2139 3711 2224 3773 quae

215 3773 392 3854 provinciis
422 3772 576 3837 constitui
610 3772 764 3838 ecclesiae
794 3780 939 3855 possunt
989 3774 1193 3857 Ubicunque,
1246 3774 1310 3839 erit
1329 3774 1455 3840 isthaec
1475 3781 1633 3857 potestas,
1663 3774 1789 3840 nescire
1810 3774 1889 3858 quid
1910 3774 2081 3857 ligandum
2101 3777 2146 3842 sit
2166 3783 2224 3842 aut

215 3858 337 3940 inquit,
365 3857 428 3921 duo
457 3872 515 3922 aut
540 3866 607 3922 tres
634 3859 823 3942 congregati
849 3858 972 3924 fuerint
998 3861 1034 3923 in
1062 3861 1195 3925 nomine
1246 3858 1453 3939 solvendum,
1475 3882 1535 3926 333
1551 3860 1659 3943 ligare
1680 3881 1774 3944 posse
1796 3869 1855 3925 333
1874 3860 2009 3938 solvere,
2032 3861 2096 3927 uisi
2116 3862 2221 3930 scias?

215 3964 298 4023 meo,
321 3944 367 4009 ibi
389 3943 425 4006 in
447 3942 552 4007 medio
573 3963 686 4007 eorum
709 3965 791 4009 sum.
1246 3943 1316 4010 Our
1337 3966 1415 4029 ergo
1436 3946 1566 4025 dicunt,
1596 3968 1631 4011 se
1659 3946 1827 4012 absolvere
1852 3949 2025 4012 autoritate
2053 3948 2115 4013 sibi
2136 3946 2221 4026 data,

302 4029 357 4094 Ex
384 4028 449 4092 illis
471 4026 597 4093 duobus
619 4028 705 4108 locis,
728 4050 823 4111 quos,
853 4030 1059 4098 utbreviter
1086 4033 1134 4096 ita
1161 4036 1196 4096 et
1246 4052 1322 4096 cum
1346 4032 1472 4097 incerta
1498 4033 1542 4097 sit
1568 4031 1747 4098 absolutio?
1798 4029 1873 4112 Quo
1903 4033 1996 4098 33313
2028 4035 2223 4118 imaginaria

215 4115 420 4180 familiariter
439 4122 473 4178 et
483 4135 560 4179 vero
578 4135 748 4180 enarrasse
766 4115 848 4181 mihi
861 4115 982 4194 videor,
1005 4117 1119 4182 furiosi
1139 4118 1195 4182 isti
1246 4117 1327 4181 haec
1349 4124 1506 4199 33333333,
1532 4118 1693 4183 31331133
1714 4119 1757 4183 313
1777 4118 1879 4191 usus?
1923 4118 1999 4184 Uno
2021 4126 2133 4185 autem
2152 4119 2221 4186 loco

213 4200 307 4265 nullo
329 4200 525 4277 discrimine,
547 4208 644 4281 prout
660 4221 720 4265 sua
740 4202 902 4285 vertigine
921 4203 1082 4282 feruntur,
1105 4224 1193 4269 nuno
1246 4202 1365 4280 habeo,
1389 4211 1446 4267 aut
1466 4203 1595 4268 nullum
1617 4225 1702 4282 esse,
1731 4212 1789 4269 aut
1810 4212 1879 4270 tam
1898 4204 2062 4270 incertum
2083 4227 2163 4286 esee,
2185 4214 2224 4271 ut

214 4287 462 4364 confessionem,
485 4307 575 4350 nunc
591 4288 968 4367 excommunicationem,
991 4309 1080 4354 nunc
1096 4289 1193 4353 iuris·
1245 4309 1305 4370 pro
1329 4288 1420 4354 nullo
1447 4288 1617 4356 habendus
1644 4291 1695 4355 sit
1740 4290 1826 4356 Cum
1847 4291 1935 4355 enim
1955 4290 2135 4370 fateantur,
2165 4292 2222 4357 bo·

215 4371 399 4451 dictionem,
423 4393 513 4436 nunc
535 4372 586 4436 ius
608 4371 770 4437 condendi
788 4372 886 4457 leges,
910 4396 997 4440 nunc
1019 4373 1193 4456 indulgen·
1244 4395 1324 4438 nam
1348 4396 1418 4461 3333
1440 4374 1645 4441 sacerdotum
1666 4383 1806 4458 partem,
1839 4373 1879 4462 [3.
1894 4373 1971 4462 336]
1994 4378 2051 4458 331
2073 4399 2139 4442 333
2159 4379 2221 4442 rite

214 4458 278 4523 tias
294 4466 455 4524 conantm
472 4463 623 4523 statuere.
654 4455 721 4523 Sed
738 4459 817 4541 quid
834 4460 862 4523 si
879 4480 944 4524 uno
962 4459 1070 4543 gladio
1087 4459 1193 4522 omni-
1243 4468 1381 4525 utantur
1402 4460 1562 4540 clavibus,
1588 4470 1782 4545 potestatem
1802 4484 1880 4528 vero
1903 4462 1973 4528 3133
1992 4462 2137 4546 legitimo
2159 4485 2221 4530 usu

213 4543 276 4611 bus
296 4544 455 4612 eiusmodi
475 4543 646 4626 postulatis
663 4565 779 4610 ansam
798 4543 997 4627 praecidam:
1021 4545 1190 4610 333311133-
1243 4545 1445 4612 inefficacem
1466 4568 1553 4627 esse;
1577 4549 1650 4630 quis
1670 4548 1751 4613 mihi
1775 4547 1874 4613 fidem
1894 4548 2000 4628 faciet,
2023 4569 2100 4614 eum
2116 4570 2142 4617 ‚a
2157 4570 2220 4631 quo

213 4630 263 4696 133
289 4653 357 4696 333
379 4652 450 4696 esse
477 4630 697 4712 apostolorum
716 4631 856 4696 31333133
877 4651 937 4695 nec
965 4631 1190 4696 successores?
1244 4632 1353 4697 solvor
1381 4633 1503 4697 bonum
1529 4655 1600 4700 3333
1627 4630 1770 4700 cla'vium
1796 4633 2074 4716 dispensatorem?
2124 4632 2220 4715 Quod

214 4714 341 4780 Verum
357 4714 446 4781 istud
462 4696 588 4799 quoqrie
607 4716 684 4782 alibi
705 4716 907 4797 tractabitur.
936 4713 1033 4782 Nunc
1051 4714 1139 4780 unde
1156 4738 1191 4782 se
1244 4718 1272 4782 si
1293 4718 1400 4783 malus
1422 4726 1480 4798 est,
1503 4718 1582 4803 quid
1599 4720 1688 4785 aliud
1705 4719 1813 4799 habet,
1836 4740 1935 4802 quam
1951 4720 2103 4786 frivolam
2123 4721 2221 4786 istam

212 4801 342 4866 munire
363 4803 507 4866 maxime
528 4802 644 4867 volunt
657 4802 792 4867 arietem
814 4802 954 4884 erigrmt,
976 4801 1192 4883 quomolitio-
1244 4803 1452 4870 solutionem:
1485 4804 1575 4887 Quid
1595 4806 1631 4871 in
1653 4817 1686 4870 te
1703 4805 1874 4889 ligandum
1891 4805 1934 4871 sit
1954 4814 2012 4871 aut
2028 4806 2221 4873 solvendum

212 4907 273 4952 333
294 4907 408 4953 omues
429 4909 508 4954 suae
526 4887 728 4954 deficiantur.
774 4885 927 4951 Christus
951 4883 1191 4973 [33333313
1243 4890 1367 4968 333313,
1393 4891 1523 4974 quando
1543 4893 1629 4957 iusto
1650 4891 1792 4957 clavium
1814 4913 1878 4957 333
1899 4913 2003 4972 careo,
2025 4891 2083 4956 sed
2103 4894 2132 4958 si
2151 4914 2221 4958 me·

211 4994 280 5037 non
301 4980 377 5038 ante
399 4972 552 5055 apostolis
574 4970 698 5056 ligandi
715 4978 749 5036 et
765 4971 912 5036 solvendi
929 4978 1123 5055 potestatem
1142 4975 1190 5040 fe-
1243 4976 1325 5040 reris
1352 4983 1384 5041 te
1414 4976 1568 5043 absolvo?
1612 4978 1660 5042 At
1684 4976 1879 5042 tantundem
1906 4985 2027 5060 posset,
2057 4998 2123 5042 non
2149 4978 2221 5045 dico

212 5058 269 5134 cit,
296 5079 396 5141 quam
422 5080 476 5124 eos
503 5059 621 5141 spiritu
648 5065 762 5122 sancto
787 5055 931 5122 donavit
975 5057 1068 5142 Nego
1089 5060 1191 5143 igitur
1241 5060 1344 5126 laicus
1373 5061 1516 5147 (quando
1542 5063 1577 5127 id
1591 5063 1715 5145 aequis
1742 5063 1876 5129 auribus
1902 5085 1968 5149 non
1996 5062 2135 5149 ferrent)
2163 5063 2222 5129 sed

210 5142 288 5208 ullis
309 5152 492 5228 competere
513 5143 655 5210 clavium
676 5147 879 5226 potestatem,
901 5143 958 5227 qui
974 5165 1042 5209 non
1058 5167 1190 5228 accepe-
1243 5147 1366 5226 Terea,
1394 5155 1453 5212 aut
1477 5147 1632 5214 diabolus.
1677 5147 1719 5213 Id
1746 5150 1834 5214 enim
1855 5161 1905 5215 est
1933 5150 2053 5217 dicere:
2080 5151 2221 5216 verbum

209 5228 279 5297 rint
296 5231 447 5312 spiritum
465 5236 624 5294 sanctum.
657 5227 751 5311 Nego
771 5248 956 5311 quenquam
977 5229 1124 5297 clavibus
1140 5231 1189 5297 uti
1242 5232 1307 5298 Dei
1329 5253 1396 5299 non
1417 5233 1522 5298 habeo
1544 5241 1667 5301 certam
1689 5234 1836 5302 solvendi
1858 5236 2025 5320 regulam,
2040 5234 2106 5312 ¹sed
2128 5244 2221 5302 aute-
