<?xml version="1.0" encoding="UTF-8"?>
<!DOCTYPE html PUBLIC "-//W3C//DTD XHTML 1.0 Transitional//EN"
    "http://www.w3.org/TR/xhtml1/DTD/xhtml1-transitional.dtd">
<html xmlns="http://www.w3.org/1999/xhtml" xml:lang="en" lang="en">
 <head>
  <title>
</title>
<meta http-equiv="Content-Type" content="text/html;charset=utf-8" />
  <meta name='ocr-system' content='tesseract 3.04.00' />
  <meta name='ocr-capabilities' content='ocr_page ocr_carea ocr_par ocr_line ocrx_word'/>
</head>
<body>
  <div class='ocr_page' id='page_1' title='image "./ioanniscalvinio05calvgoog_0240.png"; bbox 0 0 4770 6030; ppageno 0'>
   <div class='ocr_carea' id='block_1_1' title="bbox 192 313 2197 423">
    <p class='ocr_par' dir='ltr' id='par_1_1' title="bbox 192 313 2197 423">
     <span class='ocr_line' id='line_1_1' title="bbox 192 313 2197 423; baseline -0 -1"><span class='ocrx_word' id='word_1_1' title='bbox 192 361 254 422; x_wconf 80' lang='grc'>66</span> <span class='ocrx_word' id='word_1_2' title='bbox 786 356 892 423; x_wconf 68' lang='grc'><strong>661).</strong></span> <span class='ocrx_word' id='word_1_3' title='bbox 908 356 954 421; x_wconf 88' lang='lat' dir='ltr'>n.</span> <span class='ocrx_word' id='word_1_4' title='bbox 998 355 1062 420; x_wconf 87' lang='lat' dir='ltr'>nn</span> <span class='ocrx_word' id='word_1_5' title='bbox 1086 352 1375 420; x_wconf 81' lang='lat' dir='ltr'>oocmmonn</span> <span class='ocrx_word' id='word_1_6' title='bbox 1394 351 1608 421; x_wconf 81' lang='lat' dir='ltr'>nonnus.</span> <span class='ocrx_word' id='word_1_7' title='bbox 1654 398 1657 402; x_wconf 30' lang='lat'><em>‡</em></span> <span class='ocrx_word' id='word_1_8' title='bbox 1989 313 1992 321; x_wconf 74' lang='grc'>’</span> <span class='ocrx_word' id='word_1_9' title='bbox 2136 331 2197 421; x_wconf 78' lang='lat' dir='ltr'>mi</span> 
     </span>
    </p>
   </div>
   <div class='ocr_carea' id='block_1_2' title="bbox 113 457 2271 2862">
    <p class='ocr_par' dir='ltr' id='par_1_2' title="bbox 113 457 2271 2862">
     <span class='ocr_line' id='line_1_2' title="bbox 135 457 505 545; baseline 0 -20"><span class='ocrx_word' id='word_1_10' title='bbox 135 531 140 545; x_wconf 56' lang='grc'><strong>,</strong></span> <span class='ocrx_word' id='word_1_11' title='bbox 190 457 505 545; x_wconf 64' lang='grc'><strong>6161166666]</strong></span> 
     </span>
     <span class='ocr_line' id='line_1_3' title="bbox 191 543 2199 626; baseline -0.001 -16"><span class='ocrx_word' id='word_1_12' title='bbox 191 547 314 610; x_wconf 91' lang='lat' dir='ltr'>rarium</span> <span class='ocrx_word' id='word_1_13' title='bbox 336 555 438 610; x_wconf 85' lang='lat' dir='ltr'>vocet</span> <span class='ocrx_word' id='word_1_14' title='bbox 472 545 526 610; x_wconf 93' lang='lat' dir='ltr'>Ad</span> <span class='ocrx_word' id='word_1_15' title='bbox 548 546 634 611; x_wconf 90' lang='lat' dir='ltr'>hauc</span> <span class='ocrx_word' id='word_1_16' title='bbox 655 549 813 611; x_wconf 78' lang='lat' dir='ltr'><strong>festucam</strong></span> <span class='ocrx_word' id='word_1_17' title='bbox 830 545 951 609; x_wconf 91' lang='lat' dir='ltr'>mirum</span> <span class='ocrx_word' id='word_1_18' title='bbox 969 554 1019 609; x_wconf 90' lang='lat' dir='ltr'>est</span> <span class='ocrx_word' id='word_1_19' title='bbox 1035 551 1084 608; x_wconf 88' lang='lat' dir='ltr'>tot</span> <span class='ocrx_word' id='word_1_20' title='bbox 1100 564 1168 607; x_wconf 90' lang='lat' dir='ltr'>nou</span> <span class='ocrx_word' id='word_1_21' title='bbox 1220 565 1299 621; x_wconf 89' lang='lat' dir='ltr'>esse,</span> <span class='ocrx_word' id='word_1_22' title='bbox 1322 564 1405 626; x_wconf 91' lang='lat' dir='ltr'>quae</span> <span class='ocrx_word' id='word_1_23' title='bbox 1425 544 1461 608; x_wconf 92' lang='lat' dir='ltr'>in</span> <span class='ocrx_word' id='word_1_24' title='bbox 1480 543 1577 608; x_wconf 91' lang='lat' dir='ltr'>corde</span> <span class='ocrx_word' id='word_1_25' title='bbox 1599 554 1632 611; x_wconf 92' lang='lat' dir='ltr'>et</span> <span class='ocrx_word' id='word_1_26' title='bbox 1653 547 1843 613; x_wconf 77' lang='lat' dir='ltr'>electionem</span> <span class='ocrx_word' id='word_1_27' title='bbox 1860 555 1894 612; x_wconf 92' lang='lat' dir='ltr'>et</span> <span class='ocrx_word' id='word_1_28' title='bbox 1911 547 2114 611; x_wconf 91' lang='lat' dir='ltr'>voluntatem</span> <span class='ocrx_word' id='word_1_29' title='bbox 2134 546 2199 609; x_wconf 88' lang='lat' dir='ltr'>for·</span> 
     </span>
     <span class='ocr_line' id='line_1_4' title="bbox 191 628 2199 715; baseline 0.001 -19"><span class='ocrx_word' id='word_1_30' title='bbox 191 632 294 696; x_wconf 86' lang='lat' dir='ltr'>malos</span> <span class='ocrx_word' id='word_1_31' title='bbox 311 632 431 714; x_wconf 83' lang='lat' dir='ltr'>alioqui</span> <span class='ocrx_word' id='word_1_32' title='bbox 449 630 597 697; x_wconf 89' lang='lat' dir='ltr'>homines</span> <span class='ocrx_word' id='word_1_33' title='bbox 614 633 796 714; x_wconf 86' lang='lat' dir='ltr'>impegisse.</span> <span class='ocrx_word' id='word_1_34' title='bbox 827 631 904 695; x_wconf 90' lang='lat' dir='ltr'>Non</span> <span class='ocrx_word' id='word_1_35' title='bbox 921 632 1010 695; x_wconf 91' lang='lat' dir='ltr'>enim</span> <span class='ocrx_word' id='word_1_36' title='bbox 1028 631 1168 713; x_wconf 89' lang='lat' dir='ltr'>gratiam</span> <span class='ocrx_word' id='word_1_37' title='bbox 1220 637 1299 693; x_wconf 91' lang='lat' dir='ltr'>met:</span> <span class='ocrx_word' id='word_1_38' title='bbox 1318 637 1357 692; x_wconf 92' lang='lat' dir='ltr'>ut</span> <span class='ocrx_word' id='word_1_39' title='bbox 1373 628 1530 713; x_wconf 90' lang='lat' dir='ltr'>quidquid</span> <span class='ocrx_word' id='word_1_40' title='bbox 1548 630 1665 697; x_wconf 90' lang='lat' dir='ltr'>deinde</span> <span class='ocrx_word' id='word_1_41' title='bbox 1683 635 1829 715; x_wconf 90' lang='lat' dir='ltr'>sequitur</span> <span class='ocrx_word' id='word_1_42' title='bbox 1846 633 1922 697; x_wconf 90' lang='lat' dir='ltr'>boni</span> <span class='ocrx_word' id='word_1_43' title='bbox 1940 634 2055 715; x_wconf 90' lang='lat' dir='ltr'>operis,</span> <span class='ocrx_word' id='word_1_44' title='bbox 2073 632 2199 698; x_wconf 88' lang='lat' dir='ltr'>fiuctus</span> 
     </span>
     <span class='ocr_line' id='line_1_5' title="bbox 191 715 2199 799; baseline 0 -16"><span class='ocrx_word' id='word_1_45' title='bbox 191 718 324 783; x_wconf 89' lang='lat' dir='ltr'>Domini</span> <span class='ocrx_word' id='word_1_46' title='bbox 344 738 454 782; x_wconf 88' lang='lat' dir='ltr'>secum</span> <span class='ocrx_word' id='word_1_47' title='bbox 471 718 636 783; x_wconf 87' lang='lat' dir='ltr'>laborasse</span> <span class='ocrx_word' id='word_1_48' title='bbox 654 718 767 783; x_wconf 80' lang='lat' dir='ltr'>scribit</span> <span class='ocrx_word' id='word_1_49' title='bbox 789 717 961 799; x_wconf 88' lang='lat' dir='ltr'>apostolus,</span> <span class='ocrx_word' id='word_1_50' title='bbox 984 724 1022 780; x_wconf 91' lang='lat' dir='ltr'>ut</span> <span class='ocrx_word' id='word_1_51' title='bbox 1039 738 1074 780; x_wconf 88' lang='lat' dir='ltr'>se</span> <span class='ocrx_word' id='word_1_52' title='bbox 1092 736 1168 780; x_wconf 92' lang='lat' dir='ltr'>con·</span> <span class='ocrx_word' id='word_1_53' title='bbox 1221 716 1264 779; x_wconf 91' lang='lat' dir='ltr'>sit</span> <span class='ocrx_word' id='word_1_54' title='bbox 1289 715 1393 797; x_wconf 90' lang='lat' dir='ltr'>ipsius</span> <span class='ocrx_word' id='word_1_55' title='bbox 1419 737 1457 781; x_wconf 90' lang='lat' dir='ltr'>ac</span> <span class='ocrx_word' id='word_1_56' title='bbox 1484 716 1634 797; x_wconf 89' lang='lat' dir='ltr'>effectus,</span> <span class='ocrx_word' id='word_1_57' title='bbox 1665 741 1726 784; x_wconf 90' lang='lat' dir='ltr'>nec</span> <span class='ocrx_word' id='word_1_58' title='bbox 1749 719 1848 783; x_wconf 89' lang='lat' dir='ltr'>aliam</span> <span class='ocrx_word' id='word_1_59' title='bbox 1875 718 1996 783; x_wconf 89' lang='lat' dir='ltr'>habeat</span> <span class='ocrx_word' id='word_1_60' title='bbox 2023 718 2084 782; x_wconf 92' lang='lat' dir='ltr'>sibi</span> <span class='ocrx_word' id='word_1_61' title='bbox 2107 718 2199 783; x_wconf 88' lang='lat' dir='ltr'>obse·</span> 
     </span>
     <span class='ocr_line' id='line_1_6' title="bbox 191 801 2271 888; baseline 0.001 -19"><span class='ocrx_word' id='word_1_62' title='bbox 191 811 312 869; x_wconf 83' lang='lat' dir='ltr'>sortem</span> <span class='ocrx_word' id='word_1_63' title='bbox 334 803 453 868; x_wconf 90' lang='lat' dir='ltr'>laboris</span> <span class='ocrx_word' id='word_1_64' title='bbox 475 804 588 882; x_wconf 82' lang='lat' dir='ltr'>faciat3</span> <span class='ocrx_word' id='word_1_65' title='bbox 611 805 690 886; x_wconf 93' lang='lat' dir='ltr'>quin</span> <span class='ocrx_word' id='word_1_66' title='bbox 711 805 818 887; x_wconf 90' lang='lat' dir='ltr'>potius</span> <span class='ocrx_word' id='word_1_67' title='bbox 840 810 943 866; x_wconf 89' lang='lat' dir='ltr'>totam</span> <span class='ocrx_word' id='word_1_68' title='bbox 960 803 1080 886; x_wconf 69' lang='lat' dir='ltr'>laboris</span> <span class='ocrx_word' id='word_1_69' title='bbox 1095 801 1168 865; x_wconf 91' lang='lat' dir='ltr'>lau·</span> <span class='ocrx_word' id='word_1_70' title='bbox 1220 810 1373 882; x_wconf 86' lang='grc'><strong>66661661</strong></span> <span class='ocrx_word' id='word_1_71' title='bbox 1401 801 1618 883; x_wconf 85' lang='lat' dir='ltr'>voluntatem,</span> <span class='ocrx_word' id='word_1_72' title='bbox 1646 805 1710 870; x_wconf 91' lang='lat' dir='ltr'>nisi</span> <span class='ocrx_word' id='word_1_73' title='bbox 1737 826 1836 888; x_wconf 92' lang='lat' dir='ltr'>quam</span> <span class='ocrx_word' id='word_1_74' title='bbox 1863 805 1947 869; x_wconf 86' lang='lat' dir='ltr'>fecit.</span> <span class='ocrx_word' id='word_1_75' title='bbox 2000 802 2087 869; x_wconf 77' lang='lat' dir='ltr'>Sunt</span> <span class='ocrx_word' id='word_1_76' title='bbox 2112 803 2200 867; x_wconf 90' lang='lat' dir='ltr'>enim</span> <span class='ocrx_word' id='word_1_77' title='bbox 2269 865 2271 872; x_wconf 82' lang='grc'><strong>,</strong></span> 
     </span>
     <span class='ocr_line' id='line_1_7' title="bbox 192 887 2199 987; baseline 0 -33"><span class='ocrx_word' id='word_1_78' title='bbox 192 889 266 955; x_wconf 87' lang='grc'><strong>1616</strong></span> <span class='ocrx_word' id='word_1_79' title='bbox 294 890 352 953; x_wconf 89' lang='grc'>661</span> <span class='ocrx_word' id='word_1_80' title='bbox 379 890 504 972; x_wconf 87' lang='lat' dir='ltr'>gratiae</span> <span class='ocrx_word' id='word_1_81' title='bbox 526 891 746 967; x_wconf 72' lang='lat' dir='ltr'>transscribit,</span> <span class='ocrx_word' id='word_1_82' title='bbox 775 891 839 953; x_wconf 88' lang='lat' dir='ltr'>ista</span> <span class='ocrx_word' id='word_1_83' title='bbox 860 889 1071 987; x_wconf 77' lang='lat' dir='ltr'>correctione:</span> <span class='ocrx_word' id='word_1_84' title='bbox 1101 907 1168 950; x_wconf 91' lang='grc'>666</span> <span class='ocrx_word' id='word_1_85' title='bbox 1221 887 1290 984; x_wconf 81' lang='lat' dir='ltr'>eius</span> <span class='ocrx_word' id='word_1_86' title='bbox 1311 907 1438 968; x_wconf 93' lang='lat' dir='ltr'>quoque</span> <span class='ocrx_word' id='word_1_87' title='bbox 1459 889 1561 987; x_wconf 78' lang='lat' dir='ltr'>verba</span> <span class='ocrx_word' id='word_1_88' title='bbox 1582 911 1624 954; x_wconf 87' lang='lat' dir='ltr'>ex</span> <span class='ocrx_word' id='word_1_89' title='bbox 1646 890 1709 955; x_wconf 90' lang='lat' dir='ltr'>alio</span> <span class='ocrx_word' id='word_1_90' title='bbox 1727 891 1812 956; x_wconf 92' lang='lat' dir='ltr'>loco:</span> <span class='ocrx_word' id='word_1_91' title='bbox 1836 890 2071 955; x_wconf 88' lang='lat' dir='ltr'>omnebonum</span> <span class='ocrx_word' id='word_1_92' title='bbox 2088 891 2123 952; x_wconf 90' lang='lat' dir='ltr'>in</span> <span class='ocrx_word' id='word_1_93' title='bbox 2141 909 2199 954; x_wconf 93' lang='lat' dir='ltr'>no-</span> 
     </span>
     <span class='ocr_line' id='line_1_8' title="bbox 190 972 2202 1151; baseline 0.001 -26"><span class='ocrx_word' id='word_1_94' title='bbox 190 972 1168 1142; x_wconf 57' lang='grc'><strong>11(1111111111161111111111</strong></span> <span class='ocrx_word' id='word_1_95' title='bbox 1221 972 1270 1036; x_wconf 72' lang='lat' dir='ltr'>a</span> <span class='ocrx_word' id='word_1_96' title='bbox 1292 993 1373 1121; x_wconf 62' lang='grc'>011</span> <span class='ocrx_word' id='word_1_97' title='bbox 1394 976 1838 1140; x_wconf 47' lang='lat' dir='ltr'>”summittit</span> <span class='ocrx_word' id='word_1_98' title='bbox 1852 1064 1876 1147; x_wconf 74' lang='grc' dir='ltr'>ι)</span> <span class='ocrx_word' id='word_1_99' title='bbox 1909 1062 2067 1151; x_wconf 65' lang='grc'><strong>..661</strong></span> <span class='ocrx_word' id='word_1_100' title='bbox 2095 1063 2202 1145; x_wconf 62' lang='grc'>,66</span> 
     </span>
     <span class='ocr_line' id='line_1_9' title="bbox 191 1144 2202 1230; baseline 0 -18"><span class='ocrx_word' id='word_1_101' title='bbox 191 1156 251 1226; x_wconf 90' lang='grc'><strong>166,</strong></span> <span class='ocrx_word' id='word_1_102' title='bbox 274 1146 332 1211; x_wconf 87' lang='grc'>661</span> <span class='ocrx_word' id='word_1_103' title='bbox 353 1148 458 1230; x_wconf 89' lang='lat' dir='ltr'>magis</span> <span class='ocrx_word' id='word_1_104' title='bbox 480 1154 689 1229; x_wconf 85' lang='lat' dir='ltr'>praepostera</span> <span class='ocrx_word' id='word_1_105' title='bbox 708 1148 823 1223; x_wconf 82' lang='lat' dir='ltr'>versio,</span> <span class='ocrx_word' id='word_1_106' title='bbox 846 1147 881 1209; x_wconf 93' lang='grc'>16</span> <span class='ocrx_word' id='word_1_107' title='bbox 902 1167 966 1228; x_wconf 90' lang='grc'>666</span> <span class='ocrx_word' id='word_1_108' title='bbox 988 1145 1038 1209; x_wconf 87' lang='lat' dir='ltr'>vis</span> <span class='ocrx_word' id='word_1_109' title='bbox 1060 1144 1169 1228; x_wconf 83' lang='lat' dir='ltr'>graeci</span> <span class='ocrx_word' id='word_1_110' title='bbox 1220 1144 1426 1208; x_wconf 87' lang='lat' dir='ltr'>voluntatem</span> <span class='ocrx_word' id='word_1_111' title='bbox 1447 1144 1504 1210; x_wconf 90' lang='lat' dir='ltr'>sed</span> <span class='ocrx_word' id='word_1_112' title='bbox 1526 1168 1568 1210; x_wconf 84' lang='lat' dir='ltr'>cx</span> <span class='ocrx_word' id='word_1_113' title='bbox 1589 1147 1678 1212; x_wconf 91' lang='lat' dir='ltr'>mala</span> <span class='ocrx_word' id='word_1_114' title='bbox 1699 1149 1820 1212; x_wconf 90' lang='lat' dir='ltr'>mutari</span> <span class='ocrx_word' id='word_1_115' title='bbox 1840 1150 1875 1212; x_wconf 91' lang='lat' dir='ltr'>in</span> <span class='ocrx_word' id='word_1_116' title='bbox 1894 1148 2022 1226; x_wconf 89' lang='lat' dir='ltr'>bonam,</span> <span class='ocrx_word' id='word_1_117' title='bbox 2046 1158 2079 1212; x_wconf 89' lang='grc'>61</span> <span class='ocrx_word' id='word_1_118' title='bbox 2100 1169 2202 1230; x_wconf 91' lang='grc'><strong>66661</strong></span> 
     </span>
     <span class='ocr_line' id='line_1_10' title="bbox 192 1230 2202 1317; baseline 0 -19"><span class='ocrx_word' id='word_1_119' title='bbox 192 1233 321 1298; x_wconf 81' lang='lat' dir='ltr'>articuli</span> <span class='ocrx_word' id='word_1_120' title='bbox 343 1233 574 1314; x_wconf 88' lang='lat' dir='ltr'>praetermissa</span> <span class='ocrx_word' id='word_1_121' title='bbox 586 1234 656 1296; x_wconf 85' lang='lat' dir='ltr'>fuit.</span> <span class='ocrx_word' id='word_1_122' title='bbox 693 1233 779 1297; x_wconf 85' lang='lat' dir='ltr'>Nara</span> <span class='ocrx_word' id='word_1_123' title='bbox 799 1234 829 1296; x_wconf 86' lang='lat' dir='ltr'>si</span> <span class='ocrx_word' id='word_1_124' title='bbox 845 1233 888 1295; x_wconf 87' lang='lat' dir='ltr'>nd</span> <span class='ocrx_word' id='word_1_125' title='bbox 905 1231 1029 1295; x_wconf 78' lang='grc'><strong>6611166</strong></span> <span class='ocrx_word' id='word_1_126' title='bbox 1045 1231 1168 1308; x_wconf 83' lang='lat' dir='ltr'>reddas,</span> <span class='ocrx_word' id='word_1_127' title='bbox 1221 1230 1306 1294; x_wconf 89' lang='lat' dir='ltr'>bona</span> <span class='ocrx_word' id='word_1_128' title='bbox 1327 1230 1425 1301; x_wconf 81' lang='grc'><strong>166111</strong></span> <span class='ocrx_word' id='word_1_129' title='bbox 1447 1231 1604 1311; x_wconf 88' lang='lat' dir='ltr'>adiuvari,</span> <span class='ocrx_word' id='word_1_130' title='bbox 1627 1235 1789 1317; x_wconf 88' lang='lat' dir='ltr'>significat</span> <span class='ocrx_word' id='word_1_131' title='bbox 1805 1241 1935 1298; x_wconf 90' lang='lat' dir='ltr'>tantum</span> <span class='ocrx_word' id='word_1_132' title='bbox 1952 1234 2119 1297; x_wconf 89' lang='lat' dir='ltr'>hominem</span> <span class='ocrx_word' id='word_1_133' title='bbox 2134 1255 2202 1299; x_wconf 90' lang='lat' dir='ltr'>non</span> 
     </span>
     <span class='ocr_line' id='line_1_11' title="bbox 191 1315 2201 1402; baseline 0 -20"><span class='ocrx_word' id='word_1_134' title='bbox 191 1319 344 1383; x_wconf 70' lang='lat' dir='ltr'>rendunt</span> <span class='ocrx_word' id='word_1_135' title='bbox 358 1320 495 1401; x_wconf 75' lang='lat' dir='ltr'>gratiam</span> <span class='ocrx_word' id='word_1_136' title='bbox 511 1319 572 1382; x_wconf 82' lang='lat' dir='ltr'>sibi</span> <span class='ocrx_word' id='word_1_137' title='bbox 588 1319 689 1400; x_wconf 80' lang='lat' dir='ltr'>fuisse</span> <span class='ocrx_word' id='word_1_138' title='bbox 706 1319 944 1399; x_wconf 65' lang='lat' dir='ltr'>cooperatricem</span> <span class='ocrx_word' id='word_1_139' title='bbox 963 1317 1018 1381; x_wconf 87' lang='lat' dir='ltr'>sed</span> <span class='ocrx_word' id='word_1_140' title='bbox 1033 1318 1170 1400; x_wconf 75' lang='lat' dir='ltr'>pretinm</span> <span class='ocrx_word' id='word_1_141' title='bbox 1221 1315 1268 1378; x_wconf 88' lang='lat' dir='ltr'>ita</span> <span class='ocrx_word' id='word_1_142' title='bbox 1294 1315 1397 1393; x_wconf 90' lang='lat' dir='ltr'>trahi,</span> <span class='ocrx_word' id='word_1_143' title='bbox 1427 1324 1465 1380; x_wconf 91' lang='lat' dir='ltr'>ut</span> <span class='ocrx_word' id='word_1_144' title='bbox 1492 1319 1562 1383; x_wconf 92' lang='lat' dir='ltr'>sine</span> <span class='ocrx_word' id='word_1_145' title='bbox 1588 1328 1679 1383; x_wconf 93' lang='lat' dir='ltr'>motu</span> <span class='ocrx_word' id='word_1_146' title='bbox 1706 1320 1813 1386; x_wconf 90' lang='lat' dir='ltr'>cordis</span> <span class='ocrx_word' id='word_1_147' title='bbox 1840 1321 1933 1402; x_wconf 93' lang='lat' dir='ltr'>quasi</span> <span class='ocrx_word' id='word_1_148' title='bbox 1955 1327 2111 1383; x_wconf 83' lang='grc'><strong>6111111666</strong></span> <span class='ocrx_word' id='word_1_149' title='bbox 2138 1320 2201 1383; x_wconf 93' lang='lat' dir='ltr'>im·</span> 
     </span>
     <span class='ocr_line' id='line_1_12' title="bbox 190 1400 2201 1487; baseline 0.002 -20"><span class='ocrx_word' id='word_1_150' title='bbox 190 1404 352 1487; x_wconf 85' lang='lat' dir='ltr'>quaesibi</span> <span class='ocrx_word' id='word_1_151' title='bbox 373 1404 969 1486; x_wconf 67' lang='lat' dir='ltr'>ueteratoruaiurafuisseeffectricem.</span> <span class='ocrx_word' id='word_1_152' title='bbox 1013 1402 1116 1483; x_wconf 84' lang='lat' dir='ltr'>Atque</span> <span class='ocrx_word' id='word_1_153' title='bbox 1134 1401 1171 1465; x_wconf 90' lang='lat' dir='ltr'>id</span> <span class='ocrx_word' id='word_1_154' title='bbox 1220 1400 1319 1482; x_wconf 87' lang='lat' dir='ltr'>pulsu</span> <span class='ocrx_word' id='word_1_155' title='bbox 1339 1401 1480 1481; x_wconf 75' lang='lat' dir='ltr'>feratu,</span> <span class='ocrx_word' id='word_1_156' title='bbox 1503 1403 1561 1469; x_wconf 91' lang='lat' dir='ltr'>sed</span> <span class='ocrx_word' id='word_1_157' title='bbox 1583 1405 1672 1469; x_wconf 87' lang='lat' dir='ltr'>intus</span> <span class='ocrx_word' id='word_1_158' title='bbox 1694 1407 1740 1470; x_wconf 91' lang='lat' dir='ltr'>sic</span> <span class='ocrx_word' id='word_1_159' title='bbox 1762 1406 1847 1471; x_wconf 88' lang='lat' dir='ltr'>affici</span> <span class='ocrx_word' id='word_1_160' title='bbox 1869 1413 1906 1470; x_wconf 90' lang='lat' dir='ltr'>nt</span> <span class='ocrx_word' id='word_1_161' title='bbox 1928 1427 1968 1469; x_wconf 88' lang='lat' dir='ltr'>ex</span> <span class='ocrx_word' id='word_1_162' title='bbox 1991 1404 2087 1471; x_wconf 91' lang='lat' dir='ltr'>corde</span> <span class='ocrx_word' id='word_1_163' title='bbox 2109 1407 2201 1471; x_wconf 90' lang='lat' dir='ltr'>obse-</span> 
     </span>
     <span class='ocr_line' id='line_1_13' title="bbox 190 1485 2202 1578; baseline 0.001 -24"><span class='ocrx_word' id='word_1_164' title='bbox 190 1510 253 1554; x_wconf 85' lang='grc'>666</span> <span class='ocrx_word' id='word_1_165' title='bbox 274 1489 405 1578; x_wconf 71' lang='lat' dir='ltr'>manue,</span> <span class='ocrx_word' id='word_1_166' title='bbox 428 1491 495 1554; x_wconf 84' lang='lat' dir='ltr'>licet</span> <span class='ocrx_word' id='word_1_167' title='bbox 515 1490 652 1567; x_wconf 74' lang='grc'><strong>11661161,</strong></span> <span class='ocrx_word' id='word_1_168' title='bbox 674 1491 755 1554; x_wconf 80' lang='lat' dir='ltr'>dead</span> <span class='ocrx_word' id='word_1_169' title='bbox 776 1489 984 1572; x_wconf 72' lang='lat' dir='ltr'>Augustinus,</span> <span class='ocrx_word' id='word_1_170' title='bbox 1007 1509 1103 1569; x_wconf 86' lang='lat' dir='ltr'>quum</span> <span class='ocrx_word' id='word_1_171' title='bbox 1123 1489 1170 1551; x_wconf 84' lang='lat' dir='ltr'>ita</span> <span class='ocrx_word' id='word_1_172' title='bbox 1221 1494 1349 1568; x_wconf 73' lang='lat' dir='ltr'>quatur</span> <span class='ocrx_word' id='word_1_173' title='bbox 1391 1485 1584 1570; x_wconf 80' lang='lat' dir='ltr'>Speoialitcr</span> <span class='ocrx_word' id='word_1_174' title='bbox 1606 1492 1811 1574; x_wconf 80' lang='lat' dir='ltr'>gratuitoque</span> <span class='ocrx_word' id='word_1_175' title='bbox 1829 1492 1939 1557; x_wconf 89' lang='lat' dir='ltr'>electis</span> <span class='ocrx_word' id='word_1_176' title='bbox 1955 1490 2038 1570; x_wconf 81' lang='grc'><strong>11611,</strong></span> <span class='ocrx_word' id='word_1_177' title='bbox 2061 1494 2096 1555; x_wconf 92' lang='grc'>16</span> <span class='ocrx_word' id='word_1_178' title='bbox 2112 1491 2202 1558; x_wconf 92' lang='lat' dir='ltr'>hunc</span> 
     </span>
     <span class='ocr_line' id='line_1_14' title="bbox 190 1571 2201 1662; baseline 0.001 -23"><span class='ocrx_word' id='word_1_179' title='bbox 190 1577 343 1657; x_wconf 86' lang='lat' dir='ltr'>loquitur:</span> <span class='ocrx_word' id='word_1_180' title='bbox 367 1577 524 1657; x_wconf 80' lang='lat' dir='ltr'>praecedit</span> <span class='ocrx_word' id='word_1_181' title='bbox 549 1576 690 1640; x_wconf 83' lang='grc'><strong>66166166</strong></span> <span class='ocrx_word' id='word_1_182' title='bbox 717 1576 794 1640; x_wconf 81' lang='lat' dir='ltr'>boun</span> <span class='ocrx_word' id='word_1_183' title='bbox 821 1575 955 1639; x_wconf 78' lang='grc'><strong>16161616</strong></span> <span class='ocrx_word' id='word_1_184' title='bbox 981 1575 1080 1638; x_wconf 81' lang='lat' dir='ltr'>mutto</span> <span class='ocrx_word' id='word_1_185' title='bbox 1105 1573 1170 1637; x_wconf 84' lang='lat' dir='ltr'>Dei</span> <span class='ocrx_word' id='word_1_186' title='bbox 1221 1571 1354 1636; x_wconf 90' lang='lat' dir='ltr'>modum</span> <span class='ocrx_word' id='word_1_187' title='bbox 1375 1572 1417 1638; x_wconf 92' lang='lat' dir='ltr'>ad</span> <span class='ocrx_word' id='word_1_188' title='bbox 1438 1574 1645 1640; x_wconf 83' lang='lat' dir='ltr'>Bonifacium</span> <span class='ocrx_word' id='word_1_189' title='bbox 1667 1577 1792 1642; x_wconf 81' lang='lat' dir='ltr'>scribit:</span> <span class='ocrx_word' id='word_1_190' title='bbox 1807 1577 1836 1662; x_wconf 72' lang='lat'>2)</span> <span class='ocrx_word' id='word_1_191' title='bbox 1865 1579 1985 1642; x_wconf 91' lang='lat' dir='ltr'>scimus</span> <span class='ocrx_word' id='word_1_192' title='bbox 2007 1598 2072 1642; x_wconf 91' lang='lat' dir='ltr'>non</span> <span class='ocrx_word' id='word_1_193' title='bbox 2095 1578 2201 1642; x_wconf 90' lang='lat' dir='ltr'>omni·</span> 
     </span>
     <span class='ocr_line' id='line_1_15' title="bbox 191 1657 2200 1746; baseline 0.001 -20"><span class='ocrx_word' id='word_1_194' title='bbox 191 1663 287 1739; x_wconf 85' lang='lat' dir='ltr'>douc,</span> <span class='ocrx_word' id='word_1_195' title='bbox 314 1663 368 1726; x_wconf 85' lang='lat' dir='ltr'>sed</span> <span class='ocrx_word' id='word_1_196' title='bbox 395 1682 456 1725; x_wconf 80' lang='lat' dir='ltr'>nou</span> <span class='ocrx_word' id='word_1_197' title='bbox 474 1664 595 1741; x_wconf 72' lang='lat' dir='ltr'>onmia,</span> <span class='ocrx_word' id='word_1_198' title='bbox 625 1683 703 1743; x_wconf 85' lang='lat' dir='ltr'>quae</span> <span class='ocrx_word' id='word_1_199' title='bbox 724 1667 826 1726; x_wconf 85' lang='lat' dir='ltr'>autera</span> <span class='ocrx_word' id='word_1_200' title='bbox 847 1661 1005 1742; x_wconf 83' lang='lat' dir='ltr'>praecedit</span> <span class='ocrx_word' id='word_1_201' title='bbox 1025 1661 1112 1741; x_wconf 88' lang='lat' dir='ltr'>ipsa,</span> <span class='ocrx_word' id='word_1_202' title='bbox 1134 1660 1170 1722; x_wconf 87' lang='lat' dir='ltr'>iu</span> <span class='ocrx_word' id='word_1_203' title='bbox 1221 1658 1282 1722; x_wconf 87' lang='lat' dir='ltr'>bus</span> <span class='ocrx_word' id='word_1_204' title='bbox 1310 1657 1497 1726; x_wconf 91' lang='lat' dir='ltr'>hominibus</span> <span class='ocrx_word' id='word_1_205' title='bbox 1524 1661 1597 1726; x_wconf 91' lang='lat' dir='ltr'>dari</span> <span class='ocrx_word' id='word_1_206' title='bbox 1617 1663 1681 1727; x_wconf 90' lang='lat' dir='ltr'>Dei</span> <span class='ocrx_word' id='word_1_207' title='bbox 1709 1664 1850 1746; x_wconf 81' lang='lat' dir='ltr'>gratiam</span> <span class='ocrx_word' id='word_1_208' title='bbox 1857 1686 1865 1742; x_wconf 93' lang='lat'>;</span> <span class='ocrx_word' id='word_1_209' title='bbox 1894 1665 2064 1746; x_wconf 86' lang='lat' dir='ltr'>atquibus</span> <span class='ocrx_word' id='word_1_210' title='bbox 2094 1663 2200 1743; x_wconf 84' lang='grc'><strong>(16161,</strong></span> 
     </span>
     <span class='ocr_line' id='line_1_16' title="bbox 191 1745 2200 1832; baseline 0 -20"><span class='ocrx_word' id='word_1_211' title='bbox 191 1749 238 1812; x_wconf 86' lang='lat' dir='ltr'>eis</span> <span class='ocrx_word' id='word_1_212' title='bbox 258 1752 285 1812; x_wconf 90' lang='lat' dir='ltr'>et</span> <span class='ocrx_word' id='word_1_213' title='bbox 305 1749 378 1828; x_wconf 82' lang='lat' dir='ltr'>ipsa</span> <span class='ocrx_word' id='word_1_214' title='bbox 399 1752 450 1811; x_wconf 81' lang='lat' dir='ltr'>cst.</span> <span class='ocrx_word' id='word_1_215' title='bbox 502 1747 649 1829; x_wconf 77' lang='lat' dir='ltr'>Sequitur</span> <span class='ocrx_word' id='word_1_216' title='bbox 668 1748 777 1811; x_wconf 85' lang='lat' dir='ltr'>deiude</span> <span class='ocrx_word' id='word_1_217' title='bbox 797 1749 894 1811; x_wconf 80' lang='lat' dir='ltr'>ratio:</span> <span class='ocrx_word' id='word_1_218' title='bbox 921 1747 997 1827; x_wconf 85' lang='lat' dir='ltr'>quia</span> <span class='ocrx_word' id='word_1_219' title='bbox 1020 1747 1169 1827; x_wconf 72' lang='lat' dir='ltr'>scriptum</span> <span class='ocrx_word' id='word_1_220' title='bbox 1221 1765 1326 1825; x_wconf 91' lang='lat' dir='ltr'>neque</span> <span class='ocrx_word' id='word_1_221' title='bbox 1348 1745 1527 1811; x_wconf 90' lang='lat' dir='ltr'>secundum</span> <span class='ocrx_word' id='word_1_222' title='bbox 1549 1749 1668 1813; x_wconf 89' lang='lat' dir='ltr'>merita</span> <span class='ocrx_word' id='word_1_223' title='bbox 1688 1769 1824 1832; x_wconf 89' lang='lat' dir='ltr'>operum</span> <span class='ocrx_word' id='word_1_224' title='bbox 1844 1749 1929 1829; x_wconf 89' lang='lat' dir='ltr'>dari,</span> <span class='ocrx_word' id='word_1_225' title='bbox 1958 1771 2062 1831; x_wconf 90' lang='lat' dir='ltr'>noque</span> <span class='ocrx_word' id='word_1_226' title='bbox 2085 1771 2200 1814; x_wconf 88' lang='lat' dir='ltr'>secun-</span> 
     </span>
     <span class='ocr_line' id='line_1_17' title="bbox 190 1829 2201 1920; baseline 0.001 -22"><span class='ocrx_word' id='word_1_227' title='bbox 190 1836 250 1916; x_wconf 82' lang='lat' dir='ltr'>sit,</span> <span class='ocrx_word' id='word_1_228' title='bbox 276 1833 490 1897; x_wconf 77' lang='lat' dir='ltr'>misericordia</span> <span class='ocrx_word' id='word_1_229' title='bbox 516 1835 584 1898; x_wconf 86' lang='lat' dir='ltr'>cius</span> <span class='ocrx_word' id='word_1_230' title='bbox 605 1835 783 1914; x_wconf 81' lang='lat' dir='ltr'>praeveniet</span> <span class='ocrx_word' id='word_1_231' title='bbox 807 1853 871 1911; x_wconf 87' lang='lat' dir='ltr'>me,</span> <span class='ocrx_word' id='word_1_232' title='bbox 903 1832 1170 1898; x_wconf 73' lang='lat' dir='ltr'>etmrserieerdia</span> <span class='ocrx_word' id='word_1_233' title='bbox 1222 1829 1302 1893; x_wconf 91' lang='grc'><strong>1661</strong></span> <span class='ocrx_word' id='word_1_234' title='bbox 1331 1832 1448 1895; x_wconf 88' lang='lat' dir='ltr'>merita</span> <span class='ocrx_word' id='word_1_235' title='bbox 1468 1833 1662 1913; x_wconf 84' lang='lat' dir='ltr'>voluntatis,</span> <span class='ocrx_word' id='word_1_236' title='bbox 1692 1835 1749 1901; x_wconf 92' lang='lat' dir='ltr'>sed</span> <span class='ocrx_word' id='word_1_237' title='bbox 1774 1835 1918 1920; x_wconf 82' lang='lat' dir='ltr'>gratrita</span> <span class='ocrx_word' id='word_1_238' title='bbox 1941 1836 2061 1919; x_wconf 81' lang='lat' dir='ltr'>gratia3</span> <span class='ocrx_word' id='word_1_239' title='bbox 2083 1835 2201 1918; x_wconf 87' lang='lat' dir='ltr'>quibus</span> 
     </span>
     <span class='ocr_line' id='line_1_18' title="bbox 191 1914 2201 2000; baseline 0 -15"><span class='ocrx_word' id='word_1_240' title='bbox 191 1921 260 1985; x_wconf 85' lang='lat' dir='ltr'>eius</span> <span class='ocrx_word' id='word_1_241' title='bbox 280 1919 479 2000; x_wconf 83' lang='lat' dir='ltr'>subsequetur</span> <span class='ocrx_word' id='word_1_242' title='bbox 498 1939 554 1983; x_wconf 83' lang='lat' dir='ltr'>me.</span> <span class='ocrx_word' id='word_1_243' title='bbox 594 1919 753 1984; x_wconf 79' lang='lat' dir='ltr'>Nolentem</span> <span class='ocrx_word' id='word_1_244' title='bbox 768 1920 994 2000; x_wconf 62' lang='lat' dir='ltr'>praesentiat</span> <span class='ocrx_word' id='word_1_245' title='bbox 1013 1917 1099 1996; x_wconf 60' lang='lat' dir='ltr'>aaa</span> <span class='ocrx_word' id='word_1_246' title='bbox 1120 1937 1169 1981; x_wconf 79' lang='grc'>66</span> <span class='ocrx_word' id='word_1_247' title='bbox 1221 1936 1287 1979; x_wconf 91' lang='grc'>666</span> <span class='ocrx_word' id='word_1_248' title='bbox 1310 1914 1421 1994; x_wconf 88' lang='grc'><strong>161111,</strong></span> <span class='ocrx_word' id='word_1_249' title='bbox 1449 1919 1570 1984; x_wconf 91' lang='lat' dir='ltr'>scimus</span> <span class='ocrx_word' id='word_1_250' title='bbox 1596 1921 1680 1985; x_wconf 90' lang='lat' dir='ltr'>iusto</span> <span class='ocrx_word' id='word_1_251' title='bbox 1702 1922 1766 1986; x_wconf 91' lang='lat' dir='ltr'>Dei</span> <span class='ocrx_word' id='word_1_252' title='bbox 1796 1921 2002 1987; x_wconf 89' lang='grc'><strong>1611616666</strong></span> <span class='ocrx_word' id='word_1_253' title='bbox 2026 1920 2105 1985; x_wconf 92' lang='lat' dir='ltr'>dari.</span> <span class='ocrx_word' id='word_1_254' title='bbox 2150 1922 2201 1987; x_wconf 91' lang='lat' dir='ltr'>Ao</span> 
     </span>
     <span class='ocr_line' id='line_1_19' title="bbox 191 2000 2199 2090; baseline 0 -21"><span class='ocrx_word' id='word_1_255' title='bbox 191 2005 300 2070; x_wconf 80' lang='grc'><strong>1611661</strong></span> <span class='ocrx_word' id='word_1_256' title='bbox 320 2005 524 2086; x_wconf 76' lang='lat' dir='ltr'>subsequitur,</span> <span class='ocrx_word' id='word_1_257' title='bbox 545 2025 584 2068; x_wconf 84' lang='lat' dir='ltr'>ue</span> <span class='ocrx_word' id='word_1_258' title='bbox 602 2007 725 2087; x_wconf 74' lang='lat' dir='ltr'>frustra</span> <span class='ocrx_word' id='word_1_259' title='bbox 745 2005 823 2068; x_wconf 83' lang='lat' dir='ltr'>vetit.</span> <span class='ocrx_word' id='word_1_260' title='bbox 1220 2003 1256 2065; x_wconf 93' lang='lat' dir='ltr'>in</span> <span class='ocrx_word' id='word_1_261' title='bbox 1277 2000 1392 2065; x_wconf 87' lang='lat' dir='ltr'>eadem</span> <span class='ocrx_word' id='word_1_262' title='bbox 1414 2004 1550 2084; x_wconf 90' lang='lat' dir='ltr'>epistola</span> <span class='ocrx_word' id='word_1_263' title='bbox 1571 2006 1699 2071; x_wconf 86' lang='lat' dir='ltr'>fortiter</span> <span class='ocrx_word' id='word_1_264' title='bbox 1720 2029 1793 2072; x_wconf 91' lang='lat' dir='ltr'>eam</span> <span class='ocrx_word' id='word_1_265' title='bbox 1815 2008 2001 2090; x_wconf 89' lang='lat' dir='ltr'>opinionem</span> <span class='ocrx_word' id='word_1_266' title='bbox 2017 2008 2199 2090; x_wconf 88' lang='lat' dir='ltr'>impugnat,</span> 
     </span>
     <span class='ocr_line' id='line_1_20' title="bbox 280 2087 2200 2176; baseline 0.001 -21"><span class='ocrx_word' id='word_1_267' title='bbox 280 2096 329 2155; x_wconf 82' lang='grc'>59.</span> <span class='ocrx_word' id='word_1_268' title='bbox 381 2090 565 2156; x_wconf 80' lang='lat' dir='ltr'>Audiamus</span> <span class='ocrx_word' id='word_1_269' title='bbox 596 2112 685 2156; x_wconf 89' lang='lat' dir='ltr'>nunc</span> <span class='ocrx_word' id='word_1_270' title='bbox 712 2091 1032 2174; x_wconf 86' lang='lat' dir='ltr'>Angustinumsuis</span> <span class='ocrx_word' id='word_1_271' title='bbox 1060 2090 1169 2155; x_wconf 85' lang='lat' dir='ltr'>verbis</span> <span class='ocrx_word' id='word_1_272' title='bbox 1221 2107 1304 2168; x_wconf 85' lang='lat' dir='ltr'>quae</span> <span class='ocrx_word' id='word_1_273' title='bbox 1327 2087 1498 2152; x_wconf 89' lang='lat' dir='ltr'>hominum</span> <span class='ocrx_word' id='word_1_274' title='bbox 1525 2092 1651 2156; x_wconf 91' lang='lat' dir='ltr'>meritis</span> <span class='ocrx_word' id='word_1_275' title='bbox 1672 2093 1924 2175; x_wconf 83' lang='lat' dir='ltr'>subsequentem</span> <span class='ocrx_word' id='word_1_276' title='bbox 1945 2094 2086 2176; x_wconf 90' lang='lat' dir='ltr'>gratiam</span> <span class='ocrx_word' id='word_1_277' title='bbox 2108 2092 2200 2158; x_wconf 84' lang='lat' dir='ltr'>reddi</span> 
     </span>
     <span class='ocr_line' id='line_1_21' title="bbox 113 2174 2269 2262; baseline 0.001 -21"><span class='ocrx_word' id='word_1_278' title='bbox 113 2240 118 2247; x_wconf 80' lang='grc'><strong>,</strong></span> <span class='ocrx_word' id='word_1_279' title='bbox 192 2178 393 2260; x_wconf 88' lang='grc'><strong>1666661661,</strong></span> <span class='ocrx_word' id='word_1_280' title='bbox 426 2199 469 2241; x_wconf 88' lang='grc'>66</span> <span class='ocrx_word' id='word_1_281' title='bbox 502 2178 617 2242; x_wconf 88' lang='lat' dir='ltr'>aetatis</span> <span class='ocrx_word' id='word_1_282' title='bbox 646 2184 776 2242; x_wconf 88' lang='lat' dir='ltr'>nostrae</span> <span class='ocrx_word' id='word_1_283' title='bbox 805 2176 991 2260; x_wconf 85' lang='lat' dir='ltr'>Pelagiani,</span> <span class='ocrx_word' id='word_1_284' title='bbox 1025 2176 1087 2241; x_wconf 95' lang='lat' dir='ltr'>hoc</span> <span class='ocrx_word' id='word_1_285' title='bbox 1120 2183 1170 2241; x_wconf 90' lang='lat' dir='ltr'>est</span> <span class='ocrx_word' id='word_1_286' title='bbox 1220 2179 1322 2254; x_wconf 88' lang='lat' dir='ltr'>putat,</span> <span class='ocrx_word' id='word_1_287' title='bbox 1341 2174 1417 2255; x_wconf 91' lang='lat' dir='ltr'>quia</span> <span class='ocrx_word' id='word_1_288' title='bbox 1434 2175 1576 2256; x_wconf 89' lang='lat' dir='ltr'>primam</span> <span class='ocrx_word' id='word_1_289' title='bbox 1593 2178 1734 2260; x_wconf 70' lang='lat' dir='ltr'>gratiam</span> <span class='ocrx_word' id='word_1_290' title='bbox 1749 2200 1815 2243; x_wconf 92' lang='lat' dir='ltr'>non</span> <span class='ocrx_word' id='word_1_291' title='bbox 1833 2178 2014 2261; x_wconf 88' lang='lat' dir='ltr'>respuendo</span> <span class='ocrx_word' id='word_1_292' title='bbox 2032 2201 2068 2243; x_wconf 89' lang='lat' dir='ltr'>so</span> <span class='ocrx_word' id='word_1_293' title='bbox 2085 2178 2201 2262; x_wconf 87' lang='lat' dir='ltr'>dignos</span> <span class='ocrx_word' id='word_1_294' title='bbox 2266 2174 2269 2181; x_wconf 84' lang='grc'><strong>’</strong></span> 
     </span>
     <span class='ocr_line' id='line_1_22' title="bbox 192 2260 2200 2348; baseline -0 -19"><span class='ocrx_word' id='word_1_295' title='bbox 192 2263 353 2329; x_wconf 87' lang='lat' dir='ltr'>sorbonici</span> <span class='ocrx_word' id='word_1_296' title='bbox 380 2263 559 2345; x_wconf 84' lang='lat' dir='ltr'>sophistae,</span> <span class='ocrx_word' id='word_1_297' title='bbox 589 2270 691 2327; x_wconf 86' lang='lat' dir='ltr'>totam</span> <span class='ocrx_word' id='word_1_298' title='bbox 713 2268 910 2327; x_wconf 85' lang='lat' dir='ltr'>vetustatem</span> <span class='ocrx_word' id='word_1_299' title='bbox 937 2263 1031 2328; x_wconf 91' lang='lat' dir='ltr'>nobis</span> <span class='ocrx_word' id='word_1_300' title='bbox 1053 2261 1169 2327; x_wconf 87' lang='lat' dir='ltr'>adver·</span> <span class='ocrx_word' id='word_1_301' title='bbox 1220 2260 1450 2341; x_wconf 74' lang='lat' dir='ltr'>praestiterint</span> <span class='ocrx_word' id='word_1_302' title='bbox 1484 2261 1568 2324; x_wconf 85' lang='lat' dir='ltr'>Vult</span> <span class='ocrx_word' id='word_1_303' title='bbox 1589 2264 1679 2347; x_wconf 83' lang='lat' dir='ltr'>enim</span> <span class='ocrx_word' id='word_1_304' title='bbox 1695 2264 1868 2348; x_wconf 81' lang='lat' dir='ltr'>Pelagium</span> <span class='ocrx_word' id='word_1_305' title='bbox 1885 2265 1991 2342; x_wconf 88' lang='lat' dir='ltr'>fateri,</span> <span class='ocrx_word' id='word_1_306' title='bbox 2013 2266 2106 2330; x_wconf 91' lang='lat' dir='ltr'>nobis</span> <span class='ocrx_word' id='word_1_307' title='bbox 2125 2286 2200 2347; x_wconf 86' lang='lat' dir='ltr'>gra·</span> 
     </span>
     <span class='ocr_line' id='line_1_23' title="bbox 192 2345 2200 2433; baseline 0.001 -19"><span class='ocrx_word' id='word_1_308' title='bbox 192 2370 264 2414; x_wconf 91' lang='lat' dir='ltr'>sam</span> <span class='ocrx_word' id='word_1_309' title='bbox 285 2371 344 2432; x_wconf 90' lang='lat' dir='ltr'>pro</span> <span class='ocrx_word' id='word_1_310' title='bbox 366 2369 424 2413; x_wconf 90' lang='lat' dir='ltr'>suo</span> <span class='ocrx_word' id='word_1_311' title='bbox 440 2369 536 2413; x_wconf 87' lang='lat' dir='ltr'>more</span> <span class='ocrx_word' id='word_1_312' title='bbox 558 2350 779 2414; x_wconf 81' lang='lat' dir='ltr'>criminentu.</span> <span class='ocrx_word' id='word_1_313' title='bbox 825 2348 867 2413; x_wconf 91' lang='lat' dir='ltr'>In</span> <span class='ocrx_word' id='word_1_314' title='bbox 888 2369 951 2430; x_wconf 94' lang='lat' dir='ltr'>quo</span> <span class='ocrx_word' id='word_1_315' title='bbox 972 2347 1095 2413; x_wconf 91' lang='lat' dir='ltr'>scilicet</span> <span class='ocrx_word' id='word_1_316' title='bbox 1111 2369 1169 2430; x_wconf 91' lang='lat' dir='ltr'>pa-</span> <span class='ocrx_word' id='word_1_317' title='bbox 1222 2345 1303 2409; x_wconf 91' lang='lat' dir='ltr'>tiam</span> <span class='ocrx_word' id='word_1_318' title='bbox 1330 2347 1546 2411; x_wconf 88' lang='lat' dir='ltr'>necessariam</span> <span class='ocrx_word' id='word_1_319' title='bbox 1574 2369 1645 2414; x_wconf 87' lang='lat' dir='ltr'>esse</span> <span class='ocrx_word' id='word_1_320' title='bbox 1676 2349 1718 2413; x_wconf 88' lang='lat' dir='ltr'>ad</span> <span class='ocrx_word' id='word_1_321' title='bbox 1740 2350 1887 2433; x_wconf 72' lang='lat' dir='ltr'>singalas</span> <span class='ocrx_word' id='word_1_322' title='bbox 1909 2352 2066 2427; x_wconf 87' lang='lat' dir='ltr'>actiones,</span> <span class='ocrx_word' id='word_1_323' title='bbox 2095 2370 2200 2433; x_wconf 89' lang='grc'><strong>66666</strong></span> 
     </span>
     <span class='ocr_line' id='line_1_24' title="bbox 192 2431 2200 2518; baseline 0.001 -19"><span class='ocrx_word' id='word_1_324' title='bbox 192 2443 278 2500; x_wconf 88' lang='grc'><strong>11616</strong></span> <span class='ocrx_word' id='word_1_325' title='bbox 304 2445 401 2500; x_wconf 87' lang='grc'><strong>66661</strong></span> <span class='ocrx_word' id='word_1_326' title='bbox 429 2435 602 2517; x_wconf 84' lang='lat' dir='ltr'>Pelagium</span> <span class='ocrx_word' id='word_1_327' title='bbox 627 2436 812 2513; x_wconf 85' lang='lat' dir='ltr'>imitantur,</span> <span class='ocrx_word' id='word_1_328' title='bbox 842 2455 945 2516; x_wconf 90' lang='lat' dir='ltr'>aquo</span> <span class='ocrx_word' id='word_1_329' title='bbox 973 2432 1169 2498; x_wconf 88' lang='grc'><strong>1666616111</strong></span> <span class='ocrx_word' id='word_1_330' title='bbox 1222 2431 1373 2512; x_wconf 88' lang='lat' dir='ltr'>operibus</span> <span class='ocrx_word' id='word_1_331' title='bbox 1394 2432 1538 2510; x_wconf 87' lang='lat' dir='ltr'>retribui,</span> <span class='ocrx_word' id='word_1_332' title='bbox 1561 2456 1624 2516; x_wconf 92' lang='lat' dir='ltr'>quo</span> <span class='ocrx_word' id='word_1_333' title='bbox 1646 2436 1787 2501; x_wconf 77' lang='grc'><strong>6111616</strong></span> <span class='ocrx_word' id='word_1_334' title='bbox 1809 2437 1924 2518; x_wconf 88' lang='lat' dir='ltr'>gratia</span> <span class='ocrx_word' id='word_1_335' title='bbox 1963 2433 2030 2501; x_wconf 84' lang='lat' dir='ltr'>Sed</span> <span class='ocrx_word' id='word_1_336' title='bbox 2051 2437 2200 2502; x_wconf 80' lang='lat' dir='ltr'>breviore</span> 
     </span>
     <span class='ocr_line' id='line_1_25' title="bbox 185 2514 2201 2604; baseline 0.001 -19"><span class='ocrx_word' id='word_1_337' title='bbox 185 2514 270 2585; x_wconf 59' lang='lat' dir='ltr'>‘olim</span> <span class='ocrx_word' id='word_1_338' title='bbox 291 2542 425 2585; x_wconf 83' lang='lat' dir='ltr'>arenam</span> <span class='ocrx_word' id='word_1_339' title='bbox 446 2521 523 2603; x_wconf 90' lang='lat' dir='ltr'>ipse</span> <span class='ocrx_word' id='word_1_340' title='bbox 537 2522 743 2604; x_wconf 83' lang='lat' dir='ltr'>Augustinus</span> <span class='ocrx_word' id='word_1_341' title='bbox 765 2528 948 2602; x_wconf 89' lang='lat' dir='ltr'>protractus</span> <span class='ocrx_word' id='word_1_342' title='bbox 971 2527 1028 2585; x_wconf 91' lang='lat' dir='ltr'>est.</span> <span class='ocrx_word' id='word_1_343' title='bbox 1067 2520 1170 2584; x_wconf 87' lang='lat' dir='ltr'>Libro</span> <span class='ocrx_word' id='word_1_344' title='bbox 1221 2538 1351 2581; x_wconf 90' lang='lat' dir='ltr'>summa</span> <span class='ocrx_word' id='word_1_345' title='bbox 1372 2518 1602 2599; x_wconf 87' lang='lat' dir='ltr'>comprehendi</span> <span class='ocrx_word' id='word_1_346' title='bbox 1620 2542 1673 2585; x_wconf 90' lang='lat' dir='ltr'>res</span> <span class='ocrx_word' id='word_1_347' title='bbox 1689 2541 1756 2585; x_wconf 90' lang='lat' dir='ltr'>non</span> <span class='ocrx_word' id='word_1_348' title='bbox 1773 2527 1888 2602; x_wconf 89' lang='lat' dir='ltr'>potest,</span> <span class='ocrx_word' id='word_1_349' title='bbox 1911 2543 2009 2603; x_wconf 92' lang='lat' dir='ltr'>quam</span> <span class='ocrx_word' id='word_1_350' title='bbox 2027 2544 2069 2586; x_wconf 84' lang='grc'>611</span> <span class='ocrx_word' id='word_1_351' title='bbox 2087 2529 2201 2591; x_wconf 75' lang='lat' dir='ltr'>octavo</span> 
     </span>
     <span class='ocr_line' id='line_1_26' title="bbox 193 2603 2198 2691; baseline 0.001 -21"><span class='ocrx_word' id='word_1_352' title='bbox 193 2605 233 2672; x_wconf 88' lang='lat' dir='ltr'>de</span> <span class='ocrx_word' id='word_1_353' title='bbox 263 2607 464 2688; x_wconf 88' lang='lat' dir='ltr'>correptione</span> <span class='ocrx_word' id='word_1_354' title='bbox 492 2616 526 2670; x_wconf 86' lang='lat' dir='ltr'>et</span> <span class='ocrx_word' id='word_1_355' title='bbox 551 2608 666 2689; x_wconf 90' lang='lat' dir='ltr'>gratia,</span> <span class='ocrx_word' id='word_1_356' title='bbox 681 2607 707 2688; x_wconf 90' lang='lat'>¹)</span> <span class='ocrx_word' id='word_1_357' title='bbox 736 2606 778 2671; x_wconf 89' lang='lat' dir='ltr'>ad</span> <span class='ocrx_word' id='word_1_358' title='bbox 804 2606 1035 2683; x_wconf 83' lang='lat' dir='ltr'>Valentinum,</span> <span class='ocrx_word' id='word_1_359' title='bbox 1066 2606 1169 2670; x_wconf 87' lang='grc'><strong>1116166</strong></span> <span class='ocrx_word' id='word_1_360' title='bbox 1222 2603 1327 2684; x_wconf 87' lang='lat' dir='ltr'>capite</span> <span class='ocrx_word' id='word_1_361' title='bbox 1348 2603 1424 2669; x_wconf 90' lang='lat' dir='ltr'>libri</span> <span class='ocrx_word' id='word_1_362' title='bbox 1441 2603 1484 2668; x_wconf 87' lang='lat' dir='ltr'>ad</span> <span class='ocrx_word' id='word_1_363' title='bbox 1500 2605 1724 2684; x_wconf 81' lang='lat' dir='ltr'>Valentinum,</span> <span class='ocrx_word' id='word_1_364' title='bbox 1748 2605 1788 2670; x_wconf 90' lang='lat' dir='ltr'>de</span> <span class='ocrx_word' id='word_1_365' title='bbox 1809 2607 2011 2689; x_wconf 88' lang='lat' dir='ltr'>correptione</span> <span class='ocrx_word' id='word_1_366' title='bbox 2029 2616 2062 2671; x_wconf 88' lang='grc'>61</span> <span class='ocrx_word' id='word_1_367' title='bbox 2078 2608 2198 2691; x_wconf 89' lang='lat' dir='ltr'>gratia:</span> 
     </span>
     <span class='ocr_line' id='line_1_27' title="bbox 191 2688 2199 2775; baseline -0 -17"><span class='ocrx_word' id='word_1_368' title='bbox 191 2693 381 2775; x_wconf 87' lang='lat' dir='ltr'>exsequitur</span> <span class='ocrx_word' id='word_1_369' title='bbox 397 2691 483 2774; x_wconf 90' lang='lat' dir='ltr'>quod</span> <span class='ocrx_word' id='word_1_370' title='bbox 499 2693 652 2771; x_wconf 87' lang='lat' dir='ltr'>breviter,</span> <span class='ocrx_word' id='word_1_371' title='bbox 670 2694 740 2757; x_wconf 92' lang='lat' dir='ltr'>eius</span> <span class='ocrx_word' id='word_1_372' title='bbox 753 2699 865 2757; x_wconf 90' lang='lat' dir='ltr'>tamen</span> <span class='ocrx_word' id='word_1_373' title='bbox 879 2692 994 2769; x_wconf 88' lang='lat' dir='ltr'>verbis,</span> <span class='ocrx_word' id='word_1_374' title='bbox 1013 2691 1167 2755; x_wconf 87' lang='lat' dir='ltr'>referam:</span> <span class='ocrx_word' id='word_1_375' title='bbox 1222 2688 1278 2752; x_wconf 91' lang='lat' dir='ltr'>ubi</span> <span class='ocrx_word' id='word_1_376' title='bbox 1294 2689 1438 2769; x_wconf 89' lang='lat' dir='ltr'>primum</span> <span class='ocrx_word' id='word_1_377' title='bbox 1456 2689 1558 2768; x_wconf 90' lang='lat' dir='ltr'>docet,</span> <span class='ocrx_word' id='word_1_378' title='bbox 1581 2691 1667 2774; x_wconf 91' lang='lat' dir='ltr'>quod</span> <span class='ocrx_word' id='word_1_379' title='bbox 1685 2692 1830 2757; x_wconf 88' lang='lat' dir='ltr'>humana</span> <span class='ocrx_word' id='word_1_380' title='bbox 1846 2691 1999 2758; x_wconf 82' lang='lat' dir='ltr'>voluntas</span> <span class='ocrx_word' id='word_1_381' title='bbox 2018 2714 2083 2757; x_wconf 89' lang='lat' dir='ltr'>non</span> <span class='ocrx_word' id='word_1_382' title='bbox 2101 2694 2199 2759; x_wconf 89' lang='lat' dir='ltr'>liber-</span> 
     </span>
     <span class='ocr_line' id='line_1_28' title="bbox 190 2775 2200 2862; baseline 0 -20"><span class='ocrx_word' id='word_1_383' title='bbox 190 2779 333 2862; x_wconf 87' lang='lat' dir='ltr'>gratiam</span> <span class='ocrx_word' id='word_1_384' title='bbox 352 2777 549 2860; x_wconf 87' lang='lat' dir='ltr'>persistendi</span> <span class='ocrx_word' id='word_1_385' title='bbox 575 2779 718 2844; x_wconf 92' lang='lat' dir='ltr'>inbono</span> <span class='ocrx_word' id='word_1_386' title='bbox 744 2778 838 2843; x_wconf 87' lang='lat' dir='ltr'>Adae</span> <span class='ocrx_word' id='word_1_387' title='bbox 865 2778 965 2842; x_wconf 89' lang='lat' dir='ltr'>fuisse</span> <span class='ocrx_word' id='word_1_388' title='bbox 987 2776 1112 2855; x_wconf 91' lang='lat' dir='ltr'>datam,</span> <span class='ocrx_word' id='word_1_389' title='bbox 1141 2777 1170 2841; x_wconf 88' lang='lat' dir='ltr'>si</span> <span class='ocrx_word' id='word_1_390' title='bbox 1221 2780 1289 2837; x_wconf 87' lang='lat' dir='ltr'>tate</span> <span class='ocrx_word' id='word_1_391' title='bbox 1322 2775 1476 2857; x_wconf 87' lang='lat' dir='ltr'>gratiam,</span> <span class='ocrx_word' id='word_1_392' title='bbox 1515 2776 1573 2841; x_wconf 91' lang='lat' dir='ltr'>sed</span> <span class='ocrx_word' id='word_1_393' title='bbox 1612 2779 1718 2861; x_wconf 89' lang='lat' dir='ltr'>gratia</span> <span class='ocrx_word' id='word_1_394' title='bbox 1747 2787 1963 2860; x_wconf 90' lang='lat' dir='ltr'>consequatur</span> <span class='ocrx_word' id='word_1_395' title='bbox 2001 2778 2200 2859; x_wconf 64' lang='lat' dir='ltr'>libertatem</span> 
     </span>
    </p>
   </div>
   <div class='ocr_carea' id='block_1_3' title="bbox 189 2860 2302 2947">
    <p class='ocr_par' dir='ltr' id='par_1_3' title="bbox 189 2860 2302 2947">
     <span class='ocr_line' id='line_1_29' title="bbox 189 2860 2302 2947; baseline -0 -17"><span class='ocrx_word' id='word_1_396' title='bbox 189 2864 306 2943; x_wconf 80' lang='lat' dir='ltr'>vellet3</span> <span class='ocrx_word' id='word_1_397' title='bbox 328 2864 421 2928; x_wconf 90' lang='lat' dir='ltr'>nobis</span> <span class='ocrx_word' id='word_1_398' title='bbox 442 2863 573 2929; x_wconf 87' lang='grc'><strong>161161</strong></span> <span class='ocrx_word' id='word_1_399' title='bbox 594 2865 732 2937; x_wconf 87' lang='lat' dir='ltr'>velimus</span> <span class='ocrx_word' id='word_1_400' title='bbox 755 2885 793 2929; x_wconf 89' lang='lat' dir='ltr'>ac</span> <span class='ocrx_word' id='word_1_401' title='bbox 810 2864 979 2929; x_wconf 87' lang='lat' dir='ltr'>voluntate</span> <span class='ocrx_word' id='word_1_402' title='bbox 999 2863 1168 2945; x_wconf 86' lang='lat' dir='ltr'>coucupis-</span> <span class='ocrx_word' id='word_1_403' title='bbox 1221 2860 1307 2940; x_wconf 93' lang='lat' dir='ltr'>quod</span> <span class='ocrx_word' id='word_1_404' title='bbox 1328 2881 1388 2943; x_wconf 91' lang='lat' dir='ltr'>per</span> <span class='ocrx_word' id='word_1_405' title='bbox 1409 2860 1547 2926; x_wconf 91' lang='lat' dir='ltr'>eandem</span> <span class='ocrx_word' id='word_1_406' title='bbox 1569 2864 1710 2946; x_wconf 89' lang='lat' dir='ltr'>gratiam</span> <span class='ocrx_word' id='word_1_407' title='bbox 1731 2864 1889 2947; x_wconf 85' lang='lat' dir='ltr'>impresso</span> <span class='ocrx_word' id='word_1_408' title='bbox 1908 2863 2129 2929; x_wconf 87' lang='lat' dir='ltr'>delectationis</span> <span class='ocrx_word' id='word_1_409' title='bbox 2152 2864 2199 2929; x_wconf 88' lang='lat' dir='ltr'>af-</span> <span class='ocrx_word' id='word_1_410' title='bbox 2292 2863 2302 2880; x_wconf 77' lang='lat'><strong><em>⁴</em></strong></span> 
     </span>
    </p>
   </div>
   <div class='ocr_carea' id='block_1_4' title="bbox 114 2946 2201 5094">
    <p class='ocr_par' dir='ltr' id='par_1_4' title="bbox 186 2946 2201 3977">
     <span class='ocr_line' id='line_1_30' title="bbox 190 2946 2199 3035; baseline 0 -20"><span class='ocrx_word' id='word_1_411' title='bbox 190 2951 333 3015; x_wconf 89' lang='lat' dir='ltr'>centiam</span> <span class='ocrx_word' id='word_1_412' title='bbox 360 2971 559 3032; x_wconf 85' lang='lat' dir='ltr'>superemus.</span> <span class='ocrx_word' id='word_1_413' title='bbox 604 2950 768 3015; x_wconf 90' lang='lat' dir='ltr'>Habuisse</span> <span class='ocrx_word' id='word_1_414' title='bbox 790 2971 868 3035; x_wconf 89' lang='lat' dir='ltr'>ergo</span> <span class='ocrx_word' id='word_1_415' title='bbox 889 2949 984 3014; x_wconf 90' lang='lat' dir='ltr'>illum</span> <span class='ocrx_word' id='word_1_416' title='bbox 1005 2970 1113 3031; x_wconf 90' lang='lat' dir='ltr'>posse,</span> <span class='ocrx_word' id='word_1_417' title='bbox 1141 2950 1169 3013; x_wconf 90' lang='lat' dir='ltr'>si</span> <span class='ocrx_word' id='word_1_418' title='bbox 1221 2946 1308 3010; x_wconf 87' lang='lat' dir='ltr'>fectu</span> <span class='ocrx_word' id='word_1_419' title='bbox 1330 2946 1372 3010; x_wconf 90' lang='lat' dir='ltr'>ad</span> <span class='ocrx_word' id='word_1_420' title='bbox 1393 2949 1645 3029; x_wconf 85' lang='lat' dir='ltr'>perpetuitatem</span> <span class='ocrx_word' id='word_1_421' title='bbox 1666 2951 1899 3031; x_wconf 68' lang='lat' dir='ltr'>conformatum</span> <span class='ocrx_word' id='word_1_422' title='bbox 1922 2950 2008 3033; x_wconf 90' lang='lat' dir='ltr'>quod</span> <span class='ocrx_word' id='word_1_423' title='bbox 2029 2953 2199 3032; x_wconf 88' lang='lat' dir='ltr'>insupera-</span> 
     </span>
     <span class='ocr_line' id='line_1_31' title="bbox 189 3031 2199 3121; baseline -0 -20"><span class='ocrx_word' id='word_1_424' title='bbox 189 3035 307 3115; x_wconf 79' lang='lat' dir='ltr'>vellet3</span> <span class='ocrx_word' id='word_1_425' title='bbox 328 3035 386 3101; x_wconf 91' lang='lat' dir='ltr'>sed</span> <span class='ocrx_word' id='word_1_426' title='bbox 407 3057 473 3100; x_wconf 92' lang='lat' dir='ltr'>non</span> <span class='ocrx_word' id='word_1_427' title='bbox 495 3036 588 3113; x_wconf 88' lang='lat' dir='ltr'>velle,</span> <span class='ocrx_word' id='word_1_428' title='bbox 612 3044 649 3099; x_wconf 91' lang='lat' dir='ltr'>ut</span> <span class='ocrx_word' id='word_1_429' title='bbox 669 3043 793 3118; x_wconf 89' lang='lat' dir='ltr'>posset;</span> <span class='ocrx_word' id='word_1_430' title='bbox 821 3037 915 3102; x_wconf 88' lang='lat' dir='ltr'>nobis</span> <span class='ocrx_word' id='word_1_431' title='bbox 937 3043 971 3100; x_wconf 90' lang='lat' dir='ltr'>et</span> <span class='ocrx_word' id='word_1_432' title='bbox 991 3035 1075 3101; x_wconf 84' lang='lat' dir='ltr'>velle</span> <span class='ocrx_word' id='word_1_433' title='bbox 1097 3035 1169 3100; x_wconf 90' lang='lat' dir='ltr'>dari</span> <span class='ocrx_word' id='word_1_434' title='bbox 1221 3031 1279 3096; x_wconf 92' lang='lat' dir='ltr'>bili</span> <span class='ocrx_word' id='word_1_435' title='bbox 1296 3031 1485 3097; x_wconf 87' lang='lat' dir='ltr'>fortitudine</span> <span class='ocrx_word' id='word_1_436' title='bbox 1502 3034 1687 3115; x_wconf 75' lang='lat' dir='ltr'>roboretur,</span> <span class='ocrx_word' id='word_1_437' title='bbox 1706 3036 1791 3118; x_wconf 92' lang='lat' dir='ltr'>quod</span> <span class='ocrx_word' id='word_1_438' title='bbox 1811 3036 1869 3100; x_wconf 89' lang='lat' dir='ltr'>illa</span> <span class='ocrx_word' id='word_1_439' title='bbox 1881 3037 2093 3121; x_wconf 84' lang='lat' dir='ltr'>gubernante,</span> <span class='ocrx_word' id='word_1_440' title='bbox 2115 3058 2199 3101; x_wconf 91' lang='lat' dir='ltr'>nun·</span> 
     </span>
     <span class='ocr_line' id='line_1_32' title="bbox 189 3117 2200 3206; baseline 0 -20"><span class='ocrx_word' id='word_1_441' title='bbox 189 3130 224 3186; x_wconf 91' lang='lat' dir='ltr'>et</span> <span class='ocrx_word' id='word_1_442' title='bbox 246 3142 348 3205; x_wconf 87' lang='lat' dir='ltr'>posse.</span> <span class='ocrx_word' id='word_1_443' title='bbox 385 3122 534 3186; x_wconf 87' lang='lat' dir='ltr'>Primam</span> <span class='ocrx_word' id='word_1_444' title='bbox 555 3123 654 3186; x_wconf 82' lang='grc'><strong>1111666</strong></span> <span class='ocrx_word' id='word_1_445' title='bbox 676 3122 869 3201; x_wconf 88' lang='lat' dir='ltr'>libertatem,</span> <span class='ocrx_word' id='word_1_446' title='bbox 891 3143 986 3205; x_wconf 89' lang='lat' dir='ltr'>posse</span> <span class='ocrx_word' id='word_1_447' title='bbox 1006 3143 1072 3185; x_wconf 90' lang='lat' dir='ltr'>non</span> <span class='ocrx_word' id='word_1_448' title='bbox 1093 3142 1168 3204; x_wconf 88' lang='lat' dir='ltr'>pcc·</span> <span class='ocrx_word' id='word_1_449' title='bbox 1221 3139 1320 3201; x_wconf 91' lang='lat' dir='ltr'>quam</span> <span class='ocrx_word' id='word_1_450' title='bbox 1338 3117 1476 3197; x_wconf 82' lang='lat' dir='ltr'>excidat,</span> <span class='ocrx_word' id='word_1_451' title='bbox 1500 3118 1670 3185; x_wconf 90' lang='lat' dir='ltr'>deserente</span> <span class='ocrx_word' id='word_1_452' title='bbox 1687 3124 1837 3205; x_wconf 90' lang='lat' dir='ltr'>protinus</span> <span class='ocrx_word' id='word_1_453' title='bbox 1855 3130 2000 3201; x_wconf 88' lang='lat' dir='ltr'>corrnat;</span> <span class='ocrx_word' id='word_1_454' title='bbox 2022 3121 2107 3206; x_wconf 91' lang='lat' dir='ltr'>quod</span> <span class='ocrx_word' id='word_1_455' title='bbox 2125 3144 2200 3206; x_wconf 86' lang='lat' dir='ltr'>gra-</span> 
     </span>
     <span class='ocr_line' id='line_1_33' title="bbox 189 3204 2200 3290; baseline 0 -17"><span class='ocrx_word' id='word_1_456' title='bbox 189 3229 280 3287; x_wconf 81' lang='lat' dir='ltr'>oare3</span> <span class='ocrx_word' id='word_1_457' title='bbox 309 3215 457 3272; x_wconf 89' lang='lat' dir='ltr'>nostram</span> <span class='ocrx_word' id='word_1_458' title='bbox 483 3207 585 3272; x_wconf 90' lang='lat' dir='ltr'>multo</span> <span class='ocrx_word' id='word_1_459' title='bbox 613 3209 784 3287; x_wconf 90' lang='lat' dir='ltr'>maiorem,</span> <span class='ocrx_word' id='word_1_460' title='bbox 813 3230 880 3274; x_wconf 91' lang='lat' dir='ltr'>non</span> <span class='ocrx_word' id='word_1_461' title='bbox 907 3229 1002 3290; x_wconf 91' lang='lat' dir='ltr'>posse</span> <span class='ocrx_word' id='word_1_462' title='bbox 1023 3228 1166 3289; x_wconf 88' lang='lat' dir='ltr'>peccare.</span> <span class='ocrx_word' id='word_1_463' title='bbox 1221 3204 1305 3268; x_wconf 88' lang='lat' dir='ltr'>tuita</span> <span class='ocrx_word' id='word_1_464' title='bbox 1325 3205 1461 3269; x_wconf 91' lang='lat' dir='ltr'>Domini</span> <span class='ocrx_word' id='word_1_465' title='bbox 1482 3205 1705 3273; x_wconf 88' lang='lat' dir='ltr'>misericordia</span> <span class='ocrx_word' id='word_1_466' title='bbox 1723 3214 1758 3273; x_wconf 89' lang='lat' dir='ltr'>et</span> <span class='ocrx_word' id='word_1_467' title='bbox 1779 3207 1820 3273; x_wconf 89' lang='lat' dir='ltr'>ad</span> <span class='ocrx_word' id='word_1_468' title='bbox 1842 3209 1965 3274; x_wconf 92' lang='lat' dir='ltr'>bonum</span> <span class='ocrx_word' id='word_1_469' title='bbox 1982 3216 2200 3288; x_wconf 81' lang='lat' dir='ltr'>convertatur,</span> 
     </span>
     <span class='ocr_line' id='line_1_34' title="bbox 189 3291 2200 3376; baseline -0 -18"><span class='ocrx_word' id='word_1_470' title='bbox 189 3297 240 3359; x_wconf 91' lang='lat' dir='ltr'>Ac</span> <span class='ocrx_word' id='word_1_471' title='bbox 272 3315 315 3358; x_wconf 87' lang='lat' dir='ltr'>ne</span> <span class='ocrx_word' id='word_1_472' title='bbox 341 3293 382 3358; x_wconf 92' lang='lat' dir='ltr'>de</span> <span class='ocrx_word' id='word_1_473' title='bbox 412 3295 523 3357; x_wconf 84' lang='lat' dir='ltr'>firtura</span> <span class='ocrx_word' id='word_1_474' title='bbox 555 3302 628 3376; x_wconf 88' lang='lat' dir='ltr'>post</span> <span class='ocrx_word' id='word_1_475' title='bbox 660 3294 939 3359; x_wconf 88' lang='lat' dir='ltr'>immortalitatem</span> <span class='ocrx_word' id='word_1_476' title='bbox 970 3294 1167 3376; x_wconf 84' lang='lat' dir='ltr'>perfectione</span> <span class='ocrx_word' id='word_1_477' title='bbox 1220 3296 1254 3354; x_wconf 90' lang='grc'>61</span> <span class='ocrx_word' id='word_1_478' title='bbox 1274 3311 1432 3354; x_wconf 89' lang='lat' dir='ltr'>conversa</span> <span class='ocrx_word' id='word_1_479' title='bbox 1453 3291 1488 3354; x_wconf 94' lang='lat' dir='ltr'>in</span> <span class='ocrx_word' id='word_1_480' title='bbox 1509 3291 1581 3373; x_wconf 80' lang='lat' dir='ltr'>ipso,</span> <span class='ocrx_word' id='word_1_481' title='bbox 1600 3300 1802 3375; x_wconf 60' lang='lat' dir='ltr'>perseverem</span> <span class='ocrx_word' id='word_1_482' title='bbox 1831 3294 1917 3376; x_wconf 90' lang='lat' dir='ltr'>quod</span> <span class='ocrx_word' id='word_1_483' title='bbox 1939 3295 2116 3360; x_wconf 88' lang='lat' dir='ltr'>voluntatis</span> <span class='ocrx_word' id='word_1_484' title='bbox 2139 3295 2200 3358; x_wconf 90' lang='lat' dir='ltr'>hu-</span> 
     </span>
     <span class='ocr_line' id='line_1_35' title="bbox 188 3375 2200 3462; baseline 0 -19"><span class='ocrx_word' id='word_1_485' title='bbox 188 3378 277 3462; x_wconf 94' lang='lat' dir='ltr'>loqui</span> <span class='ocrx_word' id='word_1_486' title='bbox 297 3386 450 3461; x_wconf 89' lang='lat' dir='ltr'>putetur,</span> <span class='ocrx_word' id='word_1_487' title='bbox 484 3380 674 3462; x_wconf 89' lang='lat' dir='ltr'>scrupulum</span> <span class='ocrx_word' id='word_1_488' title='bbox 701 3381 790 3445; x_wconf 91' lang='lat' dir='ltr'>hunc</span> <span class='ocrx_word' id='word_1_489' title='bbox 818 3379 915 3462; x_wconf 89' lang='lat' dir='ltr'>paulo</span> <span class='ocrx_word' id='word_1_490' title='bbox 943 3388 1017 3462; x_wconf 90' lang='lat' dir='ltr'>post</span> <span class='ocrx_word' id='word_1_491' title='bbox 1043 3380 1165 3442; x_wconf 82' lang='lat' dir='ltr'>eximit.</span> <span class='ocrx_word' id='word_1_492' title='bbox 1219 3397 1336 3440; x_wconf 89' lang='lat' dir='ltr'>manae</span> <span class='ocrx_word' id='word_1_493' title='bbox 1365 3375 1500 3441; x_wconf 91' lang='lat' dir='ltr'>directio</span> <span class='ocrx_word' id='word_1_494' title='bbox 1527 3378 1563 3442; x_wconf 92' lang='lat' dir='ltr'>in</span> <span class='ocrx_word' id='word_1_495' title='bbox 1583 3378 1720 3460; x_wconf 92' lang='lat' dir='ltr'>bonum,</span> <span class='ocrx_word' id='word_1_496' title='bbox 1742 3388 1870 3462; x_wconf 88' lang='lat' dir='ltr'>etpost</span> <span class='ocrx_word' id='word_1_497' title='bbox 1892 3379 2101 3446; x_wconf 90' lang='lat' dir='ltr'>directionem</span> <span class='ocrx_word' id='word_1_498' title='bbox 2124 3401 2200 3444; x_wconf 92' lang='lat' dir='ltr'>con·</span> 
     </span>
     <span class='ocr_line' id='line_1_36' title="bbox 189 3462 2201 3549; baseline 0 -20"><span class='ocrx_word' id='word_1_499' title='bbox 189 3466 335 3529; x_wconf 77' lang='lat' dir='ltr'>&#39;Panmm</span> <span class='ocrx_word' id='word_1_500' title='bbox 352 3466 480 3547; x_wconf 90' lang='lat' dir='ltr'>quippe,</span> <span class='ocrx_word' id='word_1_501' title='bbox 502 3467 617 3549; x_wconf 91' lang='lat' dir='ltr'>inquit,</span> <span class='ocrx_word' id='word_1_502' title='bbox 640 3467 756 3548; x_wconf 90' lang='lat' dir='ltr'>spiritu</span> <span class='ocrx_word' id='word_1_503' title='bbox 774 3473 887 3530; x_wconf 90' lang='lat' dir='ltr'>sancto</span> <span class='ocrx_word' id='word_1_504' title='bbox 905 3463 1094 3530; x_wconf 88' lang='lat' dir='ltr'>accenditur</span> <span class='ocrx_word' id='word_1_505' title='bbox 1110 3486 1167 3530; x_wconf 88' lang='lat' dir='ltr'>vo·</span> <span class='ocrx_word' id='word_1_506' title='bbox 1219 3463 1349 3539; x_wconf 86' lang='lat' dir='ltr'>stantia,</span> <span class='ocrx_word' id='word_1_507' title='bbox 1373 3483 1415 3527; x_wconf 82' lang='lat' dir='ltr'>ex</span> <span class='ocrx_word' id='word_1_508' title='bbox 1437 3462 1506 3527; x_wconf 88' lang='lat' dir='ltr'>sola</span> <span class='ocrx_word' id='word_1_509' title='bbox 1523 3464 1595 3529; x_wconf 82' lang='grc'><strong>1161</strong></span> <span class='ocrx_word' id='word_1_510' title='bbox 1611 3466 1781 3531; x_wconf 81' lang='lat' dir='ltr'>voluntate</span> <span class='ocrx_word' id='word_1_511' title='bbox 1798 3465 1947 3549; x_wconf 88' lang='lat' dir='ltr'>pendeat,</span> <span class='ocrx_word' id='word_1_512' title='bbox 1971 3483 2038 3530; x_wconf 85' lang='lat' dir='ltr'>nnn</span> <span class='ocrx_word' id='word_1_513' title='bbox 2055 3465 2123 3529; x_wconf 92' lang='lat' dir='ltr'>ullo</span> <span class='ocrx_word' id='word_1_514' title='bbox 2141 3485 2201 3530; x_wconf 91' lang='lat' dir='ltr'>suo</span> 
     </span>
     <span class='ocr_line' id='line_1_37' title="bbox 188 3548 2200 3635; baseline 0 -20"><span class='ocrx_word' id='word_1_515' title='bbox 188 3550 313 3616; x_wconf 78' lang='grc'><strong>166166</strong></span> <span class='ocrx_word' id='word_1_516' title='bbox 328 3558 530 3628; x_wconf 74' lang='grc'><strong>6666161616,</strong></span> <span class='ocrx_word' id='word_1_517' title='bbox 560 3561 597 3616; x_wconf 91' lang='grc'>61</span> <span class='ocrx_word' id='word_1_518' title='bbox 623 3551 695 3616; x_wconf 92' lang='grc'><strong>1166</strong></span> <span class='ocrx_word' id='word_1_519' title='bbox 723 3548 1165 3634; x_wconf 76' lang='grc'><strong>66661616116616161661,</strong></span> <span class='ocrx_word' id='word_1_520' title='bbox 1219 3548 1344 3612; x_wconf 90' lang='lat' dir='ltr'>merito.</span> <span class='ocrx_word' id='word_1_521' title='bbox 1395 3548 1448 3613; x_wconf 90' lang='lat' dir='ltr'>Ita</span> <span class='ocrx_word' id='word_1_522' title='bbox 1475 3549 1601 3614; x_wconf 92' lang='lat' dir='ltr'>homini</span> <span class='ocrx_word' id='word_1_523' title='bbox 1634 3551 1699 3617; x_wconf 91' lang='grc'><strong>1616</strong></span> <span class='ocrx_word' id='word_1_524' title='bbox 1725 3552 2085 3635; x_wconf 84' lang='grc'><strong>161111661161111161616</strong></span> <span class='ocrx_word' id='word_1_525' title='bbox 2113 3551 2200 3615; x_wconf 90' lang='lat' dir='ltr'>arbi·</span> 
     </span>
     <span class='ocr_line' id='line_1_38' title="bbox 188 3634 2199 3723; baseline 0.001 -24"><span class='ocrx_word' id='word_1_526' title='bbox 188 3635 261 3702; x_wconf 92' lang='lat' dir='ltr'>ideo</span> <span class='ocrx_word' id='word_1_527' title='bbox 282 3637 386 3702; x_wconf 85' lang='lat' dir='ltr'>velint</span> <span class='ocrx_word' id='word_1_528' title='bbox 406 3639 483 3719; x_wconf 91' lang='lat' dir='ltr'>quia</span> <span class='ocrx_word' id='word_1_529' title='bbox 503 3638 596 3703; x_wconf 87' lang='lat' dir='ltr'>Deus</span> <span class='ocrx_word' id='word_1_530' title='bbox 617 3644 771 3720; x_wconf 88' lang='lat' dir='ltr'>operatur</span> <span class='ocrx_word' id='word_1_531' title='bbox 798 3646 835 3703; x_wconf 91' lang='grc'>61</span> <span class='ocrx_word' id='word_1_532' title='bbox 856 3638 903 3703; x_wconf 91' lang='grc'>616</span> <span class='ocrx_word' id='word_1_533' title='bbox 924 3637 1035 3702; x_wconf 87' lang='lat' dir='ltr'>velint</span> <span class='ocrx_word' id='word_1_534' title='bbox 1080 3636 1167 3701; x_wconf 90' lang='lat' dir='ltr'>Nam</span> <span class='ocrx_word' id='word_1_535' title='bbox 1219 3637 1334 3711; x_wconf 89' lang='lat' dir='ltr'>trium,</span> <span class='ocrx_word' id='word_1_536' title='bbox 1357 3634 1386 3698; x_wconf 90' lang='grc'>61</span> <span class='ocrx_word' id='word_1_537' title='bbox 1405 3635 1574 3717; x_wconf 79' lang='lat' dir='ltr'>appellare</span> <span class='ocrx_word' id='word_1_538' title='bbox 1591 3637 1639 3701; x_wconf 91' lang='lat' dir='ltr'>ita</span> <span class='ocrx_word' id='word_1_539' title='bbox 1659 3637 1753 3716; x_wconf 87' lang='lat' dir='ltr'>libet,</span> <span class='ocrx_word' id='word_1_540' title='bbox 1782 3637 1877 3720; x_wconf 89' lang='lat' dir='ltr'>quale</span> <span class='ocrx_word' id='word_1_541' title='bbox 1899 3637 1975 3702; x_wconf 88' lang='lat' dir='ltr'>alibi</span> <span class='ocrx_word' id='word_1_542' title='bbox 1998 3636 2199 3723; x_wconf 53' lang='lat' dir='ltr'>describitf)</span> 
     </span>
     <span class='ocr_line' id='line_1_39' title="bbox 187 3718 2198 3806; baseline 0 -18"><span class='ocrx_word' id='word_1_543' title='bbox 187 3723 217 3788; x_wconf 88' lang='lat' dir='ltr'>si</span> <span class='ocrx_word' id='word_1_544' title='bbox 238 3723 273 3787; x_wconf 89' lang='lat' dir='ltr'>in</span> <span class='ocrx_word' id='word_1_545' title='bbox 295 3731 388 3788; x_wconf 87' lang='grc'><strong>16616</strong></span> <span class='ocrx_word' id='word_1_546' title='bbox 409 3723 614 3802; x_wconf 84' lang='lat' dir='ltr'>infirmitate,</span> <span class='ocrx_word' id='word_1_547' title='bbox 642 3725 677 3787; x_wconf 92' lang='lat' dir='ltr'>in</span> <span class='ocrx_word' id='word_1_548' title='bbox 699 3745 763 3806; x_wconf 92' lang='lat' dir='ltr'>qna</span> <span class='ocrx_word' id='word_1_549' title='bbox 790 3731 901 3787; x_wconf 88' lang='grc'><strong>161666</strong></span> <span class='ocrx_word' id='word_1_550' title='bbox 923 3723 965 3788; x_wconf 88' lang='grc'>61</span> <span class='ocrx_word' id='word_1_551' title='bbox 986 3723 1167 3805; x_wconf 87' lang='lat' dir='ltr'>reprimen-</span> <span class='ocrx_word' id='word_1_552' title='bbox 1219 3718 1305 3802; x_wconf 93' lang='lat' dir='ltr'>quod</span> <span class='ocrx_word' id='word_1_553' title='bbox 1326 3741 1387 3786; x_wconf 90' lang='lat' dir='ltr'>nec</span> <span class='ocrx_word' id='word_1_554' title='bbox 1410 3720 1452 3785; x_wconf 88' lang='grc'>61</span> <span class='ocrx_word' id='word_1_555' title='bbox 1473 3723 1584 3787; x_wconf 93' lang='lat' dir='ltr'>Deum</span> <span class='ocrx_word' id='word_1_556' title='bbox 1602 3723 1758 3802; x_wconf 85' lang='lat' dir='ltr'>converti,</span> <span class='ocrx_word' id='word_1_557' title='bbox 1782 3744 1842 3788; x_wconf 91' lang='lat' dir='ltr'>nec</span> <span class='ocrx_word' id='word_1_558' title='bbox 1863 3724 1898 3786; x_wconf 90' lang='lat' dir='ltr'>in</span> <span class='ocrx_word' id='word_1_559' title='bbox 1920 3724 1993 3788; x_wconf 94' lang='lat' dir='ltr'>Deo</span> <span class='ocrx_word' id='word_1_560' title='bbox 2007 3724 2198 3805; x_wconf 86' lang='lat' dir='ltr'>persistere,</span> 
     </span>
     <span class='ocr_line' id='line_1_40' title="bbox 188 3805 2200 3892; baseline 0.001 -20"><span class='ocrx_word' id='word_1_561' title='bbox 188 3807 266 3872; x_wconf 90' lang='lat' dir='ltr'>dam</span> <span class='ocrx_word' id='word_1_562' title='bbox 287 3808 462 3873; x_wconf 89' lang='lat' dir='ltr'>elationem</span> <span class='ocrx_word' id='word_1_563' title='bbox 483 3810 596 3890; x_wconf 92' lang='lat' dir='ltr'>perfici</span> <span class='ocrx_word' id='word_1_564' title='bbox 612 3810 770 3874; x_wconf 84' lang='lat' dir='ltr'>virtutem</span> <span class='ocrx_word' id='word_1_565' title='bbox 787 3808 888 3887; x_wconf 90' lang='lat' dir='ltr'>decet,</span> <span class='ocrx_word' id='word_1_566' title='bbox 906 3810 986 3891; x_wconf 89' lang='lat' dir='ltr'>ipsis</span> <span class='ocrx_word' id='word_1_567' title='bbox 1003 3808 1166 3891; x_wconf 88' lang='lat' dir='ltr'>relinqua·</span> <span class='ocrx_word' id='word_1_568' title='bbox 1219 3805 1283 3870; x_wconf 91' lang='lat' dir='ltr'>nisi</span> <span class='ocrx_word' id='word_1_569' title='bbox 1314 3807 1549 3890; x_wconf 89' lang='lat' dir='ltr'>pergratiam,</span> <span class='ocrx_word' id='word_1_570' title='bbox 1582 3808 1697 3890; x_wconf 88' lang='lat' dir='ltr'>possit:</span> <span class='ocrx_word' id='word_1_571' title='bbox 1726 3829 1746 3871; x_wconf 91' lang='lat' dir='ltr'>a</span> <span class='ocrx_word' id='word_1_572' title='bbox 1773 3809 1884 3892; x_wconf 84' lang='lat' dir='ltr'>gratia</span> <span class='ocrx_word' id='word_1_573' title='bbox 1906 3809 2015 3874; x_wconf 86' lang='lat' dir='ltr'>valeat</span> <span class='ocrx_word' id='word_1_574' title='bbox 2043 3808 2200 3892; x_wconf 91' lang='lat' dir='ltr'>quidquid</span> 
     </span>
     <span class='ocr_line' id='line_1_41' title="bbox 186 3891 1315 3977; baseline -0.002 -19"><span class='ocrx_word' id='word_1_575' title='bbox 186 3901 243 3958; x_wconf 89' lang='lat' dir='ltr'>tur</span> <span class='ocrx_word' id='word_1_576' title='bbox 263 3894 416 3959; x_wconf 84' lang='lat' dir='ltr'>voluntas</span> <span class='ocrx_word' id='word_1_577' title='bbox 438 3915 506 3972; x_wconf 91' lang='lat' dir='ltr'>sua,</span> <span class='ocrx_word' id='word_1_578' title='bbox 530 3902 567 3958; x_wconf 91' lang='lat' dir='ltr'>ut</span> <span class='ocrx_word' id='word_1_579' title='bbox 589 3894 749 3959; x_wconf 89' lang='lat' dir='ltr'>adiutorio</span> <span class='ocrx_word' id='word_1_580' title='bbox 766 3896 830 3960; x_wconf 93' lang='lat' dir='ltr'>Dei</span> <span class='ocrx_word' id='word_1_581' title='bbox 851 3896 985 3977; x_wconf 89' lang='lat' dir='ltr'>possint,</span> <span class='ocrx_word' id='word_1_582' title='bbox 1009 3895 1037 3959; x_wconf 89' lang='lat' dir='ltr'>si</span> <span class='ocrx_word' id='word_1_583' title='bbox 1053 3893 1166 3972; x_wconf 76' lang='lat' dir='ltr'>velint,</span> <span class='ocrx_word' id='word_1_584' title='bbox 1218 3891 1315 3957; x_wconf 85' lang='lat' dir='ltr'>valet</span> 
     </span>
    </p>

    <p class='ocr_par' dir='ltr' id='par_1_5' title="bbox 114 3978 2198 5094">
     <span class='ocr_line' id='line_1_42' title="bbox 187 3978 2198 4065; baseline 0 -20"><span class='ocrx_word' id='word_1_585' title='bbox 187 4001 248 4045; x_wconf 88' lang='grc'>666</span> <span class='ocrx_word' id='word_1_586' title='bbox 269 3981 363 4045; x_wconf 91' lang='grc'><strong>11666</strong></span> <span class='ocrx_word' id='word_1_587' title='bbox 390 3987 541 4062; x_wconf 90' lang='lat' dir='ltr'>operetur</span> <span class='ocrx_word' id='word_1_588' title='bbox 568 3981 603 4044; x_wconf 92' lang='lat' dir='ltr'>in</span> <span class='ocrx_word' id='word_1_589' title='bbox 627 3981 693 4045; x_wconf 92' lang='lat' dir='ltr'>illis</span> <span class='ocrx_word' id='word_1_590' title='bbox 713 3989 752 4044; x_wconf 89' lang='lat' dir='ltr'>ut</span> <span class='ocrx_word' id='word_1_591' title='bbox 773 3981 889 4059; x_wconf 85' lang='lat' dir='ltr'>velint,</span> <span class='ocrx_word' id='word_1_592' title='bbox 917 3983 1005 4045; x_wconf 88' lang='lat' dir='ltr'>inter</span> <span class='ocrx_word' id='word_1_593' title='bbox 1026 3987 1075 4045; x_wconf 87' lang='lat' dir='ltr'>tot</span> <span class='ocrx_word' id='word_1_594' title='bbox 1095 3987 1167 4045; x_wconf 87' lang='lat' dir='ltr'>ten·</span> <span class='ocrx_word' id='word_1_595' title='bbox 1306 3982 1356 4042; x_wconf 83' lang='grc'>61.</span> <span class='ocrx_word' id='word_1_596' title='bbox 1406 3978 1500 4043; x_wconf 90' lang='grc' dir='ltr'><strong>Η666</strong></span> <span class='ocrx_word' id='word_1_597' title='bbox 1528 3978 1662 4044; x_wconf 91' lang='lat' dir='ltr'>Domini</span> <span class='ocrx_word' id='word_1_598' title='bbox 1692 3981 1799 4062; x_wconf 87' lang='lat' dir='ltr'>gratia</span> <span class='ocrx_word' id='word_1_599' title='bbox 1825 4002 1914 4047; x_wconf 90' lang='lat' dir='ltr'>nunc</span> <span class='ocrx_word' id='word_1_600' title='bbox 1944 3980 1979 4065; x_wconf 83' lang='lat'>(2</span> <span class='ocrx_word' id='word_1_601' title='bbox 1999 3979 2072 4046; x_wconf 81' lang='grc'><strong>(161.</strong></span> <span class='ocrx_word' id='word_1_602' title='bbox 2094 3985 2128 4061; x_wconf 90' lang='lat'>3,</span> <span class='ocrx_word' id='word_1_603' title='bbox 2151 3986 2198 4046; x_wconf 87' lang='grc'>17.</span> 
     </span>
     <span class='ocr_line' id='line_1_43' title="bbox 186 4057 2197 4151; baseline 0.001 -21"><span class='ocrx_word' id='word_1_604' title='bbox 186 4066 328 4131; x_wconf 83' lang='lat' dir='ltr'>tationes</span> <span class='ocrx_word' id='word_1_605' title='bbox 349 4067 540 4131; x_wconf 90' lang='lat' dir='ltr'>infirmitate</span> <span class='ocrx_word' id='word_1_606' title='bbox 562 4066 713 4131; x_wconf 85' lang='lat' dir='ltr'>voluntas</span> <span class='ocrx_word' id='word_1_607' title='bbox 740 4068 813 4149; x_wconf 90' lang='lat' dir='ltr'>ipsa</span> <span class='ocrx_word' id='word_1_608' title='bbox 834 4067 1059 4132; x_wconf 86' lang='lat' dir='ltr'>succumberet</span> <span class='ocrx_word' id='word_1_609' title='bbox 1078 4065 1167 4131; x_wconf 89' lang='lat' dir='ltr'>ideo-</span> <span class='ocrx_word' id='word_1_610' title='bbox 1219 4064 1309 4128; x_wconf 86' lang='lat' dir='ltr'>Ioan.</span> <span class='ocrx_word' id='word_1_611' title='bbox 1334 4067 1369 4141; x_wconf 88' lang='lat'>8,</span> <span class='ocrx_word' id='word_1_612' title='bbox 1395 4066 1557 4130; x_wconf 88' lang='grc'><strong>326136.</strong></span> <span class='ocrx_word' id='word_1_613' title='bbox 1586 4064 1682 4130; x_wconf 89' lang='lat' dir='ltr'>Rom.</span> <span class='ocrx_word' id='word_1_614' title='bbox 1701 4057 1738 4145; x_wconf 80' lang='grc'><strong>8,</strong></span> <span class='ocrx_word' id='word_1_615' title='bbox 1762 4065 1797 4151; x_wconf 92' lang='grc'>2)</span> <span class='ocrx_word' id='word_1_616' title='bbox 1826 4067 2010 4150; x_wconf 91' lang='lat' dir='ltr'>appellatur</span> <span class='ocrx_word' id='word_1_617' title='bbox 2038 4067 2197 4150; x_wconf 86' lang='lat' dir='ltr'>quaedam</span> 
     </span>
     <span class='ocr_line' id='line_1_44' title="bbox 187 4149 2196 4236; baseline 0.001 -21"><span class='ocrx_word' id='word_1_618' title='bbox 187 4172 251 4233; x_wconf 92' lang='lat' dir='ltr'>que</span> <span class='ocrx_word' id='word_1_619' title='bbox 272 4173 482 4234; x_wconf 85' lang='lat' dir='ltr'>perseverare</span> <span class='ocrx_word' id='word_1_620' title='bbox 508 4173 575 4216; x_wconf 93' lang='lat' dir='ltr'>non</span> <span class='ocrx_word' id='word_1_621' title='bbox 603 4160 743 4234; x_wconf 86' lang='lat' dir='ltr'>possent</span> <span class='ocrx_word' id='word_1_622' title='bbox 790 4151 997 4219; x_wconf 81' lang='lat' dir='ltr'>Subventnm</span> <span class='ocrx_word' id='word_1_623' title='bbox 1019 4160 1069 4217; x_wconf 91' lang='lat' dir='ltr'>est</span> <span class='ocrx_word' id='word_1_624' title='bbox 1089 4173 1167 4236; x_wconf 88' lang='lat' dir='ltr'>ergo</span> <span class='ocrx_word' id='word_1_625' title='bbox 1218 4149 1320 4215; x_wconf 82' lang='lat' dir='ltr'>veluti</span> <span class='ocrx_word' id='word_1_626' title='bbox 1342 4151 1556 4215; x_wconf 90' lang='lat' dir='ltr'>manumissio</span> <span class='ocrx_word' id='word_1_627' title='bbox 1576 4172 1642 4232; x_wconf 89' lang='lat' dir='ltr'>qua</span> <span class='ocrx_word' id='word_1_628' title='bbox 1659 4172 1680 4215; x_wconf 90' lang='lat' dir='ltr'>a</span> <span class='ocrx_word' id='word_1_629' title='bbox 1696 4154 1820 4236; x_wconf 90' lang='lat' dir='ltr'>peccati</span> <span class='ocrx_word' id='word_1_630' title='bbox 1837 4155 1994 4219; x_wconf 81' lang='lat' dir='ltr'>servitute</span> <span class='ocrx_word' id='word_1_631' title='bbox 2010 4154 2196 4230; x_wconf 90' lang='lat' dir='ltr'>liberamur,</span> 
     </span>
     <span class='ocr_line' id='line_1_45' title="bbox 186 4234 2197 4322; baseline 0.001 -21"><span class='ocrx_word' id='word_1_632' title='bbox 186 4237 372 4302; x_wconf 89' lang='lat' dir='ltr'>infirmitati</span> <span class='ocrx_word' id='word_1_633' title='bbox 393 4238 571 4304; x_wconf 88' lang='lat' dir='ltr'>voluntatis</span> <span class='ocrx_word' id='word_1_634' title='bbox 592 4238 775 4316; x_wconf 89' lang='lat' dir='ltr'>humanae,</span> <span class='ocrx_word' id='word_1_635' title='bbox 796 4246 833 4302; x_wconf 90' lang='lat' dir='ltr'>ut</span> <span class='ocrx_word' id='word_1_636' title='bbox 854 4239 961 4322; x_wconf 82' lang='lat' dir='ltr'>gratia</span> <span class='ocrx_word' id='word_1_637' title='bbox 982 4238 1161 4302; x_wconf 81' lang='grc'><strong>11116616-</strong></span> <span class='ocrx_word' id='word_1_638' title='bbox 1218 4256 1306 4300; x_wconf 90' lang='lat' dir='ltr'>nuno</span> <span class='ocrx_word' id='word_1_639' title='bbox 1334 4235 1444 4319; x_wconf 88' lang='lat' dir='ltr'>(Rom.</span> <span class='ocrx_word' id='word_1_640' title='bbox 1465 4239 1502 4315; x_wconf 89' lang='lat'>8,</span> <span class='ocrx_word' id='word_1_641' title='bbox 1522 4234 1579 4321; x_wconf 89' lang='grc'>29)</span> <span class='ocrx_word' id='word_1_642' title='bbox 1606 4237 1642 4301; x_wconf 89' lang='grc'>16</span> <span class='ocrx_word' id='word_1_643' title='bbox 1669 4238 1835 4322; x_wconf 90' lang='lat' dir='ltr'>integrum</span> <span class='ocrx_word' id='word_1_644' title='bbox 1862 4240 2023 4304; x_wconf 90' lang='lat' dir='ltr'>restitutio</span> <span class='ocrx_word' id='word_1_645' title='bbox 2050 4261 2114 4321; x_wconf 90' lang='lat' dir='ltr'>qua</span> <span class='ocrx_word' id='word_1_646' title='bbox 2140 4237 2197 4303; x_wconf 91' lang='lat' dir='ltr'>de-</span> 
     </span>
     <span class='ocr_line' id='line_1_46' title="bbox 187 4321 2197 4408; baseline 0.001 -22"><span class='ocrx_word' id='word_1_647' title='bbox 187 4321 426 4388; x_wconf 89' lang='lat' dir='ltr'>declinabiliter</span> <span class='ocrx_word' id='word_1_648' title='bbox 464 4332 497 4388; x_wconf 89' lang='lat' dir='ltr'>et</span> <span class='ocrx_word' id='word_1_649' title='bbox 532 4324 793 4406; x_wconf 89' lang='lat' dir='ltr'>inseparabiliter</span> <span class='ocrx_word' id='word_1_650' title='bbox 826 4333 994 4408; x_wconf 85' lang='lat' dir='ltr'>ageretur,</span> <span class='ocrx_word' id='word_1_651' title='bbox 1032 4323 1167 4406; x_wconf 93' lang='lat' dir='ltr'>ideoque</span> <span class='ocrx_word' id='word_1_652' title='bbox 1218 4322 1323 4403; x_wconf 89' lang='lat' dir='ltr'>posito</span> <span class='ocrx_word' id='word_1_653' title='bbox 1344 4323 1465 4387; x_wconf 85' lang='lat' dir='ltr'>veteris</span> <span class='ocrx_word' id='word_1_654' title='bbox 1487 4322 1629 4388; x_wconf 89' lang='lat' dir='ltr'>hominis</span> <span class='ocrx_word' id='word_1_655' title='bbox 1650 4324 1781 4408; x_wconf 88' lang='lat' dir='ltr'>ingenio</span> <span class='ocrx_word' id='word_1_656' title='bbox 1803 4324 1845 4390; x_wconf 92' lang='lat' dir='ltr'>ad</span> <span class='ocrx_word' id='word_1_657' title='bbox 1865 4327 2042 4408; x_wconf 88' lang='lat' dir='ltr'>imaginem</span> <span class='ocrx_word' id='word_1_658' title='bbox 2061 4324 2197 4388; x_wconf 88' lang='grc'><strong>116116·</strong></span> 
     </span>
     <span class='ocr_line' id='line_1_47' title="bbox 186 4407 2198 4495; baseline 0.001 -23"><span class='ocrx_word' id='word_1_659' title='bbox 186 4410 400 4490; x_wconf 83' lang='lat' dir='ltr'>quantumvis</span> <span class='ocrx_word' id='word_1_660' title='bbox 421 4410 554 4474; x_wconf 88' lang='lat' dir='ltr'>infirma</span> <span class='ocrx_word' id='word_1_661' title='bbox 574 4433 640 4474; x_wconf 91' lang='lat' dir='ltr'>non</span> <span class='ocrx_word' id='word_1_662' title='bbox 662 4409 822 4475; x_wconf 91' lang='lat' dir='ltr'>deficeret</span> <span class='ocrx_word' id='word_1_663' title='bbox 856 4411 990 4475; x_wconf 75' lang='lat' dir='ltr'>Tractat</span> <span class='ocrx_word' id='word_1_664' title='bbox 1013 4408 1166 4493; x_wconf 59' lang='grc'><strong>16111161)</strong></span> <span class='ocrx_word' id='word_1_665' title='bbox 1219 4415 1422 4486; x_wconf 85' lang='lat' dir='ltr'>stauramur,</span> <span class='ocrx_word' id='word_1_666' title='bbox 1451 4429 1539 4473; x_wconf 92' lang='lat' dir='ltr'>nunc</span> <span class='ocrx_word' id='word_1_667' title='bbox 1562 4407 1666 4492; x_wconf 89' lang='lat' dir='ltr'>(Ioan.</span> <span class='ocrx_word' id='word_1_668' title='bbox 1690 4415 1719 4489; x_wconf 90' lang='lat'>3,</span> <span class='ocrx_word' id='word_1_669' title='bbox 1742 4414 1770 4475; x_wconf 92' lang='lat'>3.</span> <span class='ocrx_word' id='word_1_670' title='bbox 1792 4416 1820 4475; x_wconf 83' lang='lat'>5.</span> <span class='ocrx_word' id='word_1_671' title='bbox 1841 4410 1875 4495; x_wconf 82' lang='lat'>7)</span> <span class='ocrx_word' id='word_1_672' title='bbox 1902 4411 2104 4494; x_wconf 89' lang='lat' dir='ltr'>regeneratio</span> <span class='ocrx_word' id='word_1_673' title='bbox 2132 4430 2198 4491; x_wconf 89' lang='lat' dir='ltr'>qua</span> 
     </span>
     <span class='ocr_line' id='line_1_48' title="bbox 187 4493 2194 4580; baseline 0 -21"><span class='ocrx_word' id='word_1_674' title='bbox 187 4494 349 4576; x_wconf 87' lang='lat' dir='ltr'>copiosius</span> <span class='ocrx_word' id='word_1_675' title='bbox 376 4494 536 4576; x_wconf 89' lang='lat' dir='ltr'>quomodo</span> <span class='ocrx_word' id='word_1_676' title='bbox 564 4495 662 4561; x_wconf 89' lang='lat' dir='ltr'>corda</span> <span class='ocrx_word' id='word_1_677' title='bbox 688 4505 802 4560; x_wconf 88' lang='lat' dir='ltr'>nostra</span> <span class='ocrx_word' id='word_1_678' title='bbox 822 4496 888 4560; x_wconf 89' lang='lat' dir='ltr'>Dei</span> <span class='ocrx_word' id='word_1_679' title='bbox 916 4495 1087 4560; x_wconf 89' lang='lat' dir='ltr'>afficientis</span> <span class='ocrx_word' id='word_1_680' title='bbox 1109 4515 1166 4560; x_wconf 89' lang='lat' dir='ltr'>ne-</span> <span class='ocrx_word' id='word_1_681' title='bbox 1218 4494 1254 4557; x_wconf 91' lang='grc'>16</span> <span class='ocrx_word' id='word_1_682' title='bbox 1272 4514 1374 4559; x_wconf 82' lang='grc'><strong>66166</strong></span> <span class='ocrx_word' id='word_1_683' title='bbox 1391 4493 1540 4560; x_wconf 91' lang='lat' dir='ltr'>homiues</span> <span class='ocrx_word' id='word_1_684' title='bbox 1558 4497 1769 4578; x_wconf 80' lang='lat' dir='ltr'>renascimur,</span> <span class='ocrx_word' id='word_1_685' title='bbox 1789 4519 1876 4562; x_wconf 91' lang='lat' dir='ltr'>nunc</span> <span class='ocrx_word' id='word_1_686' title='bbox 1895 4496 2021 4580; x_wconf 79' lang='grc'><strong>((1612,</strong></span> <span class='ocrx_word' id='word_1_687' title='bbox 2038 4497 2085 4558; x_wconf 88' lang='lat'>13.</span> <span class='ocrx_word' id='word_1_688' title='bbox 2104 4494 2194 4560; x_wconf 90' lang='grc'><strong>1666.</strong></span> 
     </span>
     <span class='ocr_line' id='line_1_49' title="bbox 114 4578 2194 4665; baseline 0 -21"><span class='ocrx_word' id='word_1_689' title='bbox 114 4630 123 4644; x_wconf 87' lang='grc'>..</span> <span class='ocrx_word' id='word_1_690' title='bbox 186 4580 330 4645; x_wconf 87' lang='lat' dir='ltr'>cessario</span> <span class='ocrx_word' id='word_1_691' title='bbox 354 4587 533 4662; x_wconf 90' lang='lat' dir='ltr'>sequantur</span> <span class='ocrx_word' id='word_1_692' title='bbox 558 4589 699 4659; x_wconf 90' lang='lat' dir='ltr'>motum,</span> <span class='ocrx_word' id='word_1_693' title='bbox 728 4602 766 4646; x_wconf 91' lang='lat' dir='ltr'>ac</span> <span class='ocrx_word' id='word_1_694' title='bbox 793 4581 872 4647; x_wconf 88' lang='lat' dir='ltr'>dicit</span> <span class='ocrx_word' id='word_1_695' title='bbox 898 4581 1030 4665; x_wconf 89' lang='lat' dir='ltr'>quidem</span> <span class='ocrx_word' id='word_1_696' title='bbox 1051 4581 1166 4645; x_wconf 91' lang='lat' dir='ltr'>Domi·</span> <span class='ocrx_word' id='word_1_697' title='bbox 1220 4584 1248 4658; x_wconf 83' lang='lat'>5,</span> <span class='ocrx_word' id='word_1_698' title='bbox 1268 4583 1319 4644; x_wconf 82' lang='grc'>24.</span> <span class='ocrx_word' id='word_1_699' title='bbox 1347 4579 1482 4662; x_wconf 67' lang='grc'><strong>16112,</strong></span> <span class='ocrx_word' id='word_1_700' title='bbox 1504 4585 1531 4646; x_wconf 83' lang='lat'>5.</span> <span class='ocrx_word' id='word_1_701' title='bbox 1551 4578 1587 4665; x_wconf 88' lang='lat'>6)</span> <span class='ocrx_word' id='word_1_702' title='bbox 1608 4584 1803 4648; x_wconf 88' lang='lat' dir='ltr'>resurrectio</span> <span class='ocrx_word' id='word_1_703' title='bbox 1824 4604 1898 4665; x_wconf 90' lang='lat' dir='ltr'>qua,</span> <span class='ocrx_word' id='word_1_704' title='bbox 1933 4581 2025 4646; x_wconf 91' lang='lat' dir='ltr'>nobis</span> <span class='ocrx_word' id='word_1_705' title='bbox 2047 4582 2194 4660; x_wconf 89' lang='lat' dir='ltr'>emortui,</span> 
     </span>
     <span class='ocr_line' id='line_1_50' title="bbox 184 4665 2196 4750; baseline 0 -20"><span class='ocrx_word' id='word_1_706' title='bbox 184 4687 269 4730; x_wconf 89' lang='lat' dir='ltr'>num</span> <span class='ocrx_word' id='word_1_707' title='bbox 301 4666 449 4731; x_wconf 87' lang='lat' dir='ltr'>homines</span> <span class='ocrx_word' id='word_1_708' title='bbox 482 4668 550 4732; x_wconf 90' lang='lat' dir='ltr'>suis</span> <span class='ocrx_word' id='word_1_709' title='bbox 576 4667 797 4733; x_wconf 85' lang='lat' dir='ltr'>voluntatibus</span> <span class='ocrx_word' id='word_1_710' title='bbox 826 4668 971 4746; x_wconf 89' lang='lat' dir='ltr'>trahere,</span> <span class='ocrx_word' id='word_1_711' title='bbox 1000 4666 1069 4742; x_wconf 64' lang='lat' dir='ltr'>sed¹</span> <span class='ocrx_word' id='word_1_712' title='bbox 1085 4688 1166 4749; x_wconf 88' lang='lat' dir='ltr'>quas</span> <span class='ocrx_word' id='word_1_713' title='bbox 1218 4665 1274 4730; x_wconf 90' lang='grc'><strong>6111</strong></span> <span class='ocrx_word' id='word_1_714' title='bbox 1294 4665 1360 4730; x_wconf 87' lang='grc'><strong>1161</strong></span> <span class='ocrx_word' id='word_1_715' title='bbox 1388 4667 1510 4732; x_wconf 83' lang='lat' dir='ltr'>virtute</span> <span class='ocrx_word' id='word_1_716' title='bbox 1538 4668 1728 4732; x_wconf 87' lang='lat' dir='ltr'>excitamur.</span> <span class='ocrx_word' id='word_1_717' title='bbox 1772 4668 1816 4732; x_wconf 92' lang='lat' dir='ltr'>In</span> <span class='ocrx_word' id='word_1_718' title='bbox 1836 4690 1900 4750; x_wconf 91' lang='lat' dir='ltr'>qua</span> <span class='ocrx_word' id='word_1_719' title='bbox 1926 4676 2036 4731; x_wconf 89' lang='lat' dir='ltr'>tamen</span> <span class='ocrx_word' id='word_1_720' title='bbox 2064 4666 2196 4731; x_wconf 91' lang='lat' dir='ltr'>interim</span> 
     </span>
     <span class='ocr_line' id='line_1_51' title="bbox 186 4750 2196 4836; baseline 0 -20"><span class='ocrx_word' id='word_1_721' title='bbox 186 4751 258 4834; x_wconf 88' lang='lat' dir='ltr'>ipse</span> <span class='ocrx_word' id='word_1_722' title='bbox 289 4759 442 4834; x_wconf 90' lang='lat' dir='ltr'>operatus</span> <span class='ocrx_word' id='word_1_723' title='bbox 475 4767 533 4818; x_wconf 91' lang='lat' dir='ltr'>est.</span> <span class='ocrx_word' id='word_1_724' title='bbox 585 4753 756 4818; x_wconf 88' lang='lat' dir='ltr'>Habemus</span> <span class='ocrx_word' id='word_1_725' title='bbox 789 4775 877 4818; x_wconf 91' lang='lat' dir='ltr'>nunc</span> <span class='ocrx_word' id='word_1_726' title='bbox 904 4753 1083 4836; x_wconf 84' lang='lat' dir='ltr'>Augustini</span> <span class='ocrx_word' id='word_1_727' title='bbox 1110 4773 1166 4817; x_wconf 91' lang='lat' dir='ltr'>ore</span> <span class='ocrx_word' id='word_1_728' title='bbox 1219 4750 1280 4817; x_wconf 92' lang='lat' dir='ltr'>hoc</span> <span class='ocrx_word' id='word_1_729' title='bbox 1302 4759 1353 4817; x_wconf 85' lang='lat' dir='ltr'>est</span> <span class='ocrx_word' id='word_1_730' title='bbox 1373 4752 1709 4833; x_wconf 79' lang='lat' dir='ltr'>animadvertendum,</span> <span class='ocrx_word' id='word_1_731' title='bbox 1732 4775 1901 4835; x_wconf 91' lang='lat' dir='ltr'>nunquam</span> <span class='ocrx_word' id='word_1_732' title='bbox 1920 4754 1967 4817; x_wconf 88' lang='lat' dir='ltr'>ita</span> <span class='ocrx_word' id='word_1_733' title='bbox 1988 4773 2047 4817; x_wconf 91' lang='lat' dir='ltr'>nos</span> <span class='ocrx_word' id='word_1_734' title='bbox 2064 4751 2196 4818; x_wconf 90' lang='lat' dir='ltr'>liberari</span> 
     </span>
     <span class='ocr_line' id='line_1_52' title="bbox 186 4837 2195 4922; baseline -0 -20"><span class='ocrx_word' id='word_1_735' title='bbox 186 4844 344 4902; x_wconf 84' lang='lat' dir='ltr'>testatum</span> <span class='ocrx_word' id='word_1_736' title='bbox 366 4837 452 4921; x_wconf 93' lang='lat' dir='ltr'>quod</span> <span class='ocrx_word' id='word_1_737' title='bbox 473 4840 509 4902; x_wconf 91' lang='grc'>16</span> <span class='ocrx_word' id='word_1_738' title='bbox 531 4839 645 4921; x_wconf 90' lang='lat' dir='ltr'>primis</span> <span class='ocrx_word' id='word_1_739' title='bbox 667 4839 813 4904; x_wconf 90' lang='lat' dir='ltr'>obtinere</span> <span class='ocrx_word' id='word_1_740' title='bbox 834 4838 1000 4911; x_wconf 85' lang='lat' dir='ltr'>volumus:</span> <span class='ocrx_word' id='word_1_741' title='bbox 1029 4860 1097 4903; x_wconf 92' lang='lat' dir='ltr'>non</span> <span class='ocrx_word' id='word_1_742' title='bbox 1118 4839 1165 4902; x_wconf 83' lang='lat' dir='ltr'>ol·</span> <span class='ocrx_word' id='word_1_743' title='bbox 1218 4837 1297 4921; x_wconf 91' lang='lat' dir='ltr'>quin</span> <span class='ocrx_word' id='word_1_744' title='bbox 1318 4839 1444 4920; x_wconf 88' lang='lat' dir='ltr'>peccati</span> <span class='ocrx_word' id='word_1_745' title='bbox 1464 4839 1542 4922; x_wconf 90' lang='lat' dir='ltr'>iuge</span> <span class='ocrx_word' id='word_1_746' title='bbox 1562 4859 1640 4921; x_wconf 89' lang='lat' dir='ltr'>pars</span> <span class='ocrx_word' id='word_1_747' title='bbox 1661 4841 1764 4905; x_wconf 83' lang='lat' dir='ltr'>nostri</span> <span class='ocrx_word' id='word_1_748' title='bbox 1787 4839 1926 4904; x_wconf 84' lang='lat' dir='ltr'>obnoxia</span> <span class='ocrx_word' id='word_1_749' title='bbox 1947 4845 2088 4916; x_wconf 87' lang='lat' dir='ltr'>maneat,</span> <span class='ocrx_word' id='word_1_750' title='bbox 2110 4859 2195 4901; x_wconf 90' lang='lat' dir='ltr'>nun-</span> 
     </span>
     <span class='ocr_line' id='line_1_53' title="bbox 186 4921 2195 5009; baseline -0 -22"><span class='ocrx_word' id='word_1_751' title='bbox 186 4923 267 4992; x_wconf 73' lang='lat' dir='ltr'>ferri</span> <span class='ocrx_word' id='word_1_752' title='bbox 288 4931 417 4989; x_wconf 88' lang='lat' dir='ltr'>tantum</span> <span class='ocrx_word' id='word_1_753' title='bbox 439 4945 460 4988; x_wconf 88' lang='lat' dir='ltr'>a</span> <span class='ocrx_word' id='word_1_754' title='bbox 480 4925 623 4991; x_wconf 88' lang='lat' dir='ltr'>Domino</span> <span class='ocrx_word' id='word_1_755' title='bbox 645 4925 800 5009; x_wconf 88' lang='lat' dir='ltr'>gratiam,</span> <span class='ocrx_word' id='word_1_756' title='bbox 828 4945 911 5006; x_wconf 91' lang='lat' dir='ltr'>quae</span> <span class='ocrx_word' id='word_1_757' title='bbox 931 4923 1036 4989; x_wconf 88' lang='lat' dir='ltr'>libera</span> <span class='ocrx_word' id='word_1_758' title='bbox 1057 4924 1165 4989; x_wconf 92' lang='lat' dir='ltr'>cuius-</span> <span class='ocrx_word' id='word_1_759' title='bbox 1218 4943 1318 5004; x_wconf 91' lang='lat' dir='ltr'>quam</span> <span class='ocrx_word' id='word_1_760' title='bbox 1339 4923 1386 4987; x_wconf 89' lang='lat' dir='ltr'>ita</span> <span class='ocrx_word' id='word_1_761' title='bbox 1407 4924 1584 4990; x_wconf 83' lang='lat' dir='ltr'>instaurari</span> <span class='ocrx_word' id='word_1_762' title='bbox 1606 4925 1684 5005; x_wconf 91' lang='lat' dir='ltr'>quin</span> <span class='ocrx_word' id='word_1_763' title='bbox 1705 4924 1828 4989; x_wconf 89' lang='lat' dir='ltr'>multae</span> <span class='ocrx_word' id='word_1_764' title='bbox 1850 4925 1991 4989; x_wconf 93' lang='lat' dir='ltr'>hominis</span> <span class='ocrx_word' id='word_1_765' title='bbox 2012 4924 2134 4988; x_wconf 89' lang='lat' dir='ltr'>terreni</span> <span class='ocrx_word' id='word_1_766' title='bbox 2154 4921 2195 4986; x_wconf 92' lang='lat' dir='ltr'>li·</span> 
     </span>
     <span class='ocr_line' id='line_1_54' title="bbox 186 5008 2197 5094; baseline 0 -22"><span class='ocrx_word' id='word_1_767' title='bbox 186 5008 1166 5094; x_wconf 68' lang='grc' dir='ltr'><strong>666616611666661166161616166116666611ιη6611616661</strong></span> <span class='ocrx_word' id='word_1_768' title='bbox 1218 5029 1301 5073; x_wconf 89' lang='lat' dir='ltr'>neae</span> <span class='ocrx_word' id='word_1_769' title='bbox 1334 5030 1463 5092; x_wconf 90' lang='lat' dir='ltr'>semper</span> <span class='ocrx_word' id='word_1_770' title='bbox 1490 5018 1684 5092; x_wconf 87' lang='lat' dir='ltr'>appareant,</span> <span class='ocrx_word' id='word_1_771' title='bbox 1714 5030 1882 5093; x_wconf 91' lang='lat' dir='ltr'>nunquam</span> <span class='ocrx_word' id='word_1_772' title='bbox 1913 5011 1959 5075; x_wconf 90' lang='lat' dir='ltr'>ita</span> <span class='ocrx_word' id='word_1_773' title='bbox 1985 5010 2111 5075; x_wconf 90' lang='lat' dir='ltr'>renasci</span> <span class='ocrx_word' id='word_1_774' title='bbox 2139 5015 2197 5074; x_wconf 91' lang='lat' dir='ltr'>ant</span> 
     </span>
    </p>
   </div>
   <div class='ocr_carea' id='block_1_5' title="bbox 259 5213 2195 5353">
    <p class='ocr_par' dir='ltr' id='par_1_6' title="bbox 259 5213 2195 5353">
     <span class='ocr_line' id='line_1_55' title="bbox 1288 5213 2195 5285; baseline 0.004 -21"><span class='ocrx_word' id='word_1_775' title='bbox 1288 5215 1316 5278; x_wconf 94' lang='grc'>1)</span> <span class='ocrx_word' id='word_1_776' title='bbox 1339 5215 1425 5282; x_wconf 80' lang='lat' dir='ltr'>Epist</span> <span class='ocrx_word' id='word_1_777' title='bbox 1450 5213 1501 5267; x_wconf 72' lang='lat'>105</span> <span class='ocrx_word' id='word_1_778' title='bbox 1518 5213 1602 5282; x_wconf 82' lang='lat'>(194).</span> <span class='ocrx_word' id='word_1_779' title='bbox 1679 5214 1709 5280; x_wconf 86' lang='grc'>2)</span> <span class='ocrx_word' id='word_1_780' title='bbox 1733 5214 1793 5267; x_wconf 85' lang='lat' dir='ltr'>Iuro</span> <span class='ocrx_word' id='word_1_781' title='bbox 1812 5217 1850 5269; x_wconf 84' lang='lat' dir='ltr'>ad</span> <span class='ocrx_word' id='word_1_782' title='bbox 1868 5217 2025 5282; x_wconf 79' lang='lat' dir='ltr'>Paulinum,</span> <span class='ocrx_word' id='word_1_783' title='bbox 2048 5219 2125 5285; x_wconf 83' lang='lat' dir='ltr'>epist</span> <span class='ocrx_word' id='word_1_784' title='bbox 2145 5214 2195 5269; x_wconf 77' lang='lat'>106</span> 
     </span>
     <span class='ocr_line' id='line_1_56' title="bbox 259 5280 1667 5353; baseline 0.001 -18"><span class='ocrx_word' id='word_1_785' title='bbox 259 5282 290 5351; x_wconf 90' lang='lat'>1)</span> <span class='ocrx_word' id='word_1_786' title='bbox 306 5285 370 5353; x_wconf 75' lang='lat' dir='ltr'>Cap.</span> <span class='ocrx_word' id='word_1_787' title='bbox 389 5285 430 5338; x_wconf 87' lang='grc'>12.</span> <span class='ocrx_word' id='word_1_788' title='bbox 500 5284 612 5353; x_wconf 73' lang='grc'><strong>2)(166.</strong></span> <span class='ocrx_word' id='word_1_789' title='bbox 632 5282 673 5337; x_wconf 59' lang='lat'>14</span> <span class='ocrx_word' id='word_1_790' title='bbox 1217 5280 1303 5349; x_wconf 82' lang='grc'><strong>(186).</strong></span> <span class='ocrx_word' id='word_1_791' title='bbox 1377 5281 1408 5350; x_wconf 84' lang='grc'>3)</span> <span class='ocrx_word' id='word_1_792' title='bbox 1426 5284 1513 5352; x_wconf 82' lang='lat' dir='ltr'>Epist.</span> <span class='ocrx_word' id='word_1_793' title='bbox 1531 5282 1566 5335; x_wconf 79' lang='lat'>46</span> <span class='ocrx_word' id='word_1_794' title='bbox 1582 5281 1667 5352; x_wconf 75' lang='lat'>(214).</span> 
     </span>
    </p>
   </div>
   <div class='ocr_carea' id='block_1_6' title="bbox 188 5183 354 5191">
    <p class='ocr_par' dir='ltr' id='par_1_7' title="bbox 188 5183 354 5191">
     <span class='ocr_line' id='line_1_57' title="bbox 188 5183 354 5191; baseline 0.006 -1"><span class='ocrx_word' id='word_1_795' title='bbox 188 5183 354 5191; x_wconf 41' lang='lat' dir='ltr'>——r...-,.</span> 
     </span>
    </p>
   </div>
   <div class='ocr_carea' id='block_1_7' title="bbox 0 0 2390 6022">
    <p class='ocr_par' dir='ltr' id='par_1_8' title="bbox 0 0 2390 6022">
     <span class='ocr_line' id='line_1_58' title="bbox 0 0 2390 6022; baseline 0 0"><span class='ocrx_word' id='word_1_796' title='bbox 0 0 2390 6022; x_wconf 95' lang='lat' dir='ltr'> </span> 
     </span>
    </p>
   </div>
  </div>
 </body>
</html>
