4770 6030
214 356 276 420 235
859 343 1125 415 mammo
1146 347 1251 413 REL.
1273 345 1454 413 oflalsr.
1481 351 1571 412 loss.
2154 347 2218 408 236

214 531 347 609 narsum
369 540 482 626 (Prov.
504 539 574 622 20):
608 537 691 614 Rex,
714 537 770 620 qui
792 535 883 601 sedet
906 537 942 600 in
967 536 1046 601 solio
1069 534 1189 614 iudicii,
1242 537 1412 618 rapiantur
1434 535 1521 615 odio,
1545 558 1612 600 non
1632 536 1830 619 implacabili
1852 537 2042 601 austeritate
2065 534 2217 618 ardeant;

208 629 340 712 spargit
356 624 466 692 oculos
486 625 522 688 in
548 644 644 688 omne
666 622 805 701 malun1;
830 623 910 687 item
932 620 1054 706 (ibid):
1082 621 1190 686 Dissi·
1241 622 1439 688 miserentur
1469 622 1567 687 etiam
1606 643 1812 687 communem
1844 624 1881 686 in
1912 642 1950 686 eo
1979 629 2132 686 naturam
2164 620 2217 705 (ut

213 721 272 798 pat
292 713 409 794 impios
430 732 490 775 rex
506 710 636 792 sapiens
653 716 687 772 et
703 709 864 773 convertit
880 730 935 773 eos
952 727 1051 789 super
1067 714 1189 785 rotam;
1242 708 1447 791 Augustinus
1474 707 1630 790 loquitur)
1659 710 1695 772 in
1717 729 1780 790 quc
1808 709 1949 790 puniunt
1969 709 2137 790 proprium
2158 709 2215 774 de-

214 802 293 866 item
311 798 424 883 (Pror.
438 794 508 881 25):
532 796 636 859 Aufer
658 790 797 859 scoriam
818 795 859 858 ab
887 802 1023 877 argento
1044 801 1078 857 et
1097 814 1189 877 egre·
1241 792 1371 872 lictum;
1393 794 1463 858 sive
1491 815 1584 858 arma
1604 796 1640 859 in
1661 794 1798 872 hostem,
1828 794 1889 859 hoc
1910 800 1961 859 est
1982 802 2146 858 armatum
2167 794 2216 860 la·

214 887 323 952 dictur
343 906 402 950 vas
424 882 591 949 conflatori
598 904 605 959 ;
628 880 722 945 aufer
742 881 878 964 impium
901 901 921 944 a
943 885 1116 961 conspectu
1138 900 1189 943 re-
1240 885 1377 959 trcnem,
1411 879 1577 944 induenda
1609 888 1700 958 sunt,
1734 901 1798 944 non
1822 901 1863 945 ex
1895 879 1983 945 facili
2015 882 2217 947 occasionem

214 974 265 1058 gis
287 979 320 1036 et
341 975 503 1035 statuetur
523 968 558 1031 in
579 967 703 1031 iustitia
723 965 841 1030 solium
861 966 940 1031 eius.
1241 973 1381 1049 captent,
1404 966 1469 1030 imo
1491 988 1552 1032 nec
1573 966 1716 1032 oblatam
1736 967 1905 1048 accipiant,
1927 967 1992 1030 nisi
2009 989 2139 1032 summa
2159 991 2217 1035 ne-

299 1057 396 1122 Nunc
424 1055 452 1120 si
473 1074 554 1120 vera
580 1072 693 1118 eorum
714 1058 765 1118 est
785 1052 923 1130 iustitia,
948 1051 1060 1116 stricto
1081 1049 1190 1134 gladio
1241 1052 1391 1116 cessitate
1424 1050 1538 1117 adacti.
1593 1052 1682 1117 Nam
1709 1053 1738 1118 si
1768 1050 1872 1117 multo
1899 1052 1974 1135 plus
2000 1054 2095 1119 nobis
2121 1076 2216 1137 prae-

214 1150 323 1212 sentes
345 1150 378 1207 et
399 1140 515 1224 impios
536 1139 695 1222 persequi,
720 1137 865 1220 gladium
882 1136 1061 1202 recondant
1080 1143 1114 1200 et
1129 1157 1189 1219 pu·
1241 1136 1395 1201 standum
1420 1145 1484 1216 est,
1512 1159 1612 1220 quam
1636 1139 1784 1222 exegerit
1803 1137 1953 1202 ethnicus
1973 1137 2043 1217 ille,
2071 1141 2126 1222 qui
2146 1141 2216 1206 bel-

214 1252 311 1296 rasa
337 1228 496 1312 sanguine
516 1246 633 1289 manus
656 1224 856 1303 contineant,
884 1223 963 1288 dum
989 1222 1109 1305 perditi
1130 1222 1190 1286 ho·
1242 1223 1312 1287 lum
1340 1223 1444 1288 videri
1473 1222 1577 1288 voluit
1610 1245 1725 1307 pacem
1753 1225 1949 1306 quaesitam,
1984 1225 2094 1290 omnia
2124 1228 2216 1309 prius

214 1318 320 1381 mines
339 1313 462 1379 nefarie
483 1332 543 1394 per
564 1309 679 1375 caedes
696 1310 830 1375 interim
847 1315 881 1374 et
897 1316 1023 1393 strages
1036 1329 1189 1392 grassan-
1242 1315 1329 1373 certe
1351 1308 1510 1374 tentanda
1531 1318 1616 1389 sunt,
1639 1331 1738 1392 quam
1756 1310 1856 1375 armis
1880 1307 1922 1395 [p.
1943 1322 2004 1375 487
2040 1309 2216 1378 decernen-

214 1410 283 1480 tur,
310 1420 439 1466 summa
460 1418 530 1462 sese
551 1396 718 1478 impietate
740 1395 958 1478 obstringent,
981 1401 1110 1459 tantum
1132 1393 1189 1458 ab·
1242 1393 1328 1459 dum.
1383 1396 1425 1460 In
1458 1405 1595 1478 utroque
1628 1395 1761 1460 demum
1799 1417 1933 1479 genere,
1967 1418 1991 1459 n
2040 1417 2059 1460 o
2087 1399 2216 1480 privato

214 1496 266 1554 est
291 1493 329 1551 ut
353 1484 508 1551 bonitatis
536 1491 569 1546 et
602 1482 745 1546 iustitiae
775 1480 907 1545 laudem
934 1479 1010 1544 inde
1036 1482 1188 1546 referant.
1242 1480 1361 1545 affectu
1387 1483 1565 1563 patiantrn·'
1581 1504 1616 1547 se
1644 1482 1778 1564 corripi,
1807 1481 1865 1546 sed
1896 1481 2025 1564 publico
2056 1482 2218 1551 duntaxat

213 1574 372 1640 Facessat
398 1568 493 1635 modo
520 1567 664 1633 abscissa
690 1588 851 1649 saevaque
873 1567 1046 1648 asperitas,
1075 1572 1109 1629 ct
1129 1566 1188 1628 tri·
1242 1587 1340 1631 sensu
1362 1567 1530 1633 ducantur.
1562 1568 1693 1650 Alioqui
1714 1574 1874 1650 potestate
1896 1588 1956 1632 sua
1976 1568 2117 1649 pessime
2136 1571 2216 1638 abu-

213 1659 315 1726 bunal
335 1656 432 1733 illud,
461 1654 547 1737 quod
568 1674 698 1718 reorum
721 1652 872 1734 scopulus
900 1653 970 1716 iure
992 1653 1186 1717 nominetur.
1213 1671 1216 1775 1
1241 1659 1365 1730 tuntur,
1387 1675 1471 1736 quae
1491 1675 1557 1718 non
1574 1655 1610 1717 in
1628 1676 1722 1718 suum
1739 1653 1806 1718 illis
1824 1651 2038 1732 commodum,
2061 1654 2119 1720 sed
2138 1656 2217 1722 alio-

302 1739 427 1831 [plss]
440 1740 515 1806 Non
526 1739 747 1815 enimissum,
761 1739 816 1821 qui
827 1746 884 1802 aut
895 1739 1099 1820 importunae
1117 1759 1188 1801 sae·
1242 1760 1316 1802 rum
1337 1739 1460 1804 bonum
1480 1761 1518 1804 ac
1539 1741 1758 1804 ministerium
1779 1738 1856 1804 data
1876 1745 1935 1804 est

214 1831 315 1896 vitiae
332 1830 471 1906 faveam,
489 1832 546 1891 aut
556 1846 696 1907 aequum
711 1823 867 1889 iudicium
878 1824 1086 1906 pronunciari
1096 1844 1190 1906 posse
1317 1825 1382 1889 ‘Ex
1403 1825 1516 1890 eodem
1537 1832 1708 1907 praeterea
1729 1824 1943 1909 belligerandi
1959 1825 2031 1889 iure
2047 1827 2168 1908 pendet
2184 1841 2218 1892 et

214 1937 380 1992 censeam,
409 1913 472 1978 nisi
500 1932 629 1994 semper
656 1909 818 1974 assidente
844 1911 967 1992 optima
994 1909 1052 1973 illa
1073 1931 1189 1993 regum
1241 1910 1478 1998 praesidiorum
1498 1917 1533 1975 et
1552 1910 1733 1989 foederum,
1762 1917 1797 1975 et
1817 1910 1963 1976 civilium
1985 1910 2124 1977 aliarum
2144 1935 2216 1979 mu-

215 2001 400 2070 consiliaria
422 2005 455 2064 et
476 1997 671 2074 certissima,
698 2002 736 2059 ut
758 1993 889 2060 Solomo
912 1996 1054 2060 affinnat
1075 1996 1187 2081 (Prov.
1241 1997 1401 2060 nitionnm
1420 1997 1510 2061 ratio.
1544 1996 1715 2063 Praesidia
1732 2004 1842 2061 autem
1854 2017 1942 2074 voco,
1961 2018 2045 2080 quae
2062 1997 2104 2062 ad
2120 2007 2214 2065 bren·

216 2087 282 2174 20),
306 2087 389 2170 regii
405 2085 517 2149 throni
533 2082 780 2158 conservatrice,
799 2081 983 2147 clementia:
1006 2102 1105 2163 quam
1122 2082 1189 2163 pri·
1242 2080 1300 2147 dos
1317 2083 1458 2165 regionis
1475 2084 1567 2160 fines,
1585 2104 1645 2165 per
1662 2084 1810 2148 civitates
1827 2081 2058 2164 disponuntur;
2075 2083 2214 2163 foedera,

214 2195 305 2240 mam
332 2194 403 2238 esse
431 2170 615 2253 principum
644 2167 767 2245 dotem,
798 2188 875 2231 vere
903 2188 923 2230 a
950 2166 1091 2250 quodam
1111 2167 1189 2230 olim
1241 2189 1324 2249 quae
1342 2190 1361 2231 a
1378 2169 1526 2233 finitimis
1544 2169 1744 2250 principibus
1761 2169 1797 2236 iu
1815 2167 1930 2233 hancl
1973 2190 2026 2233 em
2042 2170 2214 2249 sonantur,

215 2259 339 2327 dictum
366 2264 424 2323 est.
475 2255 659 2335 Utrumque
691 2261 801 2316 tamen
835 2252 1041 2335 magistratui
1074 2252 1189 2318 viden·
1241 2261 1279 2317 ut
1298 2255 1325 2319 si
1346 2253 1424 2336 quid
1444 2255 1615 2319 turbarum
1636 2255 1671 2319 in
1690 2255 1778 2338 agris
1796 2254 1864 2320 suis
1885 2254 1950 2319 inci
1974 2255 2044 2333 erit,
2066 2262 2215 2322 mutuam

215 2346 309 2425 dum,
332 2366 376 2409 ne
398 2350 454 2408 aut
473 2341 576 2405 nimia
597 2340 771 2404 severitate
792 2338 944 2404 viduaret
964 2340 1070 2422 magis
1091 2359 1190 2421 quam
1241 2339 1303 2405 sibi
1325 2361 1420 2421 opem
1440 2340 1550 2404 forant
1570 2347 1604 2404 et
1624 2341 1712 2404 vires
1733 2341 1768 2404 in
1785 2361 1956 2405 commune
1973 2341 2151 2422 conferant,
2173 2343 2215 2409 ad

214 2430 398 2505 medeatur,
428 2434 486 2493 aut
512 2425 736 2508 superstitiosa
762 2423 953 2489 clementiae
975 2425 1189 2502 affectatione,
1241 2425 1470 2508 opprimendos
1492 2426 1627 2491 humani
1654 2427 1783 2508 generis
1805 2446 1993 2500 commrmes
2014 2425 2139 2507 hostes;
2170 2431 2215 2495 ci-

213 2518 250 2582 in
271 2515 529 2599 crudelissimam
550 2510 674 2576 incidat
690 2509 937 2587 humanitatem,
961 2512 989 2575 si
1010 2511 1101 2574 molli
1123 2509 1189 2575 dis-
1241 2511 1323 2576 viles
1348 2513 1562 2591 munitiones,
1585 2533 1724 2594 quarum
1750 2513 1786 2576 in
1813 2519 1884 2576 arte
1900 2511 2033 2577 militari
2054 2533 2134 2578 usus
2155 2528 2213 2580 ost.

214 2603 383 2685 solutaque
407 2598 626 2682 indulgentia,
655 2618 729 2662 oum
756 2595 936 2660 multorum
962 2597 1106 2679 pernicie
1127 2595 1189 2660 dif·
1241 2597 1340 2662 Libet
1356 2597 1445 2662 istud
1463 2619 1589 2681 quoque
1600 2605 1765 2680 postremo
1778 2596 1925 2676 adiicere,
1936 2597 2059 2662 tributa
2070 2605 2104 2663 et
2113 2601 2213 2665 vecti·

213 2691 303 2754 fluat.
347 2687 411 2752 Est
431 2685 520 2750 enim
541 2690 575 2747 et
602 2683 690 2748 istud
718 2704 784 2746 non
806 2681 865 2747 abs
886 2703 922 2746 re
943 2681 1108 2764 quondam
1129 2682 1189 2748 sub
1242 2683 1337 2767 galia,
1357 2684 1521 2767 legitimos
1538 2705 1609 2749 esse
1626 2684 1811 2766 principum
1827 2682 1960 2761 redibis,
1982 2703 2063 2766 quos
2081 2684 2122 2750 ad
2142 2707 2214 2751 sus·

212 2775 344 2841 Nervae
363 2771 501 2855 imperio
521 2770 694 2834 iactatum:
724 2768 852 2833 Malum
873 2766 1004 2852 quidem
1026 2789 1106 2848 esse,
1129 2769 1189 2834 sub
1241 2768 1376 2834 tinenda
1392 2769 1524 2852 quidem
1539 2771 1745 2853 potissimum
1761 2770 1893 2853 publiea
1906 2768 2051 2836 muneris
2069 2771 2120 2835 sui
2136 2792 2214 2836 one·

146 2895 153 2908 x
213 2859 360 2945 principe
381 2859 502 2934 virere,
526 2855 585 2920 sub
607 2874 670 2937 quo
693 2852 776 2918 nihil
800 2853 910 2930 liceat3
933 2852 991 2919 sed
1011 2855 1115 2919 multo
1132 2876 1189 2938 pe-
1242 2855 1483 2934 recenserent,
1506 2857 1622 2938 quibus
1643 2862 1754 2921 tamen
1776 2857 1825 2920 uti
1846 2855 1997 2921 similiter
2015 2857 2149 2938 possint,
2173 2858 2215 2922 ad

212 2948 275 3025 ius,
298 2945 359 3010 sub
380 2964 444 3027 quc
464 2942 586 3006 liceant
606 2941 725 3004 omnia.
1242 2940 1449 3024 splendorem
1470 2963 1566 3008 suum
1587 2942 1798 3007 domesticum
1817 2942 1966 3024 quicum
1982 2942 2111 3024 imperii
2151 2943 2216 3008 uod

301 3028 442 3111 Quando
464 3047 543 3093 vero
575 3025 707 3109 regibus
739 3024 929 3109 populisque
961 3026 1003 3090 ad
1035 3047 1190 3091 exercen·
1242 3035 1364 3112 gerunt
1384 3027 1542 3112 dignitate
1564 3026 1801 3111 quodammodo
1823 3028 2015 3094 coniunctus
2032 3036 2091 3093 est
2157 3051 2215 3095 ua

215 3117 292 3182 dam
317 3112 505 3180 huiusmodi
535 3111 700 3194 publicam
728 3111 921 3192 vindictam,
956 3133 1049 3177 arma
1075 3132 1191 3194 capere
1243 3113 1318 3179 liter
1335 3112 1509 3191 Davidem,
1526 3113 1713 3194 Ezechiam,
1736 3112 1866 3193 Iosiam,
1889 3112 2098 3196 Iehosaphat,
2120 3115 2214 3181 alios-

213 3201 382 3268 interdum
402 3218 534 3264 necesse
560 3205 626 3276 est,
659 3218 701 3261 ex
726 3197 789 3263 hac
816 3198 941 3262 ratione
968 3197 1067 3263 simul
1094 3199 1191 3264 aesti-
1243 3221 1306 3282 quc
1328 3207 1458 3265 sanctos
1479 3220 1582 3284 reges,
1606 3199 1726 3282 Ioseph
1746 3199 1846 3264 etiam
1862 3207 1897 3264 et
1912 3199 2043 3280 Daniel,
2065 3199 2215 3266 videmus

214 3309 306 3354 mare
322 3287 408 3365 licet,
430 3284 577 3370 legitima
594 3303 674 3362 esse,
692 3303 775 3365 quae
792 3283 839 3348 sic
856 3284 1078 3366 suscipiuntur
1095 3284 1188 3350 bella.
1242 3306 1301 3368 pro
1322 3306 1481 3368 personae
1502 3306 1601 3368 quam
1622 3285 1828 3351 sustinebant
1843 3284 1952 3364 modo,
1970 3286 2132 3352 inoffensa
2148 3288 2215 3370 pie·

214 3374 301 3440 Nam
324 3374 352 3439 si
373 3371 496 3459 tradita
520 3369 586 3434 illis
611 3374 662 3434 est
686 3374 845 3451 potestas,
873 3390 938 3450 qua
959 3367 1090 3434 ditionis
1112 3392 1190 3436 suae
1241 3377 1323 3450 tato,
1346 3371 1446 3436 husae
1466 3393 1507 3436 ex
1529 3371 1659 3454 publico
1678 3378 1897 3455 sumptuosos,
1925 3376 1959 3436 et
1979 3371 2216 3455 amplissimum

214 3462 357 3544 quietem
383 3462 554 3534 tueantur,
581 3476 646 3537 qua
667 3455 886 3536 inquietorum
912 3455 1083 3520 hominum
1105 3456 1190 3522 sedi·
1243 3458 1315 3541 agri
1347 3458 1489 3540 spatium
1520 3458 1651 3541 regibus
1680 3457 1875 3522 attributrun
1909 3457 2049 3541 legimus
2078 3456 2119 3544 [p
2137 3456 2213 3544 488]

215 3548 313 3613 tiosos
341 3550 448 3610 motus
475 3542 705 3624 comprimant,
739 3560 804 3623 qua
830 3540 863 3604 vi
895 3543 1057 3623 oppressis
1084 3544 1190 3625 opitu·
1243 3542 1330 3626 apud
1351 3542 1558 3609 Ezechielem
1579 3543 1650 3629 (lla.
1669 3542 1759 3627 ult);
1786 3544 1833 3609 sic
1860 3550 1984 3621 tamen,
2014 3552 2051 3607 ut
2071 3544 2215 3610 vicissim

213 3632 338 3709 lentur,
367 3652 432 3714 qua
458 3631 495 3694 in
516 3626 677 3693 maleficia
697 3624 973 3705 animadvertant,
1003 3648 1047 3690 an
1068 3630 1190 3694 maiore
1242 3629 1453 3694 meminerint
1473 3630 1635 3712 principes
1654 3629 1732 3712 ipsi,
1760 3630 1855 3695 fissos
1876 3650 1952 3695 suos
1972 3649 2039 3694 non
2060 3636 2129 3694 tam
2148 3631 2214 3712 pri-
2275 3662 2281 3674 ,

216 3717 455 3801 opportunitate
482 3716 628 3798 proferre
655 3733 729 3777 eam
750 3712 890 3794 possint,
919 3734 1017 3794 quam
1039 3712 1081 3778 ad
1102 3735 1190 3803 com·
1243 3722 1336 3781 vates
1363 3736 1434 3781 esse
1460 3737 1566 3794 arcas,
1607 3737 1706 3797 quam
1732 3716 1832 3781 totius
1858 3715 1969 3798 populi
1995 3715 2122 3780 aeraria
2153 3714 2214 3800 (sio

215 3801 413 3886 pascendum
435 3803 504 3867 eius
524 3800 681 3877 fauorem,
711 3819 814 3880 aquo
836 3805 869 3862 et
890 3799 1056 3880 privatum
1077 3802 1190 3886 singu-
1243 3802 1330 3866 enim
1352 3800 1478 3866 Paulus
1506 3808 1646 3867 testatur
1669 3801 1764 3866 Rom.
1786 3799 1841 3885 13)
1860 3822 1943 3883 quae
1963 3799 2135 3884 prodigere
2158 3810 2216 3865 aut

215 3888 323 3953 lorum
349 3888 451 3951 otium
479 3892 512 3950 et
532 3885 713 3951 communis
739 3884 885 3949 omnium
906 3884 1125 3967 tranquillitas
1149 3885 1190 3974 [p.
1243 3886 1435 3969 dilapidare,
1465 3888 1535 3952 sine
1555 3887 1730 3952 manifesta
1750 3887 1871 3951 iniuria
1891 3908 1957 3951 non
1978 3887 2113 3969 possint
2136 3887 2216 3957 ,vel

218 3969 295 4059 486]
318 3973 542 4056 perturbatur,
570 3971 626 4053 qui
647 3969 798 4036 seditiose
824 3968 1056 4050 tumultuatur,
1085 3995 1190 4062 a„quo
1241 3975 1358 4056 potius,
1379 3974 1488 4056 ipsum
1507 3993 1613 4055 paene
1634 3994 1705 4038 esse
1724 3973 1836 4056 populi
1853 3967 2056 4056 sanguineni,
2078 3973 2133 4038 cui
2149 3994 2216 4037 non
2276 4019 2287 4038 ‚·

216 4059 378 4125 violentae
406 4057 629 4138 opressiones
656 4064 689 4121 et
719 4055 856 4139 indigna
869 4055 1043 4121 maleficia
1074 4080 1190 4143 perpe·
1242 4080 1384 4142 parcere,
1407 4058 1572 4124 dirissima
1591 4059 1635 4124 sit
1654 4058 1904 4134 inhumanitas.‚
1932 4057 2148 4124 Suessulam
2164 4059 2216 4123 in·

216 4143 368 4210 uantur?
417 4079 593 4241 dialogum
621 4141 774 4241 'custodes
801 4162 871 4206 erse
902 4142 990 4240 ipsos
1022 4150 1055 4206 et
1085 4167 1190 4231 asser-
1242 4144 1399 4210 dictiones
1430 4155 1464 4210 et
1495 4144 1674 4210 oblationes
1701 4144 1829 4228 aliaque
1857 4145 2054 4209 tributorum
2086 4166 2216 4228 genera,

217 4238 305 4297 tores
337 4237 502 4306 convenit,
542 4248 687 4291 ommum
719 4232 854 4292 conatus
886 4234 1010 4308 pariter
1041 4238 1191 4296 evertant
1241 4251 1308 4295 non
1330 4231 1394 4296 nisi
1414 4230 1563 4314 publicae
1581 4231 1784 4296 necessitatis
1802 4229 1947 4295 subsidia
1964 4250 2035 4295 esse
2055 4236 2215 4313 reputent,

131 4354 133 4358 >
216 4322 357 4400 oportet,
380 4335 519 4397 quorum
544 4311 665 4377 scelere
686 4312 798 4396 legum
819 4311 990 4394 disciplina
1010 4318 1190 4399 corrumpi·
1241 4317 1357 4398 quibus
1384 4318 1539 4383 miseram
1563 4316 1692 4399 plebem
1718 4316 1839 4399 absquo
1864 4337 1964 4383 carisa
1982 4316 2136 4400 fatigare,
2163 4320 2216 4401 ty·

216 4409 279 4469 tar.
323 4401 395 4466 Imo
418 4400 446 4465 si
467 4401 539 4464 iure
561 4419 615 4462 eos
635 4397 779 4463 latrones
799 4397 954 4479 plectrmt,
978 4420 1117 4481 quorum
1138 4403 1189 4466 in·
1241 4402 1378 4469 rannica
1404 4404 1449 4468 sit
1475 4403 1647 4485 rapacitas.
1690 4401 1784 4468 Haeo
1810 4402 2009 4485 principibus
2035 4401 2078 4467 ad
2105 4402 2216 4484 profu·

216 4488 319 4554 iuriae
346 4487 382 4550 in
409 4506 530 4568 paucos
551 4490 680 4548 tantum
705 4503 896 4566 progressae
916 4482 1052 4562 fuerint,
1076 4509 1119 4552 an
1140 4495 1189 4554 to·
1241 4489 1365 4554 sionem
1391 4497 1426 4554 et
1450 4488 1636 4554 luxmiosos
1663 4493 1812 4572 sumptus
1838 4508 1906 4553 non
1939 4489 2066 4554 faciunt
2091 4488 2216 4554 animos

216 4581 285 4639 tam
311 4571 490 4638 latrociniis
518 4571 685 4654 regionem
712 4569 845 4651 impune
872 4568 976 4652 affligi
1002 4574 1189 4656 vastarique
1241 4572 1295 4658 (ut
1325 4581 1413 4641 certe
1450 4575 1556 4641 facem
1594 4596 1707 4640 eorum
1739 4572 1986 4657 cupiditatibus,
2024 4573 2100 4656 plus
2132 4575 2216 4639 iusto

215 4659 344 4725 sinent?
390 4655 560 4741 Siquidem
581 4655 665 4720 nihil
685 4656 836 4732 interest,
863 4674 924 4718 rex
945 4675 988 4719 ne
1009 4656 1053 4721 sit
1073 4680 1117 4723 an
1137 4660 1188 4725 in·
1241 4666 1356 4742 sponte
1384 4662 1542 4741 accensis,
1573 4661 1732 4727 subiicere
1764 4681 1845 4743 opus
1872 4681 1938 4725 non
1960 4658 2035 4743 est),
2063 4657 2121 4725 sed
2142 4680 2245 4730 oum.

215 4745 294 4811 lima
323 4743 363 4810 de
383 4744 492 4828 plebe,
519 4742 576 4825 qui
602 4742 638 4806 in
658 4741 800 4807 alienam
821 4740 1004 4823 regionem,
1032 4743 1068 4808 iu
1089 4767 1188 4829 quam
1240 4745 1420 4828 plurimum
1437 4747 1558 4813 referia
1575 4748 1670 4830 ipsos,
1691 4766 1776 4828 pura
1792 4766 1904 4813 coram
1920 4747 1993 4810 Deo
2009 4744 2215 4817 conscientia,

214 4831 296 4897 iuris
328 4830 411 4895 nibil
437 4829 551 4906 habet,
584 4827 694 4906 irruit,
723 4847 858 4908 eamque
886 4825 1048 4894 hostiliter
1079 4839 1187 4911 verat,
1240 4831 1361 4898 audere
1382 4831 1539 4917 quidquid
1560 4832 1692 4911 audent,
1712 4853 1755 4898 ne
1770 4833 1873 4916 impia
1889 4830 2086 4897 confidentia
2101 4831 2137 4896 in
2152 4830 2216 4895 Dei

214 4938 327 4982 omnes
359 4936 460 4999 aeque
492 4936 551 4999 pro
575 4912 757 4980 latronibus
788 4909 931 4977 habendi
958 4921 1036 4979 sunt
1066 4924 1100 4982 et
1125 4939 1186 5001 pu·
1240 4927 1463 5004 contemptum
1483 4919 1632 4998 veniant,
1660 4917 1798 4984 docendi
1817 4924 1896 4983 sunt
1916 4924 2075 5000 quantum
2097 4916 2159 4983 sibi
2176 4915 2218 4980 li·

213 5001 334 5069 niendi
377 5001 504 5066 Verum
524 4999 775 5084 magistratuum
796 4997 943 5062 omnium
962 4997 1075 5083 fuerit,
1098 5025 1188 5070 sunr-
1240 5011 1320 5069 seat
1354 5005 1469 5088 Neque
1486 5005 1568 5071 haec
1586 5004 1735 5071 doctrina
1750 5004 1888 5087 privatis
1906 5002 2218 5086 hominibussuper

214 5108 345 5171 mopere
369 5086 424 5152 bio
450 5108 581 5164 cavere,
609 5107 651 5151 ne
678 5082 910 5168 cupiditatibus
937 5085 1005 5151 suis
1032 5090 1085 5155 vol
1113 5097 1187 5157 tan-
1237 5112 1343 5158 vacua
1371 5098 1435 5170 eat,
1463 5112 1506 5156 ne
1535 5090 1666 5173 quosvis
1686 5090 1873 5172 principum
1893 5095 2058 5171 sumptus,
2088 5089 2218 5154 tametd

214 5173 322 5238 tillum
353 5173 587 5256 obsequantur;
618 5171 698 5255 quin
730 5169 851 5252 magis,
885 5167 954 5266 eive
985 5176 1187 5258 expetendae
1237 5175 1409 5261 vulgarem
1436 5175 1628 5258 civilemque
1653 5171 1788 5240 modum
1815 5173 1993 5251 excedunt,
2029 5183 2151 5240 temera
2180 5195 2219 5241 ao

205 5266 293 5324 suut
312 5278 450 5341 poenae,
471 5279 537 5324 non
559 5255 729 5340 praecipiti
749 5251 920 5321 hwundra
941 5258 1097 5337 ferantur,
1119 5283 1186 5328 non
1235 5263 1416 5343 procaciter
1435 5261 1614 5346 suggillare
1632 5260 1695 5325 sibi
1715 5258 1914 5342 permittant
2018 5284 2023 5291 ·
