4770 6030
206 356 267 417 166
851 351 1117 420 6161116116
1139 354 1244 420 666.
1267 302 1563 421 6116166166.
2149 361 2212 423 166

204 543 277 623 6111,
301 543 436 610 tandem
457 551 491 608 et
512 543 552 609 de
574 543 701 626 stuppis
721 543 843 610 incidet
864 542 1030 608 dubitatio.
1062 539 1183 608 Secum
1235 543 1286 622 sit,
1310 544 1379 609 sive
1401 542 1441 608 de
1460 551 1668 626 peccatorum
1689 545 1878 610 remissione
1901 544 2063 626 inquietae
2086 546 2153 611 sint
2173 569 2212 614 ae

167 645 170 650 ’
206 629 295 695 enim
316 628 488 695 volutabit:
512 651 557 695 sn
577 651 645 695 non
661 629 733 695 sine
749 629 939 694 mantilibus
955 649 1092 694 coenare
1108 649 1183 710 pos·
1235 628 1406 708 sollicitae,
1429 630 1498 694 sive
1520 631 1639 695 anxiae
1660 631 1741 708 sint,
1769 637 1882 695 utrum
1902 650 2002 712 opera
2022 631 2212 713 imperfecta

206 715 258 792 sit,
281 735 324 779 an
345 735 412 780 non
433 715 574 782 sudariis
593 713 726 782 carere?
766 713 804 781 si
826 715 879 782 cui
896 713 995 797 paulo
1017 711 1184 780 delicatior
1235 721 1269 779 et
1289 715 1378 781 vitiis
1396 715 1505 781 661616
1526 723 1658 781 nostrae
1678 717 1850 799 inquinata
1865 716 1939 781 Deo
1959 715 2120 798 placeant,
2142 718 2212 784 sive

206 800 297 866 cibus
317 799 450 867 illicitis
471 801 562 867 visus
583 801 691 881 fuerit,
713 800 846 866 demum
865 821 926 866 nec
946 799 1105 866 cibarium
1125 821 1183 882 pa·
1236 799 1276 865 de
1304 822 1417 866 rerum
1447 800 1707 866 indifferentium
1734 823 1798 866 usu
1825 808 2048 886 torqueantur.
2100 801 2212 884 Quare

209 907 286 950 nem
308 906 346 951 ae
368 886 519 970 vulgaria
535 886 644 952 edulia
660 886 855 970 tranquillus
876 907 986 952 coram
1000 887 1074 951 Deo
1095 907 1183 952 com·
1234 907 1388 969 perverse
1414 887 1688 970 interpretantur,
1715 887 1768 952 vel
1796 887 1853 970 qui
1885 888 1953 953 suis
1980 887 2212 970 cupiditatibus

207 969 301 1051 edet,
331 970 410 1038 dum
437 973 473 1037 iu
503 981 648 1038 mentem
668 974 792 1052 veniet,
823 994 857 1037 se
884 971 1053 1037 vilioribus
1075 970 1183 1037 adhuc
1235 973 1341 1055 ipsam
1384 979 1559 1038 raetexuut
1587 980 1625 1037 ut
1653 973 1746 1038 bonis
1767 973 1833 1039 Dei
1861 972 1955 1039 donis
1976 974 2155 1040 abutantur
2175 977 2212 1041 in

206 1056 287 1124 cibis
314 1078 409 1141 posse
437 1080 555 1142 corpus
583 1065 775 1124 sustentare.
826 1057 865 1124 Si
887 1059 923 1122 16
942 1058 1085 1123 suaviori
1106 1058 1182 1122 vino
1236 1073 1331 1122 suam
1361 993 1545 1137 1111116661,
1579 1057 1633 1124 161
1659 1060 1715 1141 qui
1742 1059 1870 1124 nullam
1897 1081 1968 1125 esse
1993 1067 2124 1142 putant,
2147 1063 2210 1127 nisi

206 1143 392 1222 haesitarit,
419 1144 538 1210 deinde
564 1167 625 1210 666
646 1165 885 1231 vappamcum
912 1143 997 1208 bona
1017 1143 1183 1209 66666166-
1237 1165 1347 1208 661661
1365 1144 1552 1209 hominibus
1578 1152 1786 1228 usurpatam,
1814 1144 1950 1228 ideoque
1971 1147 2008 1211 16
2029 1167 2068 1211 66
2089 1148 2212 1213 utenda

205 1230 272 1296 tiae
299 1251 379 1312 pace
404 1231 509 1310 bibet;
535 1239 699 1313 postremo
726 1252 787 1296 nec
815 1229 1006 1308 dulciorem,
1033 1227 1184 1294 mundio-
1236 1229 1364 1294 nullam
1383 1231 1591 1295 infirmorum
1611 1231 1752 1296 fratrum
1772 1231 1934 1297 rationem
1955 1231 2086 1297 habent

204 1335 339 1398 remque
361 1317 433 1382 aliis
461 1337 581 1399 aquam
603 1318 764 1401 attingere
790 1315 929 1407 audebit
973 1315 1125 1398 Denique
1145 1335 1183 1380 66
1321 1316 1435 1382 Ρ11166
1484 1337 1582 1382 66616
1608 1318 1765 1382 1611161616
1790 1317 1825 1381 16
1845 1316 1980 1382 modum
2001 1316 2063 1383 hoc
2084 1320 2212 1384 saeculo

206 1401 341 1467 demum
360 1403 485 1480 veniet,
508 1410 546 1468 ut
567 1424 665 1485 super
686 1408 924 1480 transversam,
948 1400 1034 1485 quod
1056 1399 1184 1480 dicitur,
1236 1409 1398 1483 peccatur.
1480 1401 1567 1466 ullus
1593 1402 1745 1481 fere'est,
1774 1404 1827 1468 oui
1853 1410 2042 1485 sumptuoso
2064 1425 2136 1470 6666
2154 1427 2214 1488 per

207 1487 367 1553 festucam
387 1486 537 1554 incedere
559 1488 652 1554 nefas
673 1487 779 1554 ducat.
830 1487 906 1552 Non
927 1488 1015 1552 enim
1036 1487 1091 1553 hic
1112 1485 1184 1552 leve
1236 1486 1407 1552 facultates
1438 1487 1549 1565 116661,
1578 1510 1676 1571 quem
1707 1509 1774 1553 non
1802 1486 1940 1554 delectet
1971 1489 2008 1554 16
2035 1510 2214 1555 coenarum

208 1580 374 1640 661161666
395 1573 582 1653 inchoatur,
612 1573 670 1640 sed
690 1574 752 1639 hoc
774 1574 1040 1640 controvertitur:
1068 1594 1111 1637 an
1133 1572 1185 1637 his
1237 1580 1411 1655 apparatu,
1440 1574 1476 1648 16
1497 1573 1588 1639 66116
1609 1574 1766 1656 corporis,
1793 1574 1830 1639 in
1851 1573 2043 1640 extruendis
2064 1575 2213 1643 domibus

209 1666 268 1724 aut
288 1659 353 1725 illis
374 1681 434 1725 666
456 1660 505 1725 uti
525 1660 619 1726 Deus
639 1659 734 1738 velit,
756 1660 849 1726 ouius
870 1659 1021 1724 voluntas
1044 1659 1185 1724 consiliis
1236 1658 1423 1724 luxuriosus
1453 1659 1607 1741 splendor
1612 1683 1621 1739 ;
1649 1661 1704 1742 qui
1726 1681 1793 1724 666
1815 1661 1904 1725 omni
1930 1660 2136 1727 lautitiarum
2156 1685 2213 1747 ge-

207 1746 328 1811 nostris
350 1767 387 1811 ao
408 1745 504 1810 factis
525 1746 676 1811 omnibus
696 1747 823 1828 praeire
846 1744 950 1810 debet
994 1745 1084 1810 Hinc
1106 1744 1185 1810 61166
1237 1765 1315 1809 6616
1342 1746 1430 1810 16161
1456 1745 1536 1810 alios
1558 1747 1701 1811 eminere
1723 1745 1819 1824 velit,
1848 1746 1905 1829 qui
1926 1767 1992 1810 non
2014 1747 2076 1812 sibi
2096 1749 2132 1812 in
2154 1770 2212 1814 666

206 1830 487 1914 desperationem
508 1831 728 1898 confusionem
750 1832 855 1914 abripi
874 1853 1006 1896 necesse
1024 1839 1082 1909 661,
1106 1830 1185 1895 ahos
1236 1831 1342 1894 nitore
1372 1831 1508 1896 mirifice
1545 1830 1740 1897 blandiatur.
1769 1895 1776 1911 ,
1801 1832 1848 1898 Et
1885 1831 1968 1898 haec
2005 1835 2115 1899 616616
2151 1834 2212 1900 sub

207 1926 392 2000 contempto
424 1919 498 1982 Deo
529 1925 562 1982 61
588 1917 712 1983 abieoto
745 1918 815 1984 eius
844 1917 976 1996 timore,
1008 1918 1097 1982 viam
1124 1917 1185 1981 sibi
1236 1915 1435 1981 christianae
1461 1917 1620 1982 libertatis
1641 1923 1813 2000 praetextu
1834 1916 2062 1984 defenduntur.
2108 1920 2214 1985 Aiunt

206 2005 303 2069 ruina
323 2005 440 2082 faeere,
462 2025 560 2086 quam
582 2002 769 2085 expeditam
790 2024 857 2068 non
878 2002 1028 2068 habeant.
1236 2023 1290 2066 res
1312 2022 1383 2067 esse
1405 2002 1636 2068 indifferentes.
1664 2003 1794 2080 Fateor,
1818 2002 1913 2069 modo
1930 2005 1972 2069 iis
1988 2004 2213 2072 indifferenter

294 2087 488 2171 Quicunque
510 2089 597 2153 enim
619 2089 678 2162 tali
701 2089 901 2155 dubitatione
927 2089 1075 2171 impliciti
1097 2095 1183 2166 sunt,
1236 2088 1308 2171 quis
1329 2096 1451 2154 utatur.
1486 2088 1737 2171 Caeterumubi
1756 2089 1854 2154 nimis
1872 2089 1988 2172 cupide
2006 2097 2212 2174 appetuntur,

207 2196 335 2261 quoquo
361 2196 395 2240 66
416 2181 561 2253 1611661,
590 2182 797 2257 praesentem
824 2175 943 2258 ubique
971 2174 1184 2240 conscientiae
1237 2174 1615 2256 ubisuperbeiactantur‚
1623 2173 2081 2256 ubiluxurioseeffirnduntur,
2091 2174 2211 2264 [11416]

206 2261 420 2327 offensionem
440 2259 561 2325 vident
604 2259 692 2340 Scio,
714 2261 821 2344 inquit
839 2260 965 2347 Paulus
987 2258 1097 2343 (Rom.
1120 2258 1183 2344 14),
1236 2259 1276 2324 iis
1289 2259 1377 2325 vitiis
1390 2267 1656 2342 conspurcantur.
1684 2259 1842 2326 16161166
1858 2260 2083 2328 indifferentes
2094 2264 2214 2346 optime

206 2349 284 2432 quia
309 2346 393 2410 nibil
423 2367 594 2412 commune
623 2354 673 2412 est
704 2346 778 2431 (per
798 2368 984 2424 commune,
1012 2345 1185 2428 profanum
1238 2344 1434 2444 dinstinguit
1454 2344 1536 2411 illud
1556 2345 1655 2411 Pauli
1677 2346 1755 2431 (Tit
1778 2346 1826 2430 1):
1849 2347 1961 2427 omnia
1976 2347 2102 2415 munda
2117 2371 2214 2414 mun-

210 2430 387 2517 accipiens)
415 2431 479 2497 nisi
507 2433 562 2515 qui
590 2433 757 2498 existimat
777 2432 899 2514 aliquid
921 2453 1108 2510 commune,
1137 2431 1186 2495 1111
1237 2430 1302 2511 dis;
1325 2432 1540 2514 comquinatis
1562 2439 1673 2496 autem
1689 2439 1723 2496 61
1739 2431 1925 2499 infidelibus
1941 2433 2026 2498 nihil
2043 2434 2212 2515 mundum,

209 2539 383 2586 commune
415 2524 473 2584 est.
530 2517 657 2599 Quibus
689 2519 798 2583 verbis
816 2539 883 2584 res
912 2516 952 2604 [p.
970 2514 1047 2604 408]
1072 2538 1185 2582 omnes
1237 2515 1367 2598 quando
1388 2516 1512 2598 polluta
1534 2524 1584 2582 est
1604 2539 1718 2582 eorum
1739 2539 1832 2584 mens
1854 2524 1889 2583 et
1904 2519 2109 2585 conscientia
2143 2519 2213 2586 Gur

208 2613 361 2671 61161666
388 2603 530 2670 libertati
552 2611 682 2670 6661166
707 2605 849 2683 subiicit,
878 2602 974 2668 modo
997 2603 1185 2668 616611161-
1237 2603 1326 2667 enim
1346 2601 1586 2668 maledicuntur
1608 2600 1741 2682 divites,
1769 2605 1825 2687 qui
1847 2603 2098 2670 consolationem
2118 2627 2212 2671 suam

207 2693 283 2757 tatis
305 2691 388 2756 ratio
410 2690 669 2755 animisnostris
697 2689 784 2774 apud
804 2691 915 2755 Deum
939 2696 1073 2755 6666161.
1117 2689 1185 2754 Ve-
1237 2688 1369 2768 habent,
1390 2690 1447 2771 qui
1467 2690 1606 2754 saturati
1627 2696 1714 2768 sunt,
1733 2691 1790 2772 qui
1811 2711 1900 2755 nunc
1922 2689 2037 2769 rident,
2060 2691 2115 2774 qui
2137 2691 2211 2756 dor·

206 2799 282 2843 rum
304 2778 332 2842 61
353 2798 419 2860 qua
440 2776 664 2858 superstitiosa
685 2777 793 2859 opinio
813 2775 1003 2858 scrupulum
1020 2775 1185 2840 66111616-
1236 2775 1344 2839 miunt
1375 2775 1410 2838 in
1441 2773 1534 2840 lectis
1567 2776 1733 2852 eburneis,
1769 2776 1825 2858 qui
1858 2777 2062 2860 coniungimt
2094 2798 2211 2861 agrum

206 2863 310 2941 116161,
340 2884 423 2945 quae
444 2869 558 2943 suapte
580 2871 699 2926 natura
719 2883 803 2945 pura
824 2868 931 2941 erant,
959 2861 1053 2927 nobis
1074 2868 1185 2927 conta-
1237 2881 1325 2943 agro,
1348 2881 1486 2943 quorum
1506 2861 1657 2927 convivia
1680 2861 1856 2940 citharam,
1878 2860 1994 2946 lyram,
2087 2884 2212 2946 panum

206 2949 384 3014 minantur.
436 2945 548 3028 Quare
575 2947 717 3014 subiicit:
747 2948 862 3014 beatus
887 2948 944 3032 qui
969 2967 1036 3012 666
1062 2946 1186 3013 iudicat
1237 2945 1722 3031 611166161161661611161.
1750 2947 1900 3013 1161666.
1928 2868 2088 3032 16611111
2113 2947 2212 3015 Certe

149 3054 151 3058 “
207 3035 352 3117 seipsum
384 3035 421 3097 in
454 3054 492 3097 66
513 3031 600 3115 quod
627 3034 750 3116 probat
795 3035 925 3118 Atqui
952 3031 1122 3112 diiudicat,
1156 3034 1185 3098 si
1237 3039 1270 3096 61
1297 3031 1378 3096 ebur
1406 3038 1440 3095 et
1467 3052 1586 3097 aurum
1612 3039 1645 3096 et
1671 3031 1804 3098 divitiae
1831 3033 1935 3099 bonae
1955 3033 2022 3100 Dei
2043 3042 2213 3100 creaturae

206 3119 320 3199 ederit,
346 3118 581 3185 condemnatus
602 3126 666 3198 661,
695 3120 848 3202 quoniam
869 3141 935 3185 non
957 3118 1027 3184 edit
1045 3140 1088 3185 ex
1108 3118 1182 3184 fide.
1235 3124 1321 3195 sunt,
1344 3115 1515 3183 hominum
1531 3117 1643 3184 usibus
1701 3119 1851 3199 rmissae,
1873 3119 1939 3184 imo
1955 3119 2021 3186 Dei
2037 3119 2211 3203 providen-

206 3206 312 3272 Porm
334 3204 420 3289 quod
441 3226 508 3270 non
529 3211 579 3270 est
600 3227 642 3269 ex
662 3203 737 3284 fide,
759 3213 930 3290 peccatum
950 3212 1010 3272 est.
1234 3204 1282 3268 tia
1302 3202 1491 3268 destinatae.
1535 3203 1605 3269 Nec
1626 3205 1656 3268 ri
1678 3225 1748 3284 616,
1775 3210 1833 3269 661
1851 3206 2007 3284 saturari,
2030 3213 2089 3270 aut
2109 3226 2212 3273 novas

292 3293 387 3357 Inter
419 3291 604 3357 huiusmodi
637 3293 819 3376 angustias,
852 3293 909 3376 qui
933 3293 1044 3358 omnia
1070 3313 1183 3358 secure
1234 3289 1452 3373 possessiones
1485 3290 1650 3355 veteribus
1678 3296 1775 3372 atque
1809 3291 1906 3356 avitis
1934 3289 2126 3376 adiungere,
2154 3301 2211 3357 aut

205 3379 419 3444 nihilominus
436 3376 585 3442 audendo
602 3399 637 3443 se
650 3379 860 3445 animosiores
871 3378 1056 3457 ostendunt,
1073 3399 1183 3442 nonne
1234 3383 1392 3441 concentu
1424 3374 1548 3441 musico
1580 3373 1747 3455 delectari,
1778 3383 1836 3441 aut
1861 3377 1976 3442 vinum
1998 3377 2122 3458 bibere,
2155 3399 2211 3443 us·

206 3486 242 3532 66
257 3464 454 3531 tantundem
475 3485 496 3528 6
515 3463 588 3529 Deo
611 3463 784 3529 avertunt?
814 3463 880 3545 Qui
897 3486 975 3531 vero
993 3464 1101 3547 aliquo
1117 3465 1183 3528 Dei
1235 3482 1334 3543 quam
1354 3460 1556 3544 prohibitum
1576 3469 1634 3526 est
1667 3461 1795 3528 Verum
1812 3461 1901 3528 istud
1918 3462 2058 3545 quidem,
2080 3462 2139 3529 sed
2155 3463 2211 3528 ubi

99 3550 102 3555 '
207 3551 324 3616 timore
355 3550 497 3634 penitius
530 3551 731 3630 afficiuntur,
765 3572 841 3617 cum
866 3558 899 3616 et
930 3551 993 3635 ipsi
1024 3557 1183 3634 cogantur
1234 3569 1346 3612 rerum
1377 3548 1470 3629 copia
1496 3548 1652 3630 suppetit,
1680 3548 1716 3612 in
1742 3547 1861 3614 delitiis
1882 3548 2024 3614 volutari
2045 3570 2083 3615 ac
2102 3570 2137 3615 66
2157 3550 2208 3613 16-

206 3637 311 3701 multa
342 3636 514 3701 admittere
554 3643 727 3702 aversante
760 3636 969 3714 conscientia,
1009 3635 1183 3701 formidine
1235 3634 1412 3717 gurgitare,
1435 3639 1580 3698 mentem
1596 3640 1630 3698 et
1646 3635 1793 3698 animum
1809 3634 1971 3700 inebriare
2006 3634 2208 3700 raesentibus

206 3729 457 3788 consternantur
484 3743 522 3788 ac
548 3722 732 3789 concidunt.
777 3721 902 3789 Omnes
923 3729 1080 3805 quotquot
1099 3723 1183 3788 tales
1234 3718 1455 3802 voluptatibus
1481 3719 1638 3802 novisque
1660 3740 1789 3803 semper
1813 3719 1956 3785 inhiare:
2086 3742 2107 3785 a
2126 3720 2209 3804 legi·

205 3815 298 3885 sunt,
326 3807 410 3872 nihil
431 3806 591 3873 donorum
610 3810 677 3874 Dei
703 3810 868 3893 accipiunt
893 3830 969 3874 cum
1002 3809 1184 3892 gratiarum
1234 3806 1315 3871 timo
1337 3804 1497 3870 donomm
1516 3804 1583 3870 Dei
1608 3827 1672 3871 usu
1698 3804 1886 3890 longissime
1907 3806 2034 3872 absunt
2079 3807 2211 3873 Tollant

206 3894 348 3970 actione,
377 3914 441 3975 qua
466 3900 578 3959 tamen
606 3895 675 3959 sola
701 3895 794 3961 nobis
815 3895 925 3960 omnia
949 3895 985 3959 in
1006 3916 1103 3960 usum
1123 3916 1183 3960 66-
1234 3912 1313 3976 ergo
1339 3890 1589 3956 immoderatam
1611 3890 1836 3973 cupiditatem,
1864 3890 1983 3956 tollant
2002 3892 2210 3959 immodicam

209 3986 315 4046 strum
334 3979 544 4058 sanctificari,
573 3979 1080 4066 16616161Ρ611166(11’116.4).
1125 3981 1182 4045 16-
1234 3977 1469 4061 profusionem,
1496 3976 1614 4042 1611661
1639 3978 1819 4043 vanitatem
1850 3984 1884 4043 et
1909 3980 2146 4061 arrogrrntiam,
2173 3986 2211 4043 ut

209 4064 321 4148 telligo
349 4071 459 4128 autem
487 4067 668 4147 gratianrm
701 4068 861 4132 actionem
893 4088 936 4130 61
967 4068 1076 4131 661166
1107 4087 1182 4148 pro·
1234 4085 1318 4146 pura
1339 4061 1544 4142 conscientia,
1566 4062 1631 4128 Dei
1653 4062 1747 4128 donis
1767 4084 1849 4146 pure
1869 4069 2015 4129 utantur.

207 4151 341 4229 foetam,
370 4149 427 4231 qui
445 4150 512 4214 Dei
532 4151 779 4216 beneficentiam
804 4160 837 4217 61
858 4152 1037 4218 bonitatem
1057 4153 1093 4216 16
1115 4153 1182 4217 suis
1320 4147 1386 4214 Ubi
1418 4147 1460 4213 ad
1493 4148 1579 4214 hanc
1610 4149 1819 4214 sobrietatem
1855 4149 1983 4215 animus
2015 4151 2212 4233 compositus

207 4236 300 4302 donis
332 4242 495 4318 agnoscat
545 4236 634 4300 Nam
665 4237 760 4302 multi
793 4237 925 4319 quidem
952 4259 1079 4316 6611116,
1117 4238 1183 4302 Dei
1233 4236 1341 4314 fuerit,
1362 4234 1531 4299 habeth
1558 4233 1695 4318 legitimi
1717 4257 1797 4301 usus
1817 4234 1975 4320 regulam
2020 4235 2117 4302 Desit
2137 4258 2211 4301 rur-

192 4323 292 4388 'bona
319 4341 391 4387 esse
422 4320 611 4406 intelligrmt
642 4322 759 4405 quibus
787 4331 926 4389 utuntur
952 4331 986 4389 et
1010 4325 1121 4388 Deum
1147 4323 1183 4386 in
1234 4344 1308 4387 sum
1329 4321 1411 4386 haec
1431 4319 1620 4398 moderatio,
1642 4320 1786 4402 plebeiae
1807 4342 2063 4405 communesque
2080 4321 2210 4388 delitiae

206 4408 359 4491 operibus
379 4408 448 4472 suis
473 4404 622 4486 laudant,
644 4408 710 4473 -sed
731 4431 807 4474 oum
834 4410 896 4475 sibi
917 4409 995 4474 data
1016 4430 1182 4490 6666161-
1233 4409 1354 4473 nimiae
1382 4419 1468 4472 sunt
1517 4405 1605 4471 Nam
1632 4405 1714 4471 illud
1741 4428 1818 4472 vere
1840 4405 1973 4473 dicitu:
2001 4408 2036 4472 in
2057 4407 2157 4472 burro
2177 4415 2213 4475 61

204 4515 339 4560 suasum
359 4513 428 4557 non
448 4492 606 4570 habeant,
627 4493 787 4577 quomodo
808 4496 931 4578 gratias
951 4494 1034 4576 Deo,
1046 4500 1182 4577 agerent
1232 4493 1277 4646 kp
1296 4489 1373 4578 411]
1397 4489 1471 4556 rudi
1490 4512 1616 4574 panno,
1643 4513 1740 4574 saepe
1760 4493 1907 4557 animum
1927 4488 2129 4576 purpureum
2150 4493 2212 4559 ha·

206 4586 362 4662 tanquam
379 4576 507 4643 datori?
537 4578 698 4645 Videmus
715 4581 751 4644 in
768 4602 906 4661 summa,
925 4601 1083 4664 quorsum
1100 4579 1181 4646 haec
1255 4582 1337 4662 itare
1343 4602 1352 4658 ;
1381 4576 1548 4643 interdum
1575 4579 1635 4644 sub
1667 4578 1764 4664 bysso
1791 4585 1824 4642 61
1856 4599 2003 4660 purpura
2029 4578 2211 4661 simplicem

204 4664 319 4730 tendat
349 4664 498 4730 libertas:
526 4686 660 4748 nempe,
694 4673 731 4730 ut
743 4659 823 4732 'Dei
851 4665 959 4746 donis,
987 4665 1077 4730 nullo
1104 4687 1182 4732 con·
1233 4664 1453 4731 humilitatem
1478 4661 1589 4729 latere.
1638 4664 1693 4728 Ita
1717 4665 1752 4728 16
1780 4685 1838 4729 666
1865 4665 2001 4748 quisque
2021 4664 2135 4730 ordine
2155 4664 2210 4731 vel

205 4751 359 4817 scientiae
379 4771 510 4833 scrupe,
532 4750 624 4816 nulla
645 4752 747 4817 animi
773 4753 1018 4836 perturbatione
1038 4759 1180 4831 utamur,
1233 4751 1385 4829 tenuiter,
1407 4747 1460 4813 vel
1481 4748 1621 4828 modice,
1643 4749 1697 4815 vel
1718 4748 1886 4831 splendide
1908 4750 2014 4829 vivat;
2037 4751 2233 4817 61616161--

203 4837 250 4988 {ipl
262 4857 478 4983 quamtusum
501 4834 542 4923 [p.
555 4835 632 4924 466]
654 4838 748 4989 66111116
736 4861 821 4991 maan
811 4839 883 4988 ltloo
902 4837 983 4938 data
1004 4844 1183 4990 sanataque}
1232 4837 1344 4986 mit
1363 4856 1533 4985 omneslse
1553 4857 1574 4900 6
1593 4835 1680 4986 Dheaon
1687 4834 1740 4913 ali,
1748 4836 1942 4986 hritisgiivant,
1958 4837 2210 4989 l111}‹)>‹{1rt1;{issluuu-

250 4943 362 4987 116166
477 4944 736 4991 6161116666
857 4945 1044 4989 66166666
1234 4944 1373 5002 1166116
1408 4942 1446 4987 ac
1490 4942 1508 4985 e
1549 4943 1585 4985 m
1679 4941 1747 4986 cc
1845 4942 1927 4987 anae
2171 4944 2210 4987 u·

205 5010 275 5073 eius
296 5029 377 5090 erga
396 4942 666 5092 hddelargitatem
687 5017 875 5095 agnoscant
918 5011 982 5075 Est
1003 5017 1114 5075 autem
1133 5009 1182 5075 di·
1234 5016 1319 5087 tent,
1347 5007 1377 5073 61
1397 5027 1474 5073 6661
1494 4942 1601 5072 1111616
1623 5005 1725 5090 (Phil.
1744 5003 1780 5090 4)
1807 5004 1995 5086 didicerint,
2024 5008 2060 5072 in
2091 4944 2210 5091 quihus

203 5092 1182 5176 11166161ο116611661616,6111161166616111161161661616611166
1234 5103 1319 5174 6661,
1342 5094 1383 5159 iis
1403 5092 1547 5157 contenti
1569 5113 1656 5170 esse;
1683 5092 1712 5158 61
1733 5092 1845 5157 norint
1865 5100 1899 5157 et
1919 5092 2060 5158 humiles
2082 5115 2153 5159 esse
2175 5101 2211 5159 et

199 5179 271 5331 1suis
287 5177 437 5329 plarltibus
456 5201 532 5279 1616
549 5181 753 5333 6Ἐ1661616
767 5182 969 5349 fisselfflis
989 5182 1183 5351 1οὲθέἓὶῒί
1232 5179 1407 5332 fflerz,
1436 5178 1465 5242 si
1485 5176 1659 5328 doefitffisst
1680 5177 1799 5329 uffle
1814 5185 1854 5328 tet
1872 5180 1908 5245 in
1929 5179 2135 5348 6616111916εέ1
2155 5202 2211 5246 66-
2293 5258 2297 5264 ,

216 5284 578 5330 ormroosrsconsoren
648 5289 760 5335 661616
803 5289 841 5334 66
953 5289 1016 5334 can
1358 5283 1572 5329 6661111166
1607 5284 1695 5329 aun
1795 5284 2022 5347 epenunam
