4770 6030
183 317 248 380 489
774 310 874 377 CAP.
897 308 958 374 VI.
981 307 1074 394 (Ν.)
1118 307 1333 376 SYMBOLI
1354 310 1651 412 EXPLlCAllIO.
2130 318 2195 380 490

184 424 549 496 unsaramma

184 469 399 588 baptismum,
423 510 461 566 ut
482 501 524 565 ab
544 410 611 565 dno
632 501 674 565 ad
696 500 837 566 alterum
858 497 1084 565 ratiocinetur:
1110 505 1157 578 ut,
1218 498 1436 566 distinctionis
1456 501 1633 565 notatione.
1677 499 1833 565 Vicissim
1856 499 1945 565 filius
1967 507 2095 583 patrem
2118 525 2138 568 a
2158 525 2194 570 se

184 590 262 672 quia
283 609 351 654 una
372 594 423 652 est
442 586 533 665 fides,
557 609 599 651 ex
621 608 658 652 eo
681 609 786 652 unum
804 607 875 651 esse
892 587 1003 650 Deum
1025 583 1159 649 demon·
1217 585 1402 670 distinguit,
1431 608 1533 669 quum
1561 587 1663 651 alium
1688 608 1758 651 esse
1787 586 1865 651 dicit
1894 587 1949 669 qui
1971 588 2195 655 testimonium

185 682 282 754 stret;
310 674 388 758 quia
408 695 494 738 unus
515 679 566 738 est
586 674 628 738 ba
651 673 783 751 tismus,
810 672 889 737 inde
911 693 1037 754 quoque
1058 691 1161 735 unam
1217 672 1279 737 sibi
1300 672 1450 754 perhibet
1478 672 1583 757 (Ioan.
1605 678 1640 752 5,
1661 675 1700 735 32
1719 680 1752 737 et
1770 676 1804 751 8,
1828 676 1865 735 16
1885 680 1918 736 et
1935 671 2037 757 alibi).
2082 675 2193 759 Atque

185 783 256 827 esse
283 759 382 825 fidem
409 758 568 824 ostendat.
614 695 726 839 (guum
759 759 849 823 enim
880 756 962 823 fides
995 778 1062 821 non
1096 757 1161 822 huc
1216 758 1281 823 huo
1308 757 1414 823 tendit
1441 757 1528 842 quod
1557 758 1675 825 dicitur
1696 766 1824 841 patrem
1846 758 2063 840 perverbum
2084 763 2194 827 omnia

186 855 283 930 atque
299 846 378 910 illuc
394 845 651 927 circumspicere,
670 867 775 928 neque
793 866 851 927 per
867 845 961 909 varia
977 842 1161 908 discurrere
1215 865 1342 909 creasse
1350 868 1359 924 ;
1380 844 1466 926 quod
1488 865 1554 909 non
1569 852 1708 927 poterat,
1730 846 1794 910 nisi
1811 844 1851 909 ab
1868 845 1938 927 ipso
1956 844 2194 927 quodammodo

185 933 317 1011 debeat,
347 930 461 996 sedin
482 953 585 995 unum
607 931 717 996 Deum
739 937 901 1014 spectare,
930 930 966 993 in
988 950 1064 993 eum
1086 949 1162 992 oon·
1216 929 1395 995 distinctis.
1423 931 1602 996 Praeterea
1619 952 1684 996 non
1702 930 1979 1014 descenditpater
2000 931 2037 995 in
2059 939 2192 1013 terram,

186 1020 274 1098 ferri,
298 1018 335 1082 in
357 1038 395 1082 eo
417 1017 567 1081 haerere:
591 1039 633 1081 ex
655 1038 693 1081 eo
714 1016 811 1082 facile
833 1015 1053 1093 constituitur,
1076 1013 1162 1096 quod
1215 1014 1324 1081 sedis
1346 1017 1401 1098 qui
1424 1024 1558 1100 epatre
1581 1017 1676 1096 exiit3
1704 1038 1770 1081 non
1792 1024 1941 1081 mortuus
1964 1024 2027 1095 est,
2056 1039 2118 1084 nec
2140 1040 2192 1084 re-

186 1106 214 1172 si
235 1105 329 1170 varia
350 1105 418 1167 sint
443 1102 520 1166 fidei
551 1124 688 1187 genera,
718 1102 829 1186 plures
857 1101 956 1166 etiam
986 1122 1056 1165 esse
1085 1099 1162 1165 deos
1215 1102 1373 1180 surrexit,
1402 1102 1460 1167 sed
1488 1104 1544 1186 qui
1573 1102 1614 1168 ab
1643 1123 1681 1167 eo
1709 1103 1827 1168 missus
1855 1103 1970 1167 fuerat
2014 1102 2129 1187 Neque
2151 1104 2192 1171 ab

186 1196 341 1273 oporteat
386 1189 460 1253 Iam
481 1189 559 1270 quia
580 1197 822 1253 sacramentum
844 1194 894 1253 est
914 1186 1006 1266 fidei,
1037 1187 1161 1270 baptis·
1215 1196 1384 1271 assumpta
1401 1210 1499 1254 carne
1521 1187 1693 1253 exordium
1714 1187 2112 1270 habuithaecdistinotio,
2135 1190 2193 1256 sed

186 1299 275 1354 mus,
304 1275 408 1358 ipsius
435 1275 595 1339 unitatem
618 1275 712 1340 nobis
735 1275 922 1353 confirmat,
951 1295 993 1338 ex
1014 1294 1052 1338 eo
1074 1271 1162 1355 quod
1215 1281 1313 1338 antea
1334 1295 1460 1357 quoque
1482 1275 1691 1358 unigenitum
1720 1275 1756 1338 in
1778 1275 1853 1338 sinu
1875 1275 1978 1357 patris
2000 1275 2100 1340 fuisse
2121 1298 2192 1342 ma·

184 1384 272 1427 unus
305 1368 362 1426 est.
407 1359 498 1424 Hinc
532 1361 633 1424 etiam
666 1361 851 1438 conficitur,
891 1367 1016 1424 utnon
1038 1360 1103 1424 nisi
1125 1359 1162 1422 in
1214 1361 1372 1424 nifestum
1394 1368 1444 1426 est
1464 1360 1569 1511 3101111.
1593 1366 1619 1439 1,
1643 1359 1705 1443 18).
1736 1359 1820 1440 Quis
1842 1361 1931 1425 enim
1953 1381 2098 1426 asserem
2121 1383 2192 1426 sus·

184 1469 290 1513 unum
307 1447 417 1512 Deum
433 1447 592 1530 baptizari
608 1446 719 1511 liceat:
743 1447 911 1529 quincius
934 1445 1162 1528 amplectimur
1215 1447 1345 1524 tineat,¹
1368 1451 1442 1510 tum
1485 1468 1595 1512 emum
1617 1447 1727 1511 sinum
1748 1446 1853 1530 patris
1872 1447 2059 1530 ingressum
2075 1448 2192 1529 filium,

184 1533 293 1606 fidem,
315 1534 351 1596 in
373 1533 466 1598 cuius
488 1554 610 1597 nornen
631 1533 843 1616 baptizamur.
886 1529 975 1612 Quid
997 1551 1076 1614 ergo
1098 1530 1161 1595 sibi
1215 1553 1316 1614 quum
1338 1553 1357 1596 e
1379 1533 1467 1598 coelo
1491 1531 1659 1599 descendit
1681 1530 1723 1597 ad
1745 1531 1984 1615 suscipiendam
2005 1533 2192 1599 humanita-

185 1620 258 1685 vult
284 1617 454 1696 Christus,
490 1639 591 1701 quum
623 1619 659 1682 in
689 1619 822 1682 nomine
849 1618 952 1701 patris
980 1624 1013 1681 et
1039 1616 1100 1680 filii
1128 1623 1162 1681 et
1214 1617 1302 1681 tem?
1347 1619 1432 1683 Erat
1458 1640 1536 1704 ergo
1559 1626 1635 1684 ante
1657 1619 1693 1682 in
1715 1618 1790 1683 sinu
1812 1619 1915 1701 patris
1935 1625 1969 1682 et
1990 1639 2085 1682 suam
2105 1619 2193 1702 apud

185 1707 321 1788 spiritus
342 1705 447 1769 sancti
467 1704 626 1787 baptizari
649 1705 824 1788 praecipit,
852 1703 917 1767 nisi
945 1725 1013 1767 una
1038 1702 1103 1767 fide
1122 1703 1161 1766 in
1214 1709 1343 1787 patrem
1372 1704 1511 1787 gloriam
1533 1704 1707 1769 obtinebat.
1754 1702 1901 1788 Spiritus
1929 1707 2032 1769 sancti
2056 1712 2191 1789 epatre

184 1798 327 1874 patrem,
362 1790 468 1854 filium
501 1799 534 1854 ot
566 1791 719 1872 spiritum
750 1789 949 1855 credendum
981 1788 1076 1854 esse?
1120 1787 1162 1854 Id
1215 1789 1455 1856 distinctionem
1482 1790 1637 1856 Christus
1668 1790 1792 1869 innuit,
1826 1810 1928 1873 quum
1956 1790 2035 1856 dicit
2068 1811 2141 1855 eum
2171 1813 2192 1858 a

184 1898 264 1942 vero
293 1876 372 1959 quid
399 1876 489 1940 aliud
518 1882 581 1956 est,
614 1898 713 1959 quam
742 1878 828 1942 clare
861 1876 990 1954 testari,
1023 1881 1160 1958 patrem,
1214 1883 1308 1958 patre
1325 1876 1498 1958 procedere
1505 1901 1513 1956 ;
1533 1897 1604 1941 ase
1614 1877 1685 1959 ipso
1703 1882 1822 1954 autem,
1834 1876 1961 1958 quoties
1978 1875 2079 1941 alium
2096 1885 2193 1943 vocat

185 1963 291 2028 filium
311 1970 345 2027 et
366 1963 528 2046 spiritum,
552 1984 655 2026 unum
677 1984 747 2028 esse
764 1961 896 2026 Deum?
926 1960 1039 2044 Itaque
1061 1982 1162 2042 quum
1215 1962 1320 2047 (Ioan.
1342 1966 1391 2040 14,
1414 1967 1452 2026 16
1471 1969 1504 2026 et
1524 1967 1572 2041 15,
1592 1963 1658 2046 26).
1696 1961 1744 2027 Ut
1766 1983 1867 2044 quum
1890 1961 1990 2026 alimn
2013 1963 2192 2029 consolato·

185 2049 289 2114 fixum
311 2047 395 2112 illud
417 2056 565 2126 mancat,
587 2049 696 2112 Deum
718 2070 821 2112 unum
844 2070 923 2126 csso,
946 2069 1012 2112 non
1033 2047 1160 2131 plures:
1214 2070 1285 2113 rem
1308 2048 1366 2112 abs
1388 2070 1423 2113 se
1445 2047 1645 2113 mittendum
1668 2047 1848 2127 denuntiat,
1872 2055 1906 2112 et
1928 2047 2005 2112 alibi
2026 2051 2165 2132 saepius.

184 2135 323 2200 verbum
356 2142 389 2198 et
423 2134 576 2217 spiritum
604 2155 670 2201 non
699 2134 789 2198 aliud
819 2155 890 2198 esse
924 2154 1023 2216 quam
1055 2133 1164 2216 ipsam
1305 2137 1351 2199 19.
1397 2135 1576 2199 Enimvero
1599 2132 1642 2198 ad
1662 2134 1731 2197 vim
1760 2134 1989 2199 distinctionis.
2005 2138 2192 2216 exprimen-

184 2220 250 2285 Dei
278 2220 470 2297 essentiam,
501 2220 736 2285 constituimus.
781 2220 826 2283 Et
847 2240 926 2284 vero
953 2219 1163 2284 stolidissime
1216 2219 1292 2284 dem
1314 2219 1543 2285 similitudines
1565 2240 1586 2284 a
1607 2219 1705 2284 rebus
1728 2219 1881 2285 huma-nis
1902 2221 2062 2297 mutuari,
2084 2223 2193 2288 nescio

185 2306 389 2389 inepticbant
411 2306 544 2384 Ariani,
573 2306 628 2387 qui
649 2306 710 2370 filii
733 2305 941 2370 divinitatem
962 2307 1162 2383 confitentes,
1216 2328 1259 2371 an
1291 2306 1452 2389 expediat
1498 2303 1615 2371 Solent
1645 2304 1681 2369 id
1712 2304 1843 2386 quidem
1882 2306 2047 2371 interdum
2085 2306 2192 2373 facere

185 2392 249 2457 Dei
288 2392 506 2456 substantiam
544 2391 592 2456 illi
632 2391 828 2456 adimebant.
890 2391 959 2457 Nec
1003 2391 1163 2456 absimilis
1215 2398 1356 2471 veteres;
1379 2391 1437 2457 sed
1460 2392 1558 2456 simul
1580 2391 1724 2456 fatentur
1744 2391 1923 2472 plurimum
1945 2391 2077 2456 differre
2098 2393 2192 2475 quid·

186 2478 439 2543 Macedonianos
479 2478 586 2542 rabies
624 2478 781 2556 vexabat,
821 2477 878 2559 qui
914 2498 974 2559 per
1011 2478 1163 2558 spiritum
1216 2477 1294 2560 quid
1326 2498 1387 2560 pro
1420 2477 1519 2543 simili
1551 2478 1585 2542 in
1619 2476 1764 2540 modium
1791 2477 1940 2540 afferunt.
1986 2475 2060 2558 Quo
2088 2480 2127 2542 fit
2154 2487 2193 2544 ut

187 2562 272 2628 dona
299 2564 426 2646 gratiae
439 2563 620 2634 ,dcmtaxat
646 2564 682 2627 in
710 2563 860 2627 homines
887 2563 991 2627 effusa
1022 2562 1163 2645 intelligi
1216 2585 1347 2628 omnem
1369 2562 1540 2629 audaciam
1561 2563 1615 2628 hic
1644 2560 1865 2639 reformidem,
1894 2583 1951 2637 ne,
1981 2563 2007 2625 si
2035 2563 2113 2645 quid
2141 2566 2191 2629 in-

185 2650 349 2714 volabant.
379 2649 466 2714 Nam
484 2657 521 2714 ut
537 2651 707 2732 sapientia,
725 2649 954 2731 intelligentia,
977 2647 1161 2730 prudentia,
1215 2650 1409 2733 tempestive
1437 2649 1633 2733 productum
1659 2648 1770 2724 firerit,
1804 2657 1861 2711 aut
1888 2648 2039 2731 malignis
2067 2650 2191 2715 calum·

185 2735 356 2813 fortitudo,
378 2737 476 2800 timor
497 2736 647 2814 Domini,
672 2736 712 2801 ab
734 2736 805 2819 ipso
827 2734 1093 2818 proficiscuntur,
1115 2734 1163 2798 ita
1214 2736 1305 2811 niae,
1339 2742 1396 2799 aut
1429 2735 1565 2801 rudibus
1593 2734 1857 2800 hallucinationis
1885 2754 2000 2799 ansam
2026 2736 2189 2817 praebeat

186 2843 272 2886 unus
306 2823 375 2904 ipse
407 2835 457 2887 est
484 2822 677 2905 sapientiae,
710 2821 919 2905 prudentiae,
951 2819 1161 2897 fortitudinis,
1216 2819 1326 2900 Quam
1354 2828 1465 2886 tamen
1492 2822 1662 2903 scripturis
1689 2826 1836 2884 notatam
1858 2819 2098 2884 distinctionem
2121 2823 2191 2886 ani-

185 2908 317 2990 pietatis
345 2908 487 2989 spiritus.
533 2908 602 2973 Noe
631 2907 811 2973 secundum
841 2907 1023 2990 gratiarum
1052 2905 1162 2971 distri-
1215 2906 1461 2985 madvertimus,
1485 2907 1639 2973 subticeri
1660 2927 1726 2971 non
1748 2906 1908 2971 convenit
1938 2906 1990 2969 Ea
2005 2915 2115 2971 autem
2131 2913 2190 2985 est,

67 3024 70 3030 r
184 2993 354 3057 butionem
387 2995 456 3075 ipse
479 2993 651 3074 dividitur,
682 2993 739 3058 sed
771 3005 936 3075 utcunque
967 2992 1044 3056 illae
1071 2992 1162 3056 varie
1215 2991 1301 3075 quod
1334 2994 1420 3076 patri
1446 2994 1642 3075 principium
1670 2991 1804 3075 agendi,
1838 3012 2011 3074 rerumque
2044 2993 2191 3057 omnium

186 3076 386 3156 dividantur,
409 3078 497 3143 idem
518 3086 628 3145 tamen
649 3087 683 3144 et
704 3101 790 3143 nnus
811 3086 931 3155 manet,
955 3078 1063 3160 inquit
1085 3099 1161 3159 apo·
1214 3079 1287 3143 fons
1309 3089 1342 3143 et
1363 3079 1527 3162 scaturigo
1554 3078 1759 3156 attribuitur;
1787 3077 1855 3142 filio
1884 3078 2056 3161 sapientia,
2085 3074 2190 3144 conbi-

186 3163 289 3227 stclus
312 3163 344 3247 (l
366 3163 440 3229 Cor.
464 3168 511 3242 12,
536 3165 599 3249 11).
1214 3164 1311 3242 lium,
1334 3165 1468 3246 ipsaque
1489 3165 1525 3228 in
1546 3165 1645 3230 rebus
1667 3164 1802 3247 agendis
1825 3163 2038 3246 dispensatim
2068 3172 2103 3228 at
2124 3166 2190 3248 spi-

276 3253 324 3313 18.
370 3249 516 3315 Rursum
538 3259 571 3315 et
591 3252 752 3334 quaedam
773 3250 877 3333 patris
900 3250 1046 3326 averbo,
1068 3248 1163 3315 verbi
1215 3251 1292 3314 ritui
1318 3252 1425 3316 virtus
1451 3257 1485 3314 et
1511 3250 1656 3316 efficacia
1682 3251 1869 3334 assignatur
1897 3251 2040 3315 actionis.
2086 3251 2191 3315 Porro
2307 3246 2310 3256 '

186 3356 206 3400 a
229 3335 346 3417 spiritu
369 3335 535 3401 distinctio
557 3339 728 3421 scripturis
749 3336 1000 3401 demonstratur.
1031 3334 1074 3398 In
1095 3357 1160 3418 qua
1215 3358 1402 3418 quanquam
1422 3337 1526 3419 patris
1552 3337 1729 3403 aeternitas
1757 3335 1817 3400 filii
1844 3357 1970 3418 quoque
1998 3343 2032 3399 et
2056 3337 2191 3418 spiritus

185 3430 296 3491 tamen
329 3421 539 3501 excutienda,
572 3431 695 3505 quanta
727 3422 884 3506 religione
918 3443 956 3486 ac
984 3422 1159 3487 sobrietate
1215 3422 1392 3486 aeternitas
1414 3429 1472 3501 est,
1496 3422 1625 3505 quando
1641 3443 1809 3504 nunqnam
1825 3422 1917 3485 Deus
1939 3421 2008 3485 sine
2031 3423 2191 3503 sapientia

185 3507 385 3572 versandum
407 3508 463 3585 sit,
487 3508 612 3590 ipsam
636 3511 729 3574 sterii
750 3507 943 3591 magnitudo
965 3529 1025 3573 nos
1048 3506 1160 3572 admo·
1214 3509 1399 3589 virtuteque
1420 3530 1482 3573 sua
1502 3530 1573 3574 esse
1594 3509 1708 3592 potuit,
1731 3509 1766 3572 in
1783 3508 1974 3572 aeternitate
1992 3515 2101 3570 autem
2124 3528 2190 3572 non

185 3601 250 3658 net.
295 3595 345 3657 Ac
367 3593 449 3656 mihi
472 3615 550 3658 sane
572 3533 783 3660 vehementer
804 3592 893 3658 istud
916 3593 1069 3677 Gregorii
1091 3593 1160 3658 Na
1214 3602 1264 3658 est
1284 3594 1507 3676 quaerendum
1529 3597 1620 3678 prius
1643 3601 1701 3659 aut
1721 3593 1895 3676 posterius:
1920 3614 1986 3655 non
2008 3600 2058 3657 est
2078 3600 2190 3657 tamen
2232 3641 2235 3652 ,

185 3679 331 3743 aianaeni
348 3679 371 3762 ¹)
400 3679 537 3758 arridet,
568 3678 603 3742 οὐ
633 3680 744 3763 φθάνω
768 3678 800 3742 ri
828 3682 861 3742 ἓν
883 3682 1000 3756 νοῆσαι,
1027 3684 1160 3752 καὶτοῖς
1213 3679 1322 3745 inanis
1345 3687 1403 3744 aut
1423 3701 1626 3764 supervacua
1647 3679 1770 3744 ordinis
1793 3678 1992 3756 observati0,
2021 3677 2100 3742 dum
2122 3680 2189 3761 pri·

184 3771 266 3850 τρισὶ
283 3765 522 3848 περιλάμπομαι.
545 3765 578 3827 ci
596 3765 708 3848 φθάνω
726 3764 762 3829 roi
779 3775 846 3849 τρία
869 3763 985 3842 διελεῖν,
998 3769 1049 3828 xci
1061 3767 1105 3840 εἰς
1126 3764 1160 3828 zo*
1213 3786 1287 3830 mus
1310 3774 1497 3832 recensetur
1518 3776 1620 3849 pater,
1644 3764 1762 3830 deinde
1784 3787 1826 3829 ex
1847 3786 1884 3828 eo
1901 3764 1997 3842 filius,
2020 3773 2132 3847 postea
2148 3786 2191 3830 ex

185 3852 217 3912 ἓν
230 3851 429 3934 α’ναφέρομαιε
448 3874 514 3915 non
530 3873 663 3935 possum
674 3874 776 3917 unum
794 3852 945 3935 cogitare,
962 3852 1043 3934 quin
1059 3853 1161 3916 trium
1213 3861 1350 3934 utroque
1383 3852 1524 3935 spiritus.
1569 3852 1656 3917 Nam
1678 3858 1712 3917 et
1740 3872 1834 3917 mens
1866 3850 2119 3934 uniuscuiusque
2152 3872 2190 3915 eo

184 3937 311 4020 fulgore
334 3959 411 4001 mox
432 3937 688 4017 circumfundar;
710 3960 769 4004 nec
790 3939 855 4002 tria
881 3958 1013 4020 possum
1040 3937 1161 4003 discer·
1213 3947 1328 4019 sponte
1357 3937 1508 4017 inclinat,
1529 3945 1567 4002 ut
1587 3938 1693 4022 primo
1716 3937 1826 4002 Deum
1848 3935 2044 4015 consideret,
2073 3935 2190 4001 deinde

184 4044 272 4100 nere,
296 4024 375 4104 quin
398 4024 504 4088 subito
526 4023 567 4088 ad
591 4046 692 4088 unum
714 4025 846 4089 referar.
880 4022 1025 4089 Proinde
1048 4029 1080 4088 et
1101 4023 1161 4088 nob
1213 4032 1435 4107 emergentem
1457 4045 1498 4088 ex
1521 4045 1559 4088 eo
1582 4024 1784 4106 sapientiam,
1808 4030 1879 4086 tum
1900 4030 2063 4104 postremo
2085 4025 2190 4086 virtu·

185 4129 258 4172 earn
277 4131 494 4206 personarum
514 4110 696 4173 trinitatem
715 4133 757 4175 no
773 4111 947 4194 imaginari
962 4110 996 4174 in
1013 4111 1161 4174 animum
1212 4116 1295 4188 tem,
1322 4130 1387 4192 qua
1414 4109 1540 4175 consilii
1568 4111 1619 4175 sui
1641 4108 1770 4174 decreta
1796 4108 1994 4190 exsequitur.
2040 4107 2116 4188 Qua
2137 4129 2190 4171 ra·
2270 4173 2276 4181 ,

185 4194 392 4273 inducamus,
427 4216 510 4277 quae
539 4196 769 4279 cogitationem
796 4218 942 4261 seorsum
970 4195 1160 4260 distractam
1213 4195 1302 4259 tione
1324 4202 1454 4278 apatre
1471 4195 1633 4261 duntaxat
1650 4195 1789 4259 existere
1807 4193 1926 4259 dicitur
1940 4194 2037 4272 filins,
2062 4201 2189 4274 epatre

186 4279 345 4358 detincat,
375 4302 413 4346 ae
439 4302 505 4345 non
534 4281 576 4345 ad
603 4281 695 4345 illam
723 4303 801 4346 mcx
826 4283 986 4346 unitatem
1015 4280 1158 4346 reducat.
1213 4280 1311 4346 simul
1333 4287 1366 4345 et
1385 4281 1461 4360 filio,
1485 4282 1626 4366 spiritus.
1672 4280 1788 4345 Multis
1808 4279 1844 4343 id
1865 4279 1997 4362 quidem
2019 4279 2106 4356 locis,
2130 4277 2190 4343 sed

123 4388 130 4401 ·
185 4366 310 4430 Veram
332 4375 419 4431 certe
442 4366 682 4432 distinctionem
704 4368 873 4432 insinuant
894 4368 1013 4451 patris,
1040 4367 1100 4431 filii
1127 4376 1161 4431 et
1213 4387 1375 4449 nusquam
1397 4368 1516 4433 clarius
1537 4390 1636 4451 quam
1657 4387 1726 4450 cap.
1746 4371 1775 4430 8.
1791 4365 1832 4430 ad
1850 4366 2025 4443 Romanos,
2049 4364 2104 4428 ubi
2127 4364 2189 4429 sci·

184 4452 319 4533 spiritus
335 4452 507 4517 vocabula:
532 4454 664 4535 nequis
685 4452 775 4517 nuda
796 4454 941 4536 epitheta
965 4474 1035 4518 esse
1057 4459 1159 4535 putet,
1212 4451 1290 4518 licet
1317 4452 1330 4538 (
1355 4504 1362 4517 .
1383 4452 1418 4539 9)
1444 4449 1532 4519 idem
1561 4454 1695 4536 spiritus
1722 4473 1810 4518 nunc
1833 4450 1974 4529 Christi,
2004 4472 2090 4514 nuno
2118 4450 2188 4514 eius

183 4537 301 4619 quibus
329 4560 349 4602 a
378 4539 446 4603 suis
467 4539 618 4621 operibus
640 4541 730 4604 varie
753 4538 943 4622 designetur
965 4539 1073 4618 Deus,
1103 4538 1161 4603 sed
1213 4539 1269 4620 qui
1288 4539 1460 4605 suscitavit
1480 4538 1651 4604 Christum
1673 4562 1693 4605 a
1715 4539 1863 4616 mortuis,
1887 4537 2070 4621 promiscue
2092 4556 2187 4601 voca·

184 4622 436 4702 distinctionem,
459 4646 525 4688 non
548 4624 749 4690 divisionem.
794 4626 1034 4707 Proprietatem
1057 4625 1160 4690 sibia
1213 4633 1274 4688 tur.
1319 4625 1433 4708 Neque
1455 4626 1583 4690 iniuria.
1627 4626 1715 4691 Nam
1745 4634 1779 4689 et
1805 4618 2056 4706 Petrrrs'(2Ep.
2080 4619 2187 4707 1,21)

182 4709 249 4773 filio
272 4709 461 4775 distinctam
483 4710 625 4775 ostendit
645 4719 754 4793 pater,
784 4710 862 4773 dum
883 4732 943 4792 per
964 4710 1160 4776 Zachariam
1213 4710 1364 4791 spiritum
1386 4710 1512 4776 Christi
1533 4713 1633 4777 fuisse
1655 4716 1811 4788 testatur,
1834 4730 1897 4792 quo
1919 4707 2088 4773 vaticinati
2111 4714 2188 4772 sunt

184 4793 255 4878 (13,
285 4795 319 4879 7)
354 4797 476 4860 socium
502 4795 555 4860 vel
593 4798 812 4879 propinquum
844 4803 947 4860 vocat.
997 4795 1045 4861 Ut
1072 4796 1160 4860 enim
1212 4796 1390 4878 prophetae
1396 4820 1406 4877 ;
1439 4818 1540 4881 quum
1573 4798 1668 4863 toties
1701 4797 1862 4878 scriptura
1877 4854 1880 4859 ,
1895 4793 2008 4859 doceat
2035 4794 2188 4876 spiritum

182 4880 274 4945 nulla
304 4890 354 4946 est
383 4883 542 4947 creaturis
571 4903 646 4948 cum
674 4884 747 4948 Deo
775 4882 940 4965 cognatio,
974 4882 1021 4945 ita
1054 4882 1160 4946 socius
1212 4881 1311 4947 tuisse
1333 4883 1397 4946 Dei
1419 4884 1529 4965 patris.
1642 4943 1649 4955 ,

183 4974 240 5030 aut
262 4976 421 5051 cognatus
449 4969 511 5033 sibi
539 4968 601 5051 ipsi
628 4990 694 5033 non
723 4968 900 5047 dicoretur,
926 4967 989 5032 nisi
1018 4966 1160 5050 quadam
1299 4970 1350 5031 20.
1394 4968 1499 5033 Porro
1526 4967 1798 5050 simplicissimam
1825 4966 1890 5031 Dei
1918 4965 2078 5030 unitatem
2107 4963 2187 5029 adeo

1212 5073 1279 5117 non
1299 5053 1436 5135 impedit
1456 5057 1521 5119 ista
1542 5053 1719 5130 distinctio,
1749 5059 1787 5117 ut
1814 5051 1919 5115 filium
1945 5051 2022 5114 indo
2048 5049 2187 5132 probare

1212 5138 1308 5204 hceat
1328 5160 1432 5205 unum
1453 5161 1524 5205 esse
1546 5161 1621 5205 cum
1642 5147 1735 5222 patre
1758 5139 1881 5216 Deum,
1905 5138 1981 5220 quia
2002 5158 2066 5201 uno
2089 5133 2187 5201 simul

254 5241 281 5304 1)
301 5243 332 5294 111
354 5259 479 5294 sermone
497 5242 530 5293 ce
549 5259 625 5295 sacro
644 5243 815 5311 baptismate.
1213 5245 1288 5290 cum
1310 5246 1348 5290 eo
1370 5225 1488 5308 spiritu
1515 5230 1655 5304 constet;
1684 5224 1834 5307 spiritum
1863 5232 1974 5289 autem
2002 5244 2068 5287 non
2098 5219 2187 5288 aliud
