4732 6030
140 343 202 404 oc
275 301 300 337 '·
655 411 657 415 ,
715 331 998 420 ⁴oneum<
1035 331 1059 417 .)
1102 331 1166 397 nu
1189 329 1528 399 alendusium.

139 431 514 620 lothlthili4gi1illu4s⁰¹iil
540 530 633 586 tuam
653 521 861 620 'sonantium
888 520 1110 605 pertrahatur,
1164 519 1325 585 exeundo
1352 524 1435 618 terro
1457 522 1637 619 postumat,
1663 520 1743 585 otte
1764 520 2003 619 oupliuaqaqd
2022 521 2142 602 fueruat

140 605 1113 776 mmuh
1164 605 2142 775 uterus

141 781 260 866 spicaci
282 781 326 843 sit
347 791 507 861 acutoque
528 777 666 857 iudicio,
696 800 760 861 quo
782 778 819 841 in
840 777 1024 842 rationibus
1045 777 1113 841 tuis
1167 775 1277 858 Itaque
1299 777 1463 857 concludit,
1492 783 1610 843 eleum
1636 779 1692 858 qui
1714 779 1854 860 planta,
1883 783 1911 841 ct
1931 799 2001 843 eam
2023 779 2141 859 quiri

140 875 303 952 quantum
328 865 409 929 insit
436 865 596 928 momenti
624 863 809 947 expendere
831 872 943 946 queat;
970 863 1035 926 nisi
1057 861 1114 926 do-
1164 868 1231 947 pot,
1260 863 1342 928 nibil
1362 883 1443 941 essc;
1471 864 1526 928 sed
1547 865 1652 928 mnoio
1673 883 1738 929 csse
1759 863 1827 928 Deo
1849 864 2065 943 odscrfiendo,
2087 864 2142 946 qai

141 954 197 1020 oili
217 952 318 1016 etiam
347 951 391 1015 sit
412 950 561 1033 ingenio,
591 959 625 1014 et
648 948 690 1014 ad
718 949 973 1014 auscultandum
994 948 1114 1013 doctri-
1166 948 1251 1014 solua
1276 949 1332 1013 dol
1357 949 1583 1013 incrementum.
1636 949 1776 1030 Spiritus
1803 969 1872 1032 erpo
1894 951 2065 1031 potentiam
2091 970 2142 1014 er·

1972 343 1976 359 '
2076 336 2138 397 946

141 1061 203 1105 nae
225 1044 356 1123 parato;
388 1035 453 1100 nisi
480 1044 646 1119 postremo
668 1056 740 1099 eam
762 1035 802 1100 de
829 1033 894 1100 fide
922 1034 1114 1118 prudentia-
1166 1038 1273 1100 secut
1300 1035 1336 1098 io
1361 1054 1422 1099 sao
1443 1036 1676 1116 praedicatione
1703 1035 1848 1117 apostoli,
1876 1041 2028 1116 quotenus
2052 1034 2143 1100 Deus
2271 1101 2274 1112 ,

142 1145 205 1209 que
226 1134 286 1188 tua
307 1122 496 1205 opinionem
516 1120 717 1204 conceperit,
740 1141 824 1203 quae
846 1119 887 1184 ad
909 1119 1114 1184 subscriben-
1166 1120 1320 1186 ordinatis
1340 1141 1361 1184 o
1382 1141 1415 1185 ce
1436 1122 1563 1203 orpooic
1585 1121 1627 1185 od
1648 1120 1827 1202 spiritualia
1852 1122 1975 1203 proiice
1995 1142 2072 1186 succ
2092 1142 2144 1185 er-

93 1233 100 1248 ·
144 1212 224 1277 dum
246 1206 417 1273 cuiusdam
445 1207 488 1271 sit
515 1208 564 1271 illi
591 1208 696 1271 instar
723 1204 923 1290 praeiudicii.
973 1206 1060 1271 Nam
1081 1213 1116 1268 et
1161 1206 1360 1288 ellectionem
1379 1207 1486 1270 ιιιιιιν.
1530 1205 1583 1272 Ec
1611 1211 1712 1271 tomen
1732 1207 1892 1272 retinendo
1913 1213 1957 1272 cst
1977 1208 2142 1289 distinctio,

143 1303 223 1361 sunt
243 1295 426 1378 praefiacta
443 1293 587 1376 plurima
604 1293 719 1375 capita,
742 1312 825 1375 quae
847 1292 950 1356 nullis
968 1311 1116 1374 unquam
1167 1296 1202 1356 ot
1227 1291 1304 1373 quid
1330 1291 1418 1356 bomo
1438 1313 1498 1373 per
1524 1312 1556 1357 sc
1582 1292 1708 1372 caleat,¹
1726 1293 1802 1372 quid
1823 1291 1888 1357 Dei
1904 1294 2071 1375 proprium
2091 1293 2142 1373 sil,

143 1379 327 1446 rationibus
347 1381 474 1458 flectas;
501 1386 535 1443 et
557 1377 614 1442 ubi
640 1387 792 1462 suspecta
818 1378 920 1441 luerit
941 1375 1036 1457 fides,
1059 1376 1117 1441 ubi
1167 1377 1406 1443 nominavimus.
2194 1435 2195 1438 ,

144 1472 332 1549 contempta
353 1465 522 1541 autoritas,
544 1485 662 1547 parum
684 1462 773 1546 apud
794 1461 914 1527 dociles
936 1462 1114 1545 proficitur.
1257 1466 1305 1527 12.
1365 1462 1457 1527 Adeo
1497 1470 1606 1527 autem
1639 1470 1845 1528 sacramenta
1883 1465 2144 1531 confirmationes

144 1551 266 1618 Adsint
278 1571 412 1614 rursum
433 1550 490 1613 illa
512 1550 636 1613 omnia:
660 1549 804 1613 efficient
824 1550 969 1631 profecto
991 1557 1030 1613 ut
1050 1548 1117 1612 illis
1169 1556 1246 1614 sunt
1262 1547 1339 1613 fidei
1357 1555 1496 1624 nostrae,
1515 1555 1552 1613 ut
1568 1570 1804 1639 nonnunquam
1820 1550 1991 1628 Dominus,
2014 1551 2145 1631 quando

143 1638 224 1723 ipsis
256 1635 401 1701 consiliis
434 1635 463 1698 is
476 1636 500 1721 ¹)
539 1635 593 1699 cui
625 1634 769 1699 consulis
802 1635 1000 1717 acquiescat,
1033 1655 1117 1717 quae
1169 1656 1281 1698 rerum
1301 1635 1456 1717 ipsarum,
1478 1655 1561 1717 quae
1577 1635 1612 1698 in
1631 1636 1842 1700 sacramentis
1860 1636 2144 1717 promittebantur,
2266 1629 2270 1638 “

144 1731 215 1788 erat
246 1722 368 1804 alioqui
400 1721 568 1785 irrisurus.
618 1719 658 1786 Id
685 1741 815 1803 quoque
842 1721 950 1802 operis
980 1719 1049 1803 agit
1081 1720 1118 1784 in
1169 1719 1322 1785 fiduciam
1339 1719 1452 1785 tollere
1469 1720 1551 1798 vult,
1570 1726 1774 1786 sacramenta
1791 1721 2008 1802 ipsaauferat
2033 1720 2146 1802 Quum

143 1808 237 1873 nobis
259 1807 404 1890 spiritus.
449 1806 535 1870 Nam
557 1828 598 1871 ne
619 1804 759 1870 verbum
778 1807 904 1870 frustra
925 1826 1021 1870 aures
1042 1826 1118 1889 per·
1169 1805 1278 1871 Adam
1301 1805 1555 1870 immortalitatis
1583 1804 1668 1870 dono
1701 1806 1820 1888 spoliat
1845 1814 1879 1871 et
1905 1807 2048 1885 abdicat,
2080 1830 2146 1873 non

143 1893 248 1969 callet,
266 1913 309 1957 nc
318 1894 443 1957 frustra
460 1891 572 1956 oculos
589 1900 794 1955 sacramenta
807 1890 993 1970 verberent,
1007 1890 1119 1956 Deum
1170 1891 1309 1975 colligat,
1332 1892 1438 1973 inquit
1459 1888 1559 1977 (Gen.
1579 1896 1608 1970 3,
1628 1891 1694 1976 22),
1718 1891 1758 1956 do
1779 1893 1887 1957 fiuctu
1907 1893 2008 1970 vitae,
2031 1916 2074 1958 ne
2096 1894 2145 1958 vi-

144 1999 215 2044 esse
237 1978 390 2056 ostendit,
414 1978 470 2061 qui
493 1975 587 2041 nobis
608 1977 682 2041 istic
703 1978 859 2058 loquitur,
882 1977 990 2041 cordis
1011 1977 1118 2041 nostri
1169 1983 1227 2042 vat
1252 1979 1490 2042 inueternum.
1540 1975 1629 2057 Quid
1658 1976 1831 2042 audimus?
1863 2000 1905 2043 an
1932 2000 2026 2044 suam
2053 1979 2146 2044 Adae

142 2064 359 2150 pervicaciam
395 2063 534 2139 emollit,
568 2070 666 2145 atque
699 2061 741 2125 ad
769 2083 843 2127 eam
870 2083 954 2146 quae
981 2062 1119 2127 Domini
1169 2063 1460 2145 incorruptionem,
1484 2083 1504 2126 a
1525 2063 1677 2145 quoiam
1698 2062 1876 2142 deciderat,
1898 2066 2068 2129 restituere
2088 2085 2145 2147 po-

142 2150 243 2216 verbo
266 2148 404 2214 debetur
425 2147 644 2213 obedientiam
665 2149 840 2230 componit.
886 2147 1038 2232 Denique
1060 2169 1117 2213 ex·
1170 2155 1256 2213 terat
1275 2149 1401 2213 fiuctus
1422 2147 1498 2212 ille?
1522 2148 1666 2213 minime.
1710 2147 1778 2213 Sed
1799 2149 1861 2215 hoc
1883 2150 2017 2231 perinde
2038 2158 2088 2215 est
2109 2171 2147 2216 ae

143 2244 240 2302 terna
270 2235 328 2299 illa
360 2243 394 2298 et
421 2234 521 2300 verba
554 2243 588 2298 et
621 2242 825 2298 sacramenta
851 2233 892 2298 ab
920 2234 1056 2299 auribus
1082 2235 1118 2299 in
1170 2234 1370 2300 sidixisset:
1393 2255 1435 2298 ne
1456 2254 1543 2298 vana
1564 2233 1684 2299 fiducia
1704 2235 1849 2313 fruatrrr,
1873 2236 1900 2300 si
1921 2236 2147 2319 promissionis

144 2322 288 2386 animam
320 2320 524 2386 transmittit.
580 2319 788 2385 Confirmant
815 2339 894 2402 ergo
926 2319 1026 2385 fidem
1058 2341 1118 2384 no·
1170 2340 1262 2385 meae
1291 2319 1475 2404 symbolum
1500 2325 1623 2397 teneat,
1654 2320 1839 2384 excutiatur
1865 2320 1914 2384 illi
1942 2321 2027 2404 quod
2055 2343 2147 2404 spem

144 2416 247 2472 stram
268 2415 302 2470 et
322 2405 461 2472 verbum
482 2413 516 2470 et
538 2413 752 2482 sacramenta,
776 2405 856 2470 dum
878 2405 998 2469 bonam
1015 2406 1119 2488 patris
1171 2406 1314 2489 aliquam
1339 2405 1594 2471 immortalitatis
1619 2405 1726 2470 facere
1752 2413 1870 2487 posset.
1920 2406 1994 2472 Hae
2022 2408 2147 2471 ratione

144 2491 294 2557 coelestis
325 2512 404 2575 erga
425 2512 486 2556 nos
514 2492 720 2556 voluntatem
747 2490 841 2555 nobis
864 2491 905 2555 ob
927 2492 1038 2556 oeulos
1059 2512 1119 2574 po·
1170 2513 1273 2574 quum
1294 2491 1458 2573 apostolus
1475 2490 1635 2572 Ephesios
1657 2490 1808 2555 hortatur
1827 2490 1871 2575 (2,
1894 2490 1956 2576 12),
1980 2514 2014 2557 se
2032 2494 2147 2558 memi-

144 2586 245 2657 nunt,
273 2577 368 2641 cuius
390 2577 576 2659 cognitione
599 2585 633 2640 et
663 2583 733 2639 tota
761 2575 839 2640 fidei
862 2578 994 2640 nestrae
1015 2576 1119 2641 firmi·
1171 2578 1283 2642 nerint
1302 2577 1402 2642 fuisse
1423 2577 1567 2659 hospites
1589 2582 1866 2656 testamentorum,
1889 2577 2012 2642 alienos
2033 2597 2053 2640 a
2071 2600 2147 2644 con-

144 2663 224 2728 tudo
254 2663 404 2728 consistit
426 2670 459 2727 et
486 2661 588 2726 robur
615 2662 770 2744 augescit.
816 2661 1000 2727 Confirmat
1022 2663 1119 2746 spiri·
1172 2664 1272 2728 sortio
1297 2663 1446 2742 Israelis,
1479 2662 1552 2728 sine
1578 2663 1666 2741 Deo,
1700 2663 1770 2727 sine
1793 2660 1940 2740 Ohristo,
1970 2662 2054 2726 dixit
2081 2684 2149 2727 non

145 2757 214 2827 tus,
243 2749 324 2813 dum
352 2769 425 2813 eam
454 2748 573 2813 animis
601 2747 724 2813 nostris
752 2748 1036 2813 confirmationem
1068 2749 1119 2813 in·
1172 2749 1271 2814 fuisse
1303 2749 1478 2831 participes
1511 2747 1773 2813 circumcisionis.
1825 2747 1899 2829 Quo
1931 2750 2147 2832 metonymice

146 2833 323 2919 sculpendo
346 2836 510 2898 efficacem
532 2832 648 2898 reddit.
1173 2835 1345 2917 significat,
1368 2855 1388 2898 a
1408 2834 1621 2916 promissione
1642 2835 1714 2915 ipsa
1734 2834 1891 2911 exclusos,
1913 2836 1969 2917 qui
1991 2838 2149 2898 tesstram

234 2925 281 2984 ll.
326 2919 437 3001 Quam
458 2928 595 2984 externo
614 2917 713 2984 verbo
731 2919 967 3001 proprietatem
985 2919 1120 2984 subesse

145 3005 256 3070 docuit
278 3004 457 3081 Dominus,
480 3026 584 3088 quum
608 3005 645 3068 in
666 3003 821 3088 parabola
840 3024 954 3068 semen
975 3005 1119 3088 appella·

144 3092 194 3158 vit
216 3091 350 3177 (Matth.
375 3096 422 3170 13,
444 3097 462 3153 4
482 3090 594 3177 seqq).
640 3088 930 3171 Quemadmodum
957 3090 1047 3154 enim
1068 3111 1119 3154 se-

144 3198 222 3241 men
243 3178 272 3240 si
293 3177 330 3240 in
352 3176 516 3241 desertam
543 3176 791 3260 neglectamque
814 3175 886 3259 agri
913 3184 1042 3259 partem
1064 3174 1120 3240 de-

144 3262 275 3340 ciderit,
299 3262 382 3326 nihil
403 3260 493 3326 aliud
516 3283 615 3350 quam
637 3261 831 3340 emoriatur3
859 3261 887 3325 si
909 3282 989 3326 vero
1011 3262 1048 3325 in
1069 3283 1120 3326 se-

146 3355 256 3430 getem
276 3356 352 3430 apte
378 3347 560 3411 laboratam
587 3357 685 3430 atque
708 3347 874 3412 excultam
900 3347 1025 3411 iactum
1049 3348 1120 3412 fue-

147 3432 200 3506 rit,
224 3454 323 3496 suum
345 3453 421 3497 cum
443 3434 567 3516 optimo
589 3434 722 3497 foenore
744 3433 890 3497 fructum
911 3433 1043 3498 referet:
1073 3433 1122 3498 ita

149 3517 286 3582 verbum
307 3517 453 3597 Domini,
474 3518 559 3582 siin
582 3518 700 3583 duram
721 3518 865 3601 aliquam
887 3518 1048 3584 cervicem
1069 3519 1120 3583 in-

147 3602 277 3681 ciderit,
306 3604 400 3668 velut
426 3604 463 3666 in
491 3624 625 3667 arenam
653 3603 836 3686 proiectum
863 3604 1058 3684 sterilcsoet;
1092 3605 1121 3669 si

147 3689 291 3752 animam
313 3698 447 3753 nactum
468 3690 569 3754 fuerit
590 3689 740 3753 coelestis
761 3690 898 3773 spiritus
919 3711 1022 3754 manu
1044 3689 1120 3755 sub-

147 3783 268 3852 actam,
291 3775 591 3839 fructuosissimum
613 3775 685 3840 erit.
730 3776 849 3859 Atqui,
879 3776 908 3839 si
934 3775 1048 3840 eadem
1070 3782 1122 3841 est

147 3861 282 3924 seminis
309 3859 465 3943 verbique
487 3861 584 3936 ratio,
613 3869 651 3924 ut
673 3881 691 3924 e
714 3861 838 3926 semine
860 3862 1065 3926 frumentum
1088 3870 1122 3926 et

147 3946 252 4023 nasei,
286 3956 319 4010 et
347 3967 537 4030 augescere,
566 3952 600 4009 et
628 3948 851 4011 consummari
878 3945 1032 4027 dicimus,
1062 3968 1122 4012 cur

148 4051 215 4094 non
241 4040 275 4094 et
296 4030 395 4096 fidem
417 4053 435 4095 e
457 4031 557 4097 verbo
585 4032 733 4110 initimn,
762 4033 1018 4111 incrementum,
1046 4055 1121 4116 per·

146 4115 321 4179 sectionem
350 4118 495 4201 accipere
518 4116 685 4181 dicamus?
738 4117 905 4199 Utrumque
929 4118 1054 4184 Paulos
1074 4120 1122 4184 di·

146 4202 245 4265 oecis
273 4202 347 4265 locis
374 4204 484 4284 optimc
509 4203 657 4284 explicat,
690 4204 766 4268 dion
790 4203 958 4269 Corinthiis
979 4204 1122 4271 reducere

146 4287 182 4351 ic
202 4289 383 4351 mmoriom
402 4289 475 4368 mill,
497 4309 592 4371 quom
613 4288 776 4370 efficaciter
796 4310 875 4354 usas
891 4291 933 4353 cit
952 4288 1042 4355 Deus
1061 4311 1122 4355 coo

146 4393 247 4458 operq,
268 4373 422 4456 phiriotur
439 4395 471 4438 ce
488 4373 597 4439 tabee
614 4376 825 4440 ministerium
841 4376 973 4457 spuitur
990 4375 1023 4462 (l
1045 4375 1120 4441 (lor.

148 4461 177 4535 2,
196 4456 231 4542 4)
239 4482 248 4536 ;
269 4460 401 4540 perinde
428 4480 464 4524 oc
485 4461 515 4524 ri
543 4459 704 4526 individuo
725 4481 807 4526 oceo
828 4481 898 4526 eum
918 4481 979 4526 suo
994 4463 1123 4543 moedi-

147 4544 264 4608 cotione
291 4544 450 4609 coniuncto
472 4550 548 4610 esset
568 4546 617 4609 oie
638 4547 772 4628 specus
792 4548 907 4623 coedi,
930 4547 973 4611 od
993 4552 1122 4626 cunum

147 4630 232 4693 tritos
259 4629 499 4696 illuminandam
526 4635 553 4696 et
574 4632 820 4711 pcrmoooidom.
869 4631 915 4696 At
936 4653 1005 4697 oero
1026 4653 1122 4714 quum

147 4712 224 4779 olibi
246 4713 337 4800 (ibid
362 4720 390 4794 3,
411 4717 445 4802 6)
479 4718 640 4781 adoneae
672 4716 737 4781 ccli
765 4719 842 4799 quid
868 4739 928 4799 por
959 4739 991 4783 ae
1023 4721 1121 4784 calcet

147 4798 211 4865 Dei
238 4802 362 4866 verbum
388 4802 426 4867 ob
453 4802 573 4866 liomioc
595 4804 826 4884 praedicatum,
856 4805 942 4886 ipsos
963 4806 1123 4870 minutos

148 4888 290 4967 memo
311 4894 475 4970 comparat,
498 4889 567 4969 qui,
590 4889 643 4952 ubi
665 4889 798 4953 lahorem
818 4909 854 4953 oc
876 4888 1066 4955 iudustriam
1087 4892 1122 4955 in

218 5157 246 5226 1)
265 5160 372 5232 auditor
390 5159 464 5216 1553.
484 5158 560 5216 1554.

221 5244 329 5299 Goleiiti
345 5264 436 5315 opera
478 5248 535 5303 Vol.
555 5248 579 5302 1.

1172 2921 1396 3002 promissionis
1423 2941 1491 2984 non
1517 2920 1724 3001 accepissent
1773 2919 1828 2984 Ad
1855 2939 1968 2984 eorum
1987 2941 2072 2985 uero
2100 2919 2147 2983 al-

1174 3012 1283 3070 terum
1304 3007 1474 3084 obiectum,
1497 3005 1561 3069 Dei
1584 3004 1722 3088 gloriam
1744 3005 1786 3070 ad
1808 3014 1973 3071 creaturas
1996 3005 2146 3085 derivari,

1173 3091 1290 3174 quibus
1318 3097 1448 3156 tantum
1476 3091 1607 3155 virtutis
1635 3091 1838 3167 attribuitur,
1873 3093 1982 3173 sicque
2014 3099 2149 3157 eatenus

1174 3177 1322 3255 diminui,
1344 3175 1542 3259 respondere
1563 3184 1752 3259 promptum
1774 3186 1837 3242 est:
1861 3177 1986 3242 nullam
2006 3178 2041 3242 in
2059 3198 2149 3243 orea-

1173 3263 1256 3328 turis
1278 3263 1476 3328 virtutema
1505 3261 1597 3327 nobis
1623 3264 1754 3344 reponi„
1790 3263 1864 3328 Hoc
1886 3263 2048 3327 duntaxat
2070 3263 2149 3328 dioi-

1173 3370 1262 3425 mus,
1292 3349 1403 3412 Deum
1430 3345 1546 3412 mediis
1573 3368 1610 3412 ao
1637 3348 1865 3413 instrumentis
1892 3369 1974 3431 quae
1996 3348 2150 3430 expedire

1173 3435 1243 3516 ipse
1269 3434 1426 3516 prospicit
1446 3434 1509 3513 uti,
1538 3440 1576 3498 ut
1597 3435 1667 3498 eius
1695 3434 1817 3517 gloriae
1838 3434 1948 3498 omnia
1969 3433 2149 3516 obsequan-

1173 3527 1242 3598 tur,
1273 3517 1401 3603 quando
1428 3520 1574 3584 omnium
1601 3521 1670 3601 ipse
1689 3520 1853 3584 Dominus
1882 3526 1932 3584 est·
1958 3527 1991 3583 et
2018 3520 2149 3584 arbiter.

1173 3606 1264 3689 Ergo
1290 3613 1328 3670 ut
1355 3613 1414 3688 p'er
1444 3625 1564 3688 penem
1598 3611 1789 3686 caeteraque
1822 3604 1978 3669 alimenta
2015 3625 2152 3688 corpora

1174 3699 1287 3756 nostra
1306 3691 1425 3774 pasoit;
1454 3698 1492 3754 ut
1512 3712 1572 3772 per
1599 3691 1701 3755 solem
1728 3689 1887 3757 mundum
1909 3689 2086 3769 illuminat;
2112 3698 2152 3755 ut

1174 3778 1365 3861 perignem
1393 3776 1553 3855 calefacit;
1582 3795 1642 3840 nec
1669 3783 1779 3840 tamen
1802 3783 1860 3841 aut
1880 3776 1989 3857 panis,
2013 3783 2071 3841 aut
2092 3776 2150 3858 sol,

1176 3870 1235 3928 aut
1255 3863 1343 3947 ignis
1365 3861 1489 3944 aliquid
1510 3869 1596 3942 sunt,
1619 3863 1682 3926 nisi
1703 3869 1863 3944 quatenus
1886 3861 1947 3926 sub
1968 3862 2009 3926 iis
2026 3863 2150 3927 instru-

1175 3949 1294 4014 mentis
1321 3946 1562 4013 benediotiones
1590 3967 1666 4012 suas
1692 3946 1786 4012 nobis
1807 3946 1986 4028 dispensat:
2014 3949 2061 4012 ita
2082 3949 2148 4031 spi·

1173 4034 1336 4099 ritualiter
1360 4055 1420 4115 per
1448 4039 1653 4098 sacramenta
1679 4032 1779 4097 fidem
1806 4032 1879 4110 alit,
1908 4053 2047 4115 quorum
2073 4035 2147 4098 uni-

1173 4140 1249 4184 cum
1278 4120 1422 4185 officium
1450 4127 1515 4198 est,
1546 4119 1611 4183 Dei
1637 4119 1869 4201 promissiones
1897 4119 1998 4184 oculis
2027 4119 2148 4182 nostris

1173 4204 1369 4287 spectandas
1389 4204 1557 4270 subiicere.
1600 4205 1648 4269 Et
1669 4213 1707 4269 ut
1727 4212 1877 4269 nostrum
1898 4201 1962 4282 cist,
1984 4206 2021 4267 in
2043 4209 2147 4268 caete-

1174 4292 1221 4355 ris
1247 4291 1404 4357 creaturis
1431 4289 1530 4376 (quae
1558 4290 1644 4354 bona
1665 4289 1730 4353 Dei
1756 4291 1927 4356 voluntate
1954 4288 2065 4354 usibus
2087 4308 2147 4352 no-
2221 4371 2223 4374 Α

1174 4380 1251 4442 stris
1273 4376 1455 4441 destinatae
1477 4381 1565 4455 sunt,
1588 4396 1791 4458 quarumque
1819 4375 1999 4440 ministerio
2020 4373 2147 4437 bonita-

1173 4464 1217 4529 tis
1243 4482 1323 4528 suae
1349 4482 1487 4527 munera
1512 4461 1606 4527 nobis
1634 4461 1788 4547 largitur)
1815 4461 1898 4525 nihil
1926 4459 2063 4525 fiduciae
2091 4459 2147 4523 de-

1173 4551 1292 4633 figere,
1323 4570 1384 4614 nec
1416 4549 1510 4631 quasi
1540 4547 1618 4612 boni
1645 4549 1747 4613 nostri
1780 4567 1894 4612 causas
1910 4545 2082 4609 admirari
2114 4551 2148 4609 et

1174 4635 1370 4718 praedicare,
1393 4635 1439 4698 ita
1460 4655 1564 4718 neque
1584 4635 1620 4697 in
1641 4634 1854 4700 sacramentis
1871 4632 2006 4696 haerere
2027 4630 2148 4695 fiducia
2235 4690 2237 4698 .

1174 4729 1286 4786 nostra
1307 4719 1416 4797 debet,
1438 4741 1499 4786 nec
1521 4719 1586 4784 Dei
1607 4720 1711 4803 gloria
1732 4721 1767 4783 in
1788 4720 1859 4801 ipsa
1880 4716 2067 4796 transferri;
2090 4715 2147 4782 sed

1175 4807 1304 4870 omissis
1336 4794 1500 4884 omnibus',
1534 4805 1575 4869 ad
1608 4807 1717 4887 ipsum
1743 4811 1777 4868 et
1805 4810 2083 4867 sacramentorum
2115 4807 2149 4866 et
2253 4853 2260 4865 .

1174 4913 1286 4956 rorum
1317 4893 1463 4956 omnium
1488 4899 1638 4956 autorem
1664 4910 1813 4973 surgere,
1844 4896 1878 4951 et
1904 4886 1986 4952 fides
2014 4898 2048 4952 et
2069 4909 2146 4953 oon·

1173 4977 1269 5043 lessio
1291 4976 1419 5043 debent

1177 5122 1181 5133 ,
1263 5066 1310 5128 13.
1356 5062 1455 5144 Quod
1481 5067 1592 5127 autem
1619 5081 1661 5125 ex
1691 5061 1763 5143 ipso
1791 5058 1924 5123 demum
1952 5059 2147 5144 sacramenti

1174 5148 1306 5213 nomine
1343 5156 1508 5233 quaerunt
1537 5148 1640 5212 errori
1673 5167 1732 5210 suo
1772 5152 1995 5228 praetextum,
2029 5165 2148 5228 parum

1909 5246 1944 5300 60

2145 5412 2159 5453 i
