4770 6030
192 381 271 442 1131
762 371 1028 440 msmwmo
1050 373 1155 438 RDL.
1178 372 1359 440 OHalsu.
1386 377 1618 477 leae-1554.
2117 379 2202 440 1132

1817 475 2074 563 [14111411
2094 488 2201 543 ctos.

187 568 223 631 in
245 567 409 649 privatum
437 585 533 629 usum
561 562 717 646 applicat,
753 561 810 626 sed
839 560 881 626 ad
908 563 994 627 socia
1021 561 1168 626 membra
1219 583 1261 625 ne
1283 562 1363 627 haec
1386 561 1518 644 quidem
1539 563 1626 627 iusta
1645 584 1744 628 causa
1766 569 1816 628 est
1837 585 1896 628 cur
1917 563 2010 628 illum
2038 572 2071 628 et
2099 564 2201 630 dilcc·
2323 631 2330 640 ,

188 651 398 717 transfundit.
443 650 512 715 Nec
545 648 647 713 ullam
675 647 751 712 inde
784 647 962 712 utilitatem
988 648 1075 729 capit
1103 648 1167 712 nisi
1219 649 1307 711 tione
1329 648 1500 731 complecti
1527 656 1560 711 et
1589 648 1770 713 dilectionis
1800 649 1913 714 officiis
1940 651 2092 732 prosequi
2114 649 2201 716 desi·

188 759 271 821 quae
293 759 334 801 11
357 736 522 802 communi
551 735 693 817 corporis
715 735 815 799 totius
843 733 1070 799 commoditate
1093 753 1167 815 pro-
1219 754 1288 797 nas.
1334 734 1449 817 Longe
1472 733 1580 810 alitor,
1609 734 1749 815 inquies,
1779 735 1819 799 de
1846 756 1900 798 me
1921 738 2116 817 promeritus
2139 750 2199 802 est.

187 824 280 890 cedit.
326 820 382 887 Sic
406 823 479 904 pius
501 822 553 886 vir
575 819 732 903 quidquid
759 828 866 902 potest
894 820 1050 884 fratribus
1072 819 1168 884 debet
1220 819 1266 883 At
1293 818 1371 901 quid
1398 821 1536 883 meritus
1564 827 1614 883 est
1641 820 1825 885 Dominus?
1857 821 1912 902 qui
1941 821 2019 885 dum
2041 821 2089 885 illi
2107 821 2200 887 iubet

188 930 290 993 posse,
312 908 372 972 sibi
395 928 461 972 non
484 907 578 970 aliter
597 908 751 988 privatim
771 905 987 984 consulendo,
1010 925 1108 988 quam
1130 913 1168 968 ut
1219 905 1343 968 remitti
1376 904 1532 988 quidquid
1559 907 1595 968 in
1628 912 1661 970 te
1689 907 1836 987 peccavit
1865 906 1961 991 (Luc.
1984 912 2031 985 17,
2052 908 2102 989 3),
2135 910 2200 973 sibi

188 995 230 1060 ad
252 1015 459 1060 communem
489 993 644 1059 ecclesiae
672 992 929 1056 aedificationem
958 993 1105 1055 intentus
1124 992 1168 1055 sit
1219 997 1306 1055 certe
1328 991 1400 1054 vult
1421 992 1584 1072 imputari.
1628 992 1702 1056 Hac
1724 993 1866 1074 profecto
1889 1014 1955 1056 una
1973 993 2027 1057 via
2046 996 2200 1075 perveni·

189 1082 326 1146 animus
378 1080 471 1167 Haec
510 1080 623 1161 itaque
649 1080 691 1143 sit
730 1079 823 1143 nobis
857 1077 899 1141 ad
930 1077 1168 1161 benignitatem
1219 1084 1274 1139 tur
1296 1075 1337 1140 ad
1360 1076 1393 1140 id
1414 1076 1501 1159 quod
1522 1075 1685 1141 humanae
1707 1086 1844 1142 naturae
1866 1089 2000 1161 prorsus
2022 1079 2199 1144 adversum

188 1166 500 1247 beneficentiamque
530 1163 718 1229 methodus:
754 1163 911 1246 quidquid
936 1164 970 1226 in
993 1185 1053 1227 nos
1075 1164 1166 1227 Deus
1220 1168 1277 1238 est,
1301 1162 1422 1226 nedum
1444 1162 1588 1226 difficile:
1613 1172 1650 1226 11
1671 1163 1845 1247 diligamus
1868 1183 1936 1242 cos,
1966 1167 2021 1246 qui
2043 1186 2102 1229 nos
2121 1164 2196 1230 odio

189 1252 334 1328 contulit,
357 1271 420 1333 quo
441 1251 628 1332 proximum
649 1272 809 1332 queamus
829 1247 992 1327 adiuvare,
1016 1251 1085 1313 eius
1107 1270 1167 1312 nos
1219 1248 1355 1326 habent,
1380 1249 1545 1313 beneficiis
1570 1249 1659 1313 mala
1680 1271 1869 1331 pensemus,
1898 1250 2025 1331 probris
2046 1250 2198 1317 benedic-

189 1360 260 1403 esse
291 1357 496 1414 oeconomos,
530 1338 586 1418 qui
619 1335 660 1400 ad
689 1334 888 1400 reddendam
917 1334 1167 1416 dispensationis
1219 1333 1323 1398 tiones
1353 1335 1533 1399 referamus
1566 1334 1700 1417 (Matth.
1722 1340 1749 1411 5,
1775 1335 1831 1416 44)
1838 1359 1845 1413 ;
1880 1336 1907 1399 si
1941 1337 2198 1414 meminerimus,

189 1424 350 1489 rationem
378 1423 600 1506 astringimur.
646 1423 732 1486 Eam
756 1442 853 1504 porro
882 1420 1014 1484 demum
1043 1428 1167 1485 rectam
1218 1441 1284 1482 non
1318 1419 1489 1484 hominum
1524 1421 1684 1484 malitiam
1722 1420 1981 1502 perspiciendam
2017 1442 2103 1498 esse,
2138 1423 2198 1487 sed

189 1531 260 1575 esse
278 1509 554 1590 dispensationem
575 1529 657 1591 quae
680 1506 721 1571 ad
743 1506 923 1572 dilectionis
945 1508 1166 1588 exigaturre-
1217 1505 1500 1587 contemplandam
1522 1507 1557 1568 in
1579 1506 1644 1570 illis
1667 1507 1732 1571 Dei
1752 1507 1946 1590 imaginem,
1975 1529 2060 1590 quae
2082 1508 2198 1574 induc-

190 1596 310 1680 gulam.
355 1594 408 1657 Ita
433 1595 490 1658 fiet
516 1601 645 1658 utnon
673 1593 768 1657 modo
796 1593 894 1657 alieni
920 1592 1080 1657 commodi
1099 1599 1166 1656 stu-
1219 1592 1261 1655 tis
1293 1613 1330 1655 ac
1361 1592 1541 1655 obliteratis
1568 1613 1682 1656 eorum
1711 1592 1850 1668 delictis,
1885 1593 1927 1657 ad
1956 1615 2010 1658 eos
2039 1593 2198 1659 111111111

190 1680 281 1746 dium
302 1701 378 1745 cum
396 1682 547 1762 propriae
568 1680 718 1743 utilitatis
740 1701 819 1743 cura
841 1699 969 1760 semper
990 1680 1167 1761 coniunga—
1218 1676 1514 1760 amplexandosque
1536 1699 1596 1741 sua
1617 1678 1862 1760 pulchritudine
1892 1700 1929 1743 ac
1957 1678 2115 1763 dignitate
2137 1701 2199 1746 nos

187 1789 275 1844 mus,
311 1764 368 1830 sed
392 1765 478 1830 hanc
508 1765 555 1829 illi
587 1766 804 1830 subiiciamus.
850 1764 899 1829 Ac
928 1786 970 1828 ne
997 1764 1080 1829 forte
1108 1785 1167 1828 nos
1219 1763 1349 1828 alliciat.
2138 1806 2142 1813 -

187 1852 314 1930 lateret,
339 1872 412 1915 eam
433 1872 504 1915 esse
526 1851 634 1935 legem
656 1852 718 1914 rite
736 1850 984 1914 administrandi
1003 1872 1167 1932 quaecun-
1308 1853 1355 1912 11.
1400 1849 1494 1913 Haec
1515 1870 1594 1931 ergo
1614 1851 1819 1915 mortificatio
1846 1858 1918 1913 tum
1943 1849 2075 1914 demum
2097 1849 2200 1916 habe-

187 1959 250 2021 que
278 1959 298 2001 a
330 1938 403 2001 Deo
432 1935 523 2010 Ι’11111
556 1937 766 2018 suscipimus,
799 1937 834 1999 in
865 1937 1010 2001 minimis
1041 1957 1167 2018 quoque
1219 1934 1323 1998 bitin
1344 1934 1437 1999 nobis
1460 1934 1581 2013 locum,
1604 1935 1632 1999 si
1653 1936 1798 2000 caritatis
1819 1957 1972 2001 numeros
1994 1936 2200 2017 impleamus.

186 2023 397 2107 benignitatis
420 2043 497 2086 suae
518 2023 709 2087 muneribus
731 2043 804 2086 eam
834 2021 912 2085 olim
933 2022 1048 2104 posuit.
1092 2023 1167 2085 Pri·
1219 2021 1281 2084 Ille
1303 2034 1414 2084 autem
1434 2021 1557 2101 implet,
1580 2042 1647 2085 non
1668 2022 1723 2102 qui
1745 2015 1894 2086 omnibus
1916 2022 2062 2086 caritatis
2085 2022 2201 2089 officiis

186 2111 298 2174 mitiaa
325 2109 412 2172 enim
439 2108 572 2192 frugum
600 2109 711 2172 offerri
738 2108 797 2172 sibi
834 2107 1019 2186 mandavit,
1052 2107 1167 2190 quibus
1220 2105 1421 2171 solummodo
1439 2105 1637 2190 defungitur,
1656 2108 1784 2171 etiamsi
1801 2107 1930 2171 nullum
1948 2109 2199 2190 praetermittat,

187 2201 364 2261 testaretur
384 2194 523 2276 populus
546 2194 636 2259 nefas
654 2194 716 2258 sibi
738 2215 809 2258 esse
838 2193 979 2275 aliquem
1000 2195 1167 2276 percipere
1221 2192 1279 2257 sed
1306 2192 1360 2274 qui
1388 2213 1430 2256 11
1458 2192 1582 2257 sincero
1612 2194 1732 2257 amoris
1760 2194 1880 2258 affectu
1897 2193 1931 2256 id
1953 2194 2038 2257 facit
2084 2194 2201 2260 Potest

186 2283 332 2346 fructum
359 2301 400 2343 11
429 2279 522 2343 bonis
552 2300 617 2343 non
643 2279 692 2343 illi
721 2287 798 2344 ante
821 2281 1024 2345 1111111111.
1071 2278 1168 2360 Quod
1220 2280 1307 2342 enim
1336 2278 1481 2343 accidere
1508 2288 1546 2342 ut
1571 2280 1644 2361 quis
1672 2279 1821 2343 exsolvat
1846 2278 1978 2361 quidem
2001 2276 2201 2362 adplenum

188 2368 217 2432 si
239 2367 286 2430 ita
315 2364 448 2429 demum
476 2366 721 2431 sanctificantur
750 2367 843 2431 nobis
865 2366 929 2429 Dei
952 2365 1050 2444 dona,
1079 2373 1167 2450 post-
1198 2364 1369 2428 omnibus
1397 2363 1483 2446 quod
1511 2363 1621 2442 debet,
1655 2373 1813 2447 quantum
1840 2366 1958 2429 attinet
1987 2364 2029 2428 ad
2061 2375 2201 2432 externa

187 2473 287 2536 quam
308 2452 370 2533 ipsi
391 2452 497 2514 autori
519 2472 621 2515 manu
643 2459 754 2521 nostra
774 2473 814 2516 ea
835 2449 1073 2528 dedicavimus,
1106 2453 1167 2515 im·
1220 2451 1334 2528 officia,
1357 2451 1489 2514 interim
1511 2459 1622 2515 tamen
1644 2451 1741 2534 longe
1763 2450 1848 2515 absit
1869 2472 1890 2515 1
1911 2472 1991 2515 vera
2008 2451 2200 2516 exsolvendi

186 2558 309 2621 purum
329 2557 400 2602 esse
422 2537 559 2601 abusum
581 2545 718 2614 constat,
737 2538 797 2620 ¹qui
815 2559 880 2601 non
902 2537 1060 2601 eiusmodi
1077 2536 1167 2601 dedi·
1220 2537 1355 2601 rat-ione.
1401 2533 1568 2615 Quosdam
1596 2537 1684 2601 enim
1713 2537 1824 2601 videas
1846 2537 1900 2619 qui
1923 2535 2019 2601 valde
2046 2536 2198 2603 liberales

188 2624 348 2688 sationem
369 2621 521 2687 redoleat.
567 2623 669 2705 Atqui
697 2623 879 2687 Dominum
907 2623 1029 2688 frustra
1057 2644 1169 2687 rerum
1200 2621 1325 2688 'videri
1346 2621 1476 2699 volunt,
1505 2623 1560 2704 qui
1582 2629 1693 2687 tamen
1714 2622 1799 2688 nihil
1818 2622 2005 2706 largiuntur
2025 2622 2109 2704 quod
2129 2645 2197 2688 nou

187 2716 321 2774 tuarum
342 2709 634 2774 communicatione
662 2709 860 2791 locupletare
883 2709 1068 2774 contendas.
1114 2708 1168 2773 Ad
1220 2708 1373 2790 superbia
1393 2707 1519 2785 vultus,
1552 2710 1729 2773 autetiam
1754 2709 1926 2773 verborum
1948 2708 2194 2772 1111111111-

187 2817 264 2860 eum
285 2796 386 2879 igitur
408 2816 508 2877 quum
530 2796 701 2876 pervenire
729 2794 914 2878 benignitas
937 2803 1079 2877 nequeat
1101 2802 1166 2873 tua,
1219 2795 1387 2876 probrent.
1419 2796 1528 2875 Atque
1540 2793 1606 2859 huc
1624 2794 1817 2859 calamitatis
1840 2793 1902 2859 hoc
1922 2793 2043 2858 infelici
2065 2793 2194 2876 saeculo

187 2888 225 2945 ut
245 2879 405 2963 propheta
427 2881 657 2964 111111(Ρ111.
682 2881 800 2965 1112),
831 2902 870 2945 ea
891 2881 949 2948 tibi
972 2902 1052 2965 erga
1074 2903 1167 2946 sanc-
1220 2879 1396 2945 deventum
1417 2889 1476 2956 est,
1499 2886 1538 2943 ut
1555 2879 1664 2944 nullae
1690 2901 1790 2963 prope
1813 2880 2050 2964 eleemosynae,
2079 2878 2198 2943 saltem

187 2973 238 3032 tos
260 2968 339 3044 eius,
362 2966 419 3048 qui
440 2967 475 3029 in
497 2973 587 3030 terra
609 2973 694 3045 sunt,
715 2966 898 3032 exercenda
920 2975 978 3031 est.
1220 2984 1240 3029 a
1262 2966 1408 3030 maxima
1433 2972 1527 3047 parte
1552 2966 1738 3045 hominum,
1769 2967 1840 3032 sine
1868 2965 2065 3049 contumelia
2090 2966 2198 3047 porri-

277 3057 325 3116 10.
369 3052 474 3115 Porro
507 3074 549 3116 11
583 3051 812 3119 benefaciendo
845 3053 1033 3119 fatiscamus
1067 3051 1169 3137 (quod
1221 3059 1350 3136 gantur.
1397 3049 1491 3131 Quae
1523 3052 1668 3132 pravitas
1696 3074 1739 3116 ne
1770 3053 1857 3116 inter
1889 3051 2037 3116 ethnicos
2067 3050 2200 3150 quidem

187 3139 337 3221 protinus
358 3139 430 3201 fieri
451 3137 569 3219 alioqui
587 3160 719 3203 necesse
741 3139 840 3222 foret)
867 3138 1020 3204 accedere
1042 3144 1169 3221 oportet
1220 3137 1399 3203 tolerabilis
1431 3158 1502 3201 esse
1529 3136 1694 3202 debuerat.
1739 3138 1825 3201 Nam
1853 3160 1873 3201 a
1900 3137 2098 3204 Christianis
2123 3137 2198 3219 plus

188 3223 329 3287 alterum
354 3222 436 3287 illud
458 3223 544 3307 quod
571 3226 662 3306 ponit
684 3224 862 3307 apostolus:
892 3226 1071 3307 patientem
1097 3246 1168 3289 esse
1222 3222 1345 3306 ahquid
1373 3224 1553 3287 etiamnum
1581 3223 1771 3307 requiritur,
1805 3245 1904 3307 quam
1932 3229 1971 3287 ut
1998 3223 2201 3287 hilaritatem

98 3323 104 3331 ’
189 3309 359 3375 caritatem
386 3330 447 3374 nec
475 3310 599 3373 irritari
625 3310 659 3396 (l
681 3309 755 3375 Ocr.
780 3314 827 3390 13,
847 3311 891 3394 4).
942 3309 1105 3376 Omnibus
1133 3312 1167 3375 in
1220 3311 1256 3374 in
1277 3309 1373 3376 vultu
1393 3329 1472 3390 prae
1494 3309 1658 3373 ecferant
1684 3317 1717 3375 et
1738 3310 1913 3375 verborum
1936 3310 2088 3375 conritate
2108 3328 2200 3373 1111-

189 3396 380 3460 universum
412 3394 603 3460 benefacere
631 3397 795 3462 Dominus
824 3398 996 3480 praecipit,
1029 3419 1168 3480 quorum
1220 3395 1299 3461 bilia
1319 3394 1460 3460 reddant
1486 3408 1546 3458 sua
1567 3395 1681 3460 officia.
1726 3396 1876 3460 Primum
1899 3396 1984 3474 eius,
2013 3415 2111 3477 quem
2138 3415 2201 3478 ope

187 3501 309 3564 magna
341 3499 417 3562 pars
448 3480 668 3565 indignissimi
700 3490 791 3561 sunt,
826 3484 855 3547 si
889 3484 1019 3565 proprio
1051 3484 1167 3547 merito
1220 3503 1282 3546 sua
1302 3480 1450 3565 indigere
1469 3482 1682 3564 conspiciunt,
1705 3502 1880 3564 personam
1902 3481 2083 3565 suscipiant
2103 3501 2200 3563 opor-

188 3567 416 3645 aestimentur;
440 3566 497 3631 sed
519 3568 573 3633 hic
595 3568 718 3650 optima
738 3569 862 3633 ratione
884 3568 1038 3634 subvenit
1065 3570 1166 3651 scrip·
1219 3575 1276 3645 tet,
1298 3588 1335 3632 11
1356 3567 1506 3632 fortunae
1527 3567 1665 3650 perinde
1686 3569 1904 3633 misereantur
1921 3588 1959 3632 ac
1981 3568 2010 3632 si
2031 3587 2105 3631 eam
2122 3588 2200 3631 sen-

187 3658 276 3730 1111,
306 3674 406 3734 quum
434 3651 527 3718 docet
556 3674 623 3716 non
646 3676 716 3720 esse
738 3653 992 3736 respiciendum,
1025 3654 1166 3737 quidex
1218 3655 1321 3718 11111
1353 3653 1414 3735 ipsi
1447 3673 1484 3717 ac
1517 3654 1730 3731 sustinerent,
1760 3659 1798 3717 ut
1825 3652 2068 3719 misericordiae
2100 3661 2201 3735 atque

188 3758 223 3802 se
244 3738 322 3818 ipsis
344 3746 533 3802 mereantur
559 3740 725 3819 homines,
760 3738 817 3805 sed
838 3741 1017 3824 imaginem
1044 3741 1108 3804 Dei
1130 3741 1166 3805 in
1218 3739 1432 3804 humanitatis
1460 3760 1559 3803 sensu
1588 3739 1630 3803 ad
1658 3740 1809 3805 ferendas
1837 3739 1887 3803 illi
1915 3739 2096 3822 suppetias,
2129 3759 2199 3803 non

188 3824 315 3889 cunctis
336 3823 619 3903 considerandam,
650 3828 703 3891 cui
724 3826 808 3891 nihil
836 3838 958 3895 nonset
979 3827 1092 3889 hono'

188 3907 370 3974 dilectionis
403 3907 586 3975 debeamus.
642 3911 684 3975 In
724 3911 908 3977 domesticis
947 3919 1057 3976 autem
1067 3848 1165 3977 nddei
1218 3932 1351 3994 oporam
1378 3910 1535 3976 fratribus
1564 3911 1631 3976 suis
1658 3911 1801 3976 dandam
1829 3910 1974 3990 accedet,
2009 3933 2077 3974 non
2099 3909 2197 3975 modo

187 3994 280 4059 illam
302 3993 439 4058 eandem
462 3994 650 4080 diligentius
673 3997 911 4063 observandam
937 3995 1027 4082 (Gal.
1049 4002 1077 4075 6,
1099 3997 1164 4081 10),
1218 3997 1310 4062 nulla
1344 3995 1398 4059 vel
1432 3999 1620 4079 arrogantia
1646 3998 1700 4063 vel
1727 3997 1977 4079 exprobratione
2003 3997 2109 4062 officia
2135 4016 2199 4060 111

187 4086 349 4163 quatenus
375 4101 435 4162 per
462 4079 587 4146 Christi
616 4084 767 4163 spiritum
795 4091 951 4149 renovata
972 4091 1022 4148 111
1049 4092 1083 4148 11
1113 4085 1164 4147 in·
1218 4082 1465 4158 contaminabit,
1498 4080 1555 4146 sed
1583 4103 1643 4147 nce
1672 4084 1822 4157 fratrem,
1855 4084 1908 4148 cui
1935 4083 2109 4160 benefacit,
2143 4082 2200 4147 vel

188 4173 343 4231 staurata.
387 4166 479 4248 Ergo
499 4168 645 4250 quisquis
669 4170 839 4234 hominum
861 4169 920 4233 tibi
941 4191 1030 4234 nunc
1047 4169 1164 4234 offera-
1218 4177 1375 4251 tanquam
1408 4169 1477 4249 opis
1504 4189 1645 4251 egenum
1674 4169 1844 4251 despiciet,
1878 4168 1932 4234 vel
1954 4176 2111 4251 tanquam
2135 4169 2199 4233 sibi

129 4258 137 4269 '
188 4258 243 4315 tur
265 4253 320 4333 qui
342 4252 447 4317 officio
468 4259 524 4316 tuo
544 4252 705 4338 indigeat,
733 4276 865 4321 causam
894 4278 960 4320 non
983 4255 1085 4320 habes
1107 4276 1165 4320 111
1217 4256 1397 4340 obligatum
1428 4255 1623 4339 subiugabit
1679 4255 1754 4319 Non
1789 4255 1895 4338 magis
1928 4255 2064 4332 scilicet,
2097 4275 2199 4337 quam

188 4336 236 4400 illi
266 4343 297 4401 te
324 4338 512 4420 impendere
547 4337 714 4405 detrectes.
765 4342 829 4407 Dic
858 4349 1050 4407 extraneum
1076 4363 1162 4407 esse:
1218 4341 1271 4408 vel
1293 4360 1391 4423 aegro
1413 4341 1558 4404 membro
1579 4340 1783 4419 insultamus,
1807 4342 1859 4406 cui
1887 4340 2098 4406 refocillando
2119 4340 2199 4404 reli·

105 4436 112 4456 ·
190 4430 225 4487 at
255 4422 418 4488 Dominus
449 4431 560 4488 notam
592 4425 641 4487 ilh'
670 4427 849 4508 impressit,
882 4449 964 4509 quae
996 4427 1165 4492 familiaris
1218 4449 1318 4510 quum
1340 4447 1457 4508 corpus
1479 4426 1615 4505 laborat,
1639 4426 1692 4492 vol
1714 4428 1847 4509 reliquis
1869 4428 2025 4492 membris
2042 4433 2199 4508 putamus

189 4528 260 4573 esse
291 4509 348 4573 tibi
376 4507 479 4575 debet.
522 4510 586 4575 Dic
615 4513 890 4593 contemptibilem
923 4535 960 4578 ac
987 4513 1096 4576 nihili:
1132 4520 1166 4576 at
1218 4513 1401 4597 specialiter
1422 4512 1611 4596 obligatum,
1634 4514 1710 4596 quia
1730 4513 1805 4596 plus
1827 4534 1944 4596 operae
1965 4512 2007 4577 ad
2029 4534 2064 4576 se
2086 4510 2199 4576 11111-

189 4614 265 4659 eum
287 4596 448 4660 Dominus
470 4618 540 4661 esse
562 4595 764 4661 demonstrat
788 4619 884 4679 quem
911 4599 1064 4681 imaginis
1087 4619 1164 4662 suae
1218 4601 1262 4664 rit
1298 4619 1397 4682 quam
1432 4598 1625 4680 rependerit.
1682 4597 1853 4681 Siquidem
1893 4600 2073 4665 officiorum
2110 4599 2200 4662 inter

118 4745 121 4751 ,
189 4678 303 4744 decore
326 4679 479 4763 dignatus
501 4683 551 4747 sit.
595 4682 659 4747 Dic
682 4682 780 4747 nullis
808 4683 878 4747 eius
904 4684 1018 4750 officiis
1040 4692 1072 4747 te
1094 4704 1164 4748 csse
1217 4684 1364 4750 membra
1390 4685 1637 4749 communicatio
1664 4685 1748 4748 nihil
1776 4686 1957 4768 gratuitum
1984 4686 2105 4751 habere
2127 4705 2199 4749 crc-
2242 4707 2245 4711 ·

189 4766 391 4831 obaeratum:
423 4775 555 4833 1111111
581 4767 673 4834 velut
699 4769 734 4833 in
757 4769 862 4834 vicem
882 4790 975 4834 suam
997 4768 1164 4834 substituit
1217 4772 1314 4850 ditur,
1338 4769 1948 4854 11111111111111111111111111111
1969 4780 2107 4835 naturae
2124 4770 2199 4854 lege

189 4851 290 4930 Deus,
314 4872 392 4935 erga
413 4875 509 4936 quem
535 4861 642 4919 totae
663 4860 756 4919 tanta
777 4876 987 4937 recognoscas
1008 4854 1165 4921 beneficia
1219 4857 1386 4923 debeatur.
1430 4856 1505 4921 Hac
1527 4877 1653 4939 quoque
1673 4860 1800 4922 ratione
1821 4852 1880 4922 liet
1899 4864 1937 4921 ut
1957 4878 2000 4921 ne
2021 4857 2198 4922 liberatum

189 4936 306 5020 quibus
324 4945 356 5002 te
379 4939 440 5004 sibi
467 4939 622 5004 devinxit.
667 4941 732 5006 Dic
759 4941 933 5024 indignum
961 4961 1045 5019 esse,
1072 4942 1164 5007 euius
1216 4965 1252 5008 se
1284 4950 1377 5026 putet
1431 4944 1465 5006 ui
1497 4963 1563 5006 uno
1597 4963 1716 5026 genere
1749 4945 1847 5009 officii
1881 4942 2053 5008 dehmctus
2086 4943 2196 5021 fuerit,

190 5041 289 5087 causa
322 5024 375 5088 vel
407 5026 578 5089 minimum
611 5025 751 5091 labores:
787 5034 821 5090 at
855 5025 953 5110 digna
980 5033 1029 5091 est
1056 5027 1164 5110 imago
1217 5028 1390 5112 quemadm
1433 5049 1489 5092 um
1511 5028 1611 5112 vulgo
1632 5030 1704 5093 fieri
1722 5029 1818 5094 solet:
1841 5038 1879 5092 ut
1899 5029 2000 5105 dives,
2023 5037 2197 5111 postquam

189 5106 254 5172 Dei
275 5131 340 5192 qua
360 5110 419 5174 tibi
441 5110 694 5188 commendatur,
717 5111 770 5177 cui
792 5120 824 5177 te
847 5120 880 5176 et
901 5112 1010 5176 omnia
1032 5119 1163 5177 11111-
1217 5115 1339 5198 aliquid
1361 5114 1402 5180 de
1423 5135 1482 5179 suo
1510 5115 1671 5198 erogavit,
1699 5116 1763 5180 aha
1789 5136 1903 5194 onera,
1931 5121 2089 5197 tanquam
2110 5113 2197 5178 nihil

190 5192 312 5260 hibeas.
357 5193 454 5275 Quod
483 5196 509 5260 si
537 5217 604 5259 non
633 5197 728 5261 modo
751 5197 834 5261 nihil
864 5198 940 5263 boni
968 5199 1164 5280 promeritus
1217 5201 1259 5265 ad
1281 5223 1316 5266 se
1337 5201 1545 5283 pertinentia,
1569 5200 1642 5264 eliis
1664 5199 1799 5285 deleget
1844 5198 1913 5266 Sed
1940 5201 1988 5265 ita
2014 5201 2122 5284 potius
2144 5220 2197 5266 se·

190 5285 256 5357 111,
286 5280 342 5344 sed
364 5281 492 5345 iniuriis
514 5302 640 5364 quoquc
663 5304 701 5347 ao
720 5283 888 5349 maleficiis
910 5290 943 5349 te
964 5284 1162 5366 provocavit,
1217 5306 1292 5351 oum
1324 5287 1460 5369 quisque
1489 5285 1659 5368 cogitabit,
1693 5307 1743 5365 11,
1776 5293 1919 5369 quantus
1958 5293 2102 5370 quantus
2134 5293 2197 5365 est,
2268 5349 2276 5359 ,

1133 3833 1167 3890 11
1219 3826 1313 3890 aliter
1344 3844 1443 3907 qnam
1475 3825 1549 3901 sibi,
1584 3826 1739 3890 ferantur.
1785 3825 1852 3906 Qui
1880 3826 1926 3890 sic
1961 3826 2124 3890 animatus
2152 3823 2197 3888 ad
2295 3837 2297 3840 ’
