4770 6030
186 346 251 408 6Ι5
763 336 1030 406 INSTITUTIO
1051 339 1157 406 REI.
1176 335 1358 407 CHRIST.
1384 342 1515 405 1539-
1524 341 1616 405 1554.
1805 405 1812 422 ,
2124 341 2187 401 616

1952 447 2064 519 Β201;
2083 450 2187 505 0262.

187 551 258 617 4494
290 528 456 596 conditione
487 533 576 594 44444
606 528 684 594 istae
709 528 805 606 44444,
846 547 885 592 ue
915 531 972 592 4444
1002 526 1163 610 episeopus
1213 527 1354 606 44444444,
1376 545 1472 607 quum
1490 526 1605 608 tatdur
1625 545 1658 590 se
1674 531 1824 607 paratum
1846 526 1884 591 ab
1901 438 2064 592 arbaim
2063 528 2186 610 4444494,
2269 603 2274 611 ⁸

187 617 346 714 quispiam
366 616 401 678 in
422 613 587 679 4444444444
607 635 669 679 sua
688 614 915 692 iurisdictione,
945 617 1000 676 aut
1018 617 1163 693 44444494
1214 613 1254 678 ab
1285 611 1426 678 44444444
1464 612 1629 677 4444444444.
1642 614 1667 695 ¹)
1724 611 1778 676 Sia
1815 611 1930 696 alibi²)
1969 611 2188 692 aquileiensem

187 703 287 768 lita
274 721 310 765 44
341 700 554 783 449444444444
584 697 855 782 appellationibus,
888 703 944 762 aut
972 697 1163 780 provinoiale
1213 700 1388 782 episeopum
1413 698 1496 763 iubet
1527 698 1651 778 quidem
1677 697 1817 762 Romam
1839 699 1954 775 444444,
1989 697 2032 762 ad
2060 717 2188 763 oausam

186 719 413 853 mutiliumwyn
377 805 414 849 44
440 786 660 850 constituendis
680 785 813 849 eeclesiis
840 783 1050 882 impediretur.
1095 783 1163 848 Hob
1214 784 1421 850 dicendam'
1408 805 1443 848 44
1473 784 1676 848 444444444444
1699 784 1787 864 fidei,
1820 803 1899 864 9444
1925 749 2004 848 iliter
2030 784 2189 864 ipsumet

187 876 291 938 autem
317 872 395 953 94444
422 870 513 935 aliud
539 875 619 949 erat,
646 890 741 951 944444
767 871 851 934 anni
878 869 1090 935 imisdiatione
1111 869 1163 933 ab
1216 869 1295 936 alios
1322 875 1429 934 444444
1457 874 1539 947 orat,·
1565 888 1625 932 uon
1651 873 1752 933 tamen
1779 890 1817 934 44
1844 890 1905 933 suo
1925 874 2073 949 potestate
2098 869 2187 947 iubet,

187 959 313 1036 stinere,
345 957 400 1021 sed
431 975 464 1020 44
501 957 544 1021 ad
574 921 730 1021 sedandas
760 955 935 1021 4444444444
964 955 1162 1038 interponere,
1215 957 1270 1021 sod
1297 956 1373 1041 9444
1399 956 1435 1020 id
1460 957 1628 1036 imperator
1652 956 1873 1020 mandaverat(
1908 954 2014 1037 Neque
2035 975 2068 1020 44
2088 955 2188 1020 solum
2249 1026 2251 1028 ,

187 1007 342 1108 44444444
377 1047 528 1122 paulum
563 1042 624 1123 fert
660 1041 709 1160 444
740 1046 768 1107 et
798 1046 915 1106 444444
946 1040 1165 1106 44444444414444
1215 1043 1349 1106 iudicem
1379 1041 1447 1122 fare
1472 1041 1647 1119 ananau
1681 1040 1735 1105 sod
1772 1041 1922 1124 spuodmn
1952 1061 1986 1105 se
2013 1047 2188 1105 ooaoturum

188 1129 433 1196 communionis?
1210 1128 1374 1212 9444444444,
1396 1149 1417 1191 4
1438 1146 1502 1206 qua
1521 1126 1675 1209 4494444444
1693 1130 1787 1190 toturn
1808 1126 1967 1192 iudiedur.
2003 1127 2188 1208 Qtlamuarn

277 1218 347 1278 117.
394 1213 693 1297 (4449444414449444
718 1213 785 1277 iam
805 1212 937 1277 maltum
958 1216 1078 1276 mutata
1099 1215 1166 1276 erat
1217 1218 1319 1278 autem
1343 1233 1380 1277 ea
1407 1212 1509 1277 adbuc
1536 1216 1602 1276 erat
1626 1211 1808 1291 moderatio,
1834 1216 1868 1276 ut
1893 1232 1968 1276 suos
1994 1217 2087 1278 oetas
2111 1214 2189 1294 fines

183 1302 296 1385 944444
321 1299 379 1364 illa
407 1301 496 1364 ratio.
542 1296 693 1364 Conmelso
714 1299 797 1362 enim
818 1318 855 1363 aa
875 1297 1039 1363 44444414
1025 1298 1163 1379 inperia
1217 1298 1337 1364 4444444
1357 1303 1494 1396 potestas
1520 1317 1665 1362 romanae
1690 1298 1787 1378 44444,
1815 1317 1891 1379 quos
1912 1296 2051 1362 44444444
2071 1318 2132 1362 nou
2152 1299 2189 1362 44

231 1384 440 1451 umCalliae
475 1389 504 1449 et
530 1384 710 1466 Hispaniae
744 1384 852 1448 multis
879 1383 1009 1448 subinde
1034 1384 1165 1464 atneptis
1216 1389 1305 1463 oerd,
1334 1389 1423 1465 atque
1449 1385 1515 1465 ipse
1541 1402 1690 1448 rouranus
1715 1384 1875 1466 episeopus
1895 1403 1957 1447 444
1978 1384 2081 1467 444944
2101 1405 2189 1466 prae

189 1471 329 1538 aladibus
339 1470 473 1551 aftlndae
481 1476 588 1550 essent
604 1474 758 1534 vastatum
775 1469 799 1532 I
801 1469 952 1552 4494444444
969 1473 1080 1534 oeaata
1089 1474 1166 1533 esset
1216 1475 1293 1536 esset
1320 1470 1409 1549 aliis,
1436 1489 1531 1550 quam
1543 1468 1702 1533 4444444444
1729 1474 1858 1550 apparot
1883 1473 1985 1533 444444
2008 1474 2191 1567 quantopere

190 1557 298 1636 Italia,
321 1555 437 1637 Africa
454 1575 524 1620 oero
540 1556 682 1620 assiduis
699 1554 928 1621 calamitatibus
943 1555 1007 1636 fere
1022 1555 1164 1637 perdita:
1219 1557 1303 1640 Crep
1302 1556 1367 1619 orio
1392 1520 1585 1637 displicuerit
1614 1555 1765 1619 eiusmodi
1795 1559 1911 1631 statns;
1948 1554 2080 1619 subinde
2106 1556 2188 1619 enim

190 1663 249 1725 944
276 1644 312 1707 44
338 1647 425 1706 tanta
453 1662 558 1707 rerum
586 1641 728 1706 4444444444
752 1640 943 1706 convulsione
961 1641 1036 1721 fidei
1056 1640 1164 1705 saltem
1215 1641 1418 1723 conpendia,
1428 1643 1457 1724 8)
1486 1660 1519 1705 44
1544 1639 1601 1704 sub
1627 1640 1722 1705 oolore
1747 1641 1940 1723 episcopatus
1962 1640 2006 1705 ad
2031 1640 2188 1706 saeadum

189 1729 352 1812 4414944444
381 1732 531 1805 44444441,
565 1733 621 1791 aut
652 1731 728 1791 certe
758 1747 818 1792 non
848 1746 984 1808 prorsus
1015 1727 1162 1804 interiret,
1213 1729 1313 1811 fuisse
1343 1727 1519 1804 rodrudum,
1549 1746 1639 1806 seque
1670 1726 1773 1808 444944
1800 1726 1985 1807 4494444444
2012 1746 2077 1791 osse
2102 1728 2189 1792 ouris

143 1838 149 1848 ¹
190 1834 293 1881 munes
314 1813 451 1894 undique
471 1813 606 1895 episcopi
626 1832 660 1876 44
676 1813 719 1877 ad
734 1832 897 1877 romanum
908 1812 1082 1894 pontificem
1098 1832 1164 1876 444
1214 1814 1354 1890 14444444,
1376 1832 1471 1893 meam
1491 1813 1527 1875 in
1547 1813 1612 1875 rita
1632 1811 1716 1875 laico
1735 1831 1874 1892 uuquam
1895 1813 2067 1877 subiisset:
2082 1813 2189 1894 944444

188 1902 240 1984 pis
265 1901 485 1964 adiunnemmt.
528 1898 578 1962 Eo
604 1898 722 1979 fadum
749 1903 807 1976 est,
834 1903 870 1961 ut
892 1897 976 1962 sedis
996 1918 1056 1962 non
1075 1898 1164 1962 44444
1215 1920 1248 1965 44
1264 1902 1300 1964 iu
1317 1863 1371 1963 4444
1387 1898 1497 1963 bonam
1514 1897 1647 1961 tumultu
1663 1897 1872 1961 saemlarimn
1889 1898 2084 1980 nepotianum.
2116 1897 2189 1962 Ali·

191 1985 338 2069 44944144,
356 1983 410 2048 sed
426 1985 519 2048 etiam
530 1984 669 2065 potentia
685 1983 870 2048 oebamnter
882 1988 1031 2048 44444444.
1062 1983 1165 2064 Qunam
1216 1986 1262 2050 bi:
1275 1984 1305 2068 ⁴)
1326 1989 1413 2049 tauta
1431 2004 1488 2061 me,
1510 1984 1621 2081 inquit,
1642 1984 1873 2064 otmrpationum
1894 2002 1987 2047 onera
2002 1983 2188 2065 depmmurtt,

191 2091 287 2154 94444
314 2089 375 2133 nou
406 2069 481 2134 adeo
505 2088 622 2146 moror,
652 2069 764 2148 quibus
790 2068 962 2133 rationibus
987 2070 1022 2133 id
1047 2069 1165 2166 fadum
1215 2077 1251 2135 ut
1271 2071 1314 2136 ad
1332 2089 1468 2151 4494444
1484 2069 1610 2133 animus
1625 2068 1802 2133 nullatenus
1817 2069 2101 2167 44494444,·4441144
2117 2090 2190 2134 oau-

192 2158 241 2221 sit.
286 2154 442 2220 Maiorem
463 2160 538 2219 certe
557 2159 629 2218 14444
647 2154 748 2235 fuisse
768 2159 891 2232 4444444,
913 2175 1008 2235 quam
1028 2156 1166 2236 44944444-
1216 2177 1326 2222 sarum
1343 2154 1490 2235 fluetibus
1506 2155 1635 2236 9444444,
1658 2159 1685 2218 et
1700 2160 1773 2235 post
1791 2154 1848 2218 444
1864 2155 1977 2235 qnietis
1997 2155 2061 2219 otia
2077 2155 2191 2219 4444444-

192 2241 281 2306 m’bus
301 2239 441 2305 suendis.
483 2239 529 2304 Et
554 2245 656 2304 tamen
676 2239 808 2304 multum
828 2241 953 2305 intonent
973 2242 1050 2321 puin
1069 2240 1166 2320 fuerit
1216 2249 1323 2307 tuosne
1342 2242 1423 2305 vitae
1444 2239 1671 2322 tempestatibus
1692 2239 1831 2323 afflipor:
1858 2241 1904 2304 ito
1924 2245 1960 2303 ut
1979 2245 2057 2305 reate
2077 2240 2188 2319 4444444,

192 2327 339 2408 4944444444
365 2326 546 2403 dominatio,
572 2330 607 2388 ut
633 2326 788 2407 imperare
812 2346 896 2390 uuus
923 2326 999 2390 aliis
1018 2345 1079 2407 pro
1105 2346 1166 2389 sua
1216 2329 1287 2392 oeni
1308 2329 1343 2390 in
1370 2326 1564 2391 altitudinem
1590 2326 1705 2404 maris,
1734 2331 1761 2389 41
1787 2329 1947 2407 tempestas
1967 2326 2114 2391 4444444444
2133 2347 2190 2391 me.

192 2412 322 2477 libidine
335 2412 480 2493 potuerit.
526 2409 588 2474 Sed
608 2410 687 2475 4444
714 2413 913 2476 4444444444
934 2411 1060 2476 babebat
1079 2412 1166 2477 sedes
1200 2413 1303 2477 14444
1330 2411 1434 2495 4444494
1453 2413 1531 2492 puta
1557 2413 1698 2477 diotmus
1716 2411 1827 2508 fuerit,
1855 2412 1938 2476 siin
1959 2410 2034 2476 laea
2053 2416 2190 2493 tempora

192 2517 330 2575 4444444,
351 2501 386 2559 ut
411 2495 565 2578 improbos
589 2501 618 2560 et
645 2501 842 2576 contumaees,
869 2498 925 2578 qui
946 2519 967 2561 a
988 2498 1058 2561 suis
1079 2497 1165 2562 44444-
1217 2498 1382 2564 4444444444
1430 2496 1575 2595 Officium
1596 2497 1736 2578 pastoris
1756 2498 1787 2560 44
1807 2516 1868 2561 nou
1887 2496 2036 2578 eapbbat,
2057 2497 2190 2578 faciebat

190 2585 243 2668 944
273 2584 309 2646 44
338 2582 437 2664 officio
465 2583 614 2646 contineri
639 2602 700 2646 non
725 2588 882 2664 poterant,
915 2603 975 2647 sua
1001 2584 1166 2647 autoritate
1216 2590 1326 2649 444444.
1369 2582 1455 2647 Ab
1442 2585 1568 2664 44494444
1591 2582 1693 2646 oioilis
1711 2582 1928 2665 pubemtatione
1948 2581 2130 2662 abstinebat·
2151 2603 2189 2647 aa

192 2673 386 2750 obtupesceret
405 2687 443 2732 aa
458 2667 652 2765 reprimeret,
673 2668 826 2748 4494444444
845 2668 900 2732 boe
919 2668 1079 2751 4444944444
1095 2668 1165 2733 sub·
1217 2691 1250 2736 44
1270 2690 1335 2735 unua
1356 2689 1426 2733 oum
1446 2668 1523 2732 aliis
1546 2667 1702 2748 fatebatur
1728 2669 1906 2749 imperatori
1927 2667 2099 2733 subiedum
2145 2668 2188 2732 In

191 2755 264 2819 iude
282 2758 426 2817 testatur:
453 2773 487 2817 44
506 2772 568 2817 nou
588 2754 694 2817 444444
717 2753 848 2834 44444144
872 2770 995 2818 serame
1022 2755 1099 2820 aliis
1119 2775 1166 2820 eo-
1217 2775 1326 2821 auam
1354 2749 1493 2819 aliarum
1517 2753 1714 2819 molesiarum
1733 2774 1794 2818 uon
1810 2773 1842 2818 se
1862 2753 2030 2837 inpetebat,
2052 2755 2117 2818 nisi
2137 2775 2187 2818 ue-

191 2859 265 2904 rum
293 2840 381 2918 iuro,
408 2859 503 2920 quam
529 2837 568 2902 ab
592 2838 698 2904 illis
685 2858 752 2920 4944
778 2857 839 2903 sua
869 2840 1016 2921 requirat
1029 2840 1055 2924 ι)
1101 2840 1167 2905 Neo
1218 2843 1355 2907 cessitate
1381 2844 1510 2904 eoaatus.
1543 2838 1588 2904 Et
1612 2844 1715 2904 tomen
1740 2839 1836 2903 sibi'
1823 2859 1858 2904 44
1878 2838 2051 2922 labyrintho
2071 2840 2192 2905 uidetur

89 3005 92 3012 Ι
191 2926 260 3004 ulli,
282 2888 393 3005 inquii,
418 2924 501 3004 qnod
520 2925 573 2987 sui
594 2924 678 2988 iuris
698 2930 751 3004 est,
773 2924 891 2989 ambitu
911 2925 1095 3004 stimulante,
1117 2927 1167 2990 44
1218 2949 1298 3005 esse,
1338 2926 1413 3007 94444
1450 2924 1632 3007 simplieiter
1670 2926 1805 3007 episcopi
1836 2925 1936 3007 offitio
1971 2929 2051 2990 totus
2081 2945 2192 2991 444444

192 3030 296 3160 rb'bblb
318 3009 521 3160 {estivam
540 3011 867 3177 e'ibbsossobb‘btismbbb
889 3010 1058 3197 mois
1068 3013 1169 3162 m
1217 3018 1376 3161 milti
1428 3096 1586 3180 Iitipabal
1613 3117 1645 3160 oo
1672 3099 1803 3178 tempore
1830 3095 1867 3159 de
1888 3096 2037 3194 primatu
2054 3101 2193 3161 constan·

188 3182 350 3279 primatus
369 3180 424 3245 sui
443 3180 680 3263 amplitudinem
705 3201 800 3263 quam
827 3183 906 3248 ista:
918 3182 948 3266 ²)
974 3184 1075 3248 4444444
1095 3185 1168 3264 94444
1218 3182 1455 3266 tirwpolitauus
1466 3184 1627 3281 episeopus
1652 3200 1721 3245 auu
1747 3200 1888 3260 romano,
1921 3187 1956 3246 ut
1983 3182 2050 3246 iam
2075 3183 2192 3247 dentum

170 3267 354 3364 »4944449444
383 3285 446 3330 uon
477 3266 629 3331 4444444444
660 3267 703 3331 sit
727 3267 794 3332 sedi
821 3267 1018 3352 apostolieae,
1051 3268 1144 3333 ubi
1131 3289 1167 3332 m
1217 3275 1269 3335 est.
1315 3267 1485 3350 Postquam
1505 3268 1587 3332 enirn
1606 3268 1732 3348 imperii
1751 3267 1837 3332 sedes
1861 3231 2121 3366 Constantinopoli
2138 3270 2193 3349 pir·

193 3352 285 3435 eulpa
305 3353 470 3418 iuvenitur
516 3350 666 3417 Continuo
687 3355 790 3417 tamen
806 3353 978 3439 subimpit:
998 3354 1053 3419 ubi
1074 3355 1166 3436 444494
1217 3360 1303 3421 mata
1328 3355 1406 3436 fuit,
1433 3354 1469 3418 id
1487 3353 1648 3436 postulare
1667 3354 1739 3418 visa
1759 3353 1837 3417 est'
1823 3354 1950 3434 imperii
1969 3353 2133 3433 4444444144,
2158 3360 2194 3418 ut

191 3457 252 3502 uon
279 3439 387 3521 444944,
411 3457 514 3503 umus
539 3438 707 3502 seeundum
732 3439 882 3504 rotimum
908 3439 1097 3506 buunlitalis
1117 3461 1167 3506 ae·
1218 3441 1344 3506 44444444
1364 3459 1482 3522 quoqne
1503 3439 1562 3503 illo
1582 3438 1749 3504 sennodum
1766 3459 1787 3502 4
1803 3458 1935 3503 rounam
1952 3438 2078 3504 bononis
2095 3404 2193 3503 labam

193 3524 300 3606 quales
319 3529 400 3588 sunt.
380 3523 572 3588 tTribuit
594 3522 697 3587 sibi
684 3543 736 3588 nus
756 3525 928 3608 4444494444
946 3545 998 3590 eos
1024 3528 1139 3608 944494
1139 3546 1167 3591 4
1217 3526 1346 3591 baberet.
1391 3524 1435 3590 Et
1455 3530 1531 3590 44444
1557 3525 1648 3589 initio
1675 3523 1756 3588 44444
1776 3525 1878 3622 Ι444944
1898 3523 2040 3589 valuerat
2060 3526 2104 3589 ad
2122 3526 2194 3607 pri-

192 3615 321 3688 oament;
347 3611 378 3673 si
398 3629 501 3675 omues
520 3609 641 3691 fatiunt
660 3609 813 3709 affinium,
841 3611 918 3676 aliis
936 3632 969 3675 se
985 3632 1099 3693 parem
1117 3613 1167 3694 fa-
1217 3617 1337 3677 matum
1364 3611 1483 3676 Bootae
1508 3610 1720 3691 defumtdum,
1749 3610 1815 3674 nisi
1840 3610 1921 3690 quod
1947 3605 2021 3674 tund
2037 3610 2103 3673 44444
2127 3615 2194 3675 orat

193 3696 241 3758 ait.
284 3661 426 3776 Atque
413 3715 480 3776 4944
507 3696 630 3794 quidem
656 3695 797 3761 idoneis
821 3696 883 3761 sibi
908 3697 1031 3776 tribuit3
1063 3718 1167 3763 ossen
1217 3700 1231 3763 4
1231 3698 1464 3795 mperiioaput.
1509 3695 1624 3760 Exstat
1644 3697 1730 3777 opud
1754 3694 1947 3760 (4441444444
1951 3695 1980 3779 ⁵)
2007 3696 2197 3777 rescripturi

192 3778 346 3844 tiebontur
366 3783 542 3862 4414449444
568 3779 721 3845 44444444·
746 3781 824 3847 aliis
843 3787 947 3847 antem
973 3748 1085 3864 quibus
1105 3805 1166 3849 4444
1216 3783 1274 3850 surb
1304 3784 1425 3847 nomine
1454 3782 1570 3846 1444444
1596 3802 1716 3864 papae,
1749 3781 1803 3844 ubi
1829 3780 1904 3845 dieit
1933 3800 1994 3845 uon
2025 3779 2116 3844 aliter
2143 3783 2192 3846 di

187 3863 336 3946 placebat,
358 3864 497 3930 liaebat
483 3887 610 3948 impune
631 3867 805 3933 redamare.
841 3868 929 3949 Quod
947 3869 1056 3950 senisse
1072 3871 1166 3935 etiam
1217 3871 1346 3936 stindas
1366 3888 1431 3933 esse
1451 3867 1557 3946 urbes,
1584 3867 1639 3931 ubi
1659 3866 1865 3948 metropolitae
1884 3871 1913 3931 et
1927 3865 2081 3948 9444444444
2096 3887 2192 3947 prae-

187 3948 350 4031 plerosque
373 3957 478 4015 uotum
498 3957 550 4016 441.
583 3951 686 4016 Adde
711 3953 879 4034 quodidie
899 3954 937 4019 de
956 3956 1095 4036 94444414
1115 3955 1166 4038 bp-
1217 3957 1317 4021 4444444
1343 3954 1482 4032 debeam,
1510 3973 1604 4034 quam
1630 3974 1668 4017 44
1688 3954 1805 4018 ratione
1823 3951 1925 4017 4444444
1950 3950 2190 4051 pubemalionis,

192 4054 322 4100 sauoeuo
341 4035 493 4116 44944444·
520 4039 575 4119 qui
595 4058 692 4118 quum
712 4044 826 4104 assota
841 4040 1032 4121 provineiali
1052 4042 1166 4121 synodo
1217 4061 1297 4122 quae
1321 4045 1390 4106 4444
1414 4040 1526 4120 fuerat
1577 4038 1720 4103 Alterum
1748 4039 1842 4103 etiam
1868 4037 1971 4102 4444444
1991 4037 2049 4101 sub
2070 4039 2191 4104 roomine

192 4121 374 4200 domamus,
396 4123 613 4221 repudiaverat
637 4128 733 4188 totum
753 4125 914 4189 iuditium.
958 4125 1051 4191 Hane
1070 4126 1166 4190 borni
1220 4126 1385 4192 Cleunntis
1404 4146 1524 4207 papae,
1547 4124 1601 4189 ubi
1621 4125 1710 4204 dioit,
1732 4125 1767 4188 44
1788 4125 1832 4189 iis
1852 4122 1994 4202 urbibus,
2016 4144 2096 4205 quae
2117 4123 2191 4188 olim
2235 4150 2236 4153 ¹

192 4208 245 4270 uis
271 4171 493 4271 samnbmoiam
519 4209 601 4273 ad
587 4230 602 4272 4
602 4214 802 4290 inperatorem
823 4211 995 4276 4444444444
1020 4213 1089 4276 eius
1109 4213 1166 4276 ool
1211 4213 1334 4294 prunos
1358 4211 1504 4291 4444444444
1529 4210 1711 4289 babuerunt,
1737 4210 1838 4291 fuisse
1859 4210 2035 4274 constitutos
2050 4210 2191 4290 patriar·

192 4292 283 4376 44944
328 4291 502 4374 Imperator
526 4294 711 4377 (4449444444
730 4297 911 4378 sepuitorem
936 4318 1000 4361 esse
1020 4298 1165 4362 uoluerat.
1216 4298 1299 4364 dtas.
1352 4297 1440 4378 (tteod
1471 4297 1594 4361 14444444
1620 4316 1736 4364 uanum
1765 4301 1822 4373 est,
1855 4300 1956 4359 444444
1981 4317 2021 4360 44·
2045 4315 2115 4358 oero
2147 4300 2191 4358 est

200 4377 349 4442 Videmus
375 4398 445 4460 4494
472 4400 542 4442 eum
562 4399 616 4443 neo
635 4385 751 4445 tentare
770 4380 909 4480 aliquid,
931 4402 991 4463 quo
1010 4383 1099 4447 violet
1119 4403 1166 4446 or·
1215 4388 1381 4483 sumptum.
1433 4380 1558 4447 Constat
1583 4383 1679 4461 44444,
1706 4401 1765 4462 quo
1788 4381 1955 4445 mininam
1981 4381 2066 4462 fieret
2090 4385 2192 4444 444444

191 4463 353 4528 dmaroam
378 4463 638 4542 iurisdidiouem5
665 4470 693 4529 et
719 4468 886 4548 idipsum
906 4469 986 4549 quod
1010 4469 1103 4549 facit,
1131 4475 1166 4533 ut
1215 4470 1318 4547 444444,
1334 4489 1397 4566 pro
1413 4472 1626 4547 4144444444,
1643 4468 1783 4548 94414444
1799 4472 1873 4545 erat,
1892 4465 2078 4532 distributas
2091 4465 2192 4546 fuisse

152 4552 161 4569 '
192 4548 268 4614 aliis
289 4550 331 4613 sit
351 4549 505 4627 44444444,
527 4551 655 4614 nonnisi
673 4553 819 4616 44444444
839 4554 1037 4651 inperatoris
1055 4553 1164 4653 spaera
1210 4556 1406 4638 9444444444,
1429 4554 1642 4636 priuatasque
1662 4559 1689 4618 et
1710 4517 1950 4633 metropolitas
1937 4572 1972 4616 444
1998 4552 2042 4616 iis
2062 4550 2191 4616 4444444

281 4639 350 4700 118.
396 4635 484 4700 Haeo
504 4636 602 4720 4944444
627 4640 700 4700 tuno
719 4641 781 4701 tota
804 4638 869 4719 fuit
888 4640 1011 4702 rornaui
1032 4639 1165 4722 49444494
1216 4641 1371 4706 eollooatos
1392 4660 1471 4720 quae
1487 4639 1651 4705 4444444444
1671 4644 1699 4705 et
1713 4643 1860 4720 potestate
1880 4637 2020 4718 reliquas
2040 4637 2190 4702 antecede

186 4725 330 4800 potestas,
352 4742 502 4804 opponere
520 4742 554 4787 44
569 4721 759 4804 praefractus
780 4729 807 4787 et
826 4723 986 4789 indomitis
1002 4725 1164 4807 capitibus,
1216 4725 1492 4807 4444144944Ι
1479 4746 1515 4789 m
1536 4725 1660 4790 44444444
1681 4725 1856 4790 4444444444
1876 4724 2028 4789 aarum
2051 4724 2128 4805 tuit,
2155 4727 2190 4786 ut

191 4804 246 4868 ubi
266 4808 515 4873 minuatione
536 4807 641 4890 aliquo
661 4808 793 4874 rentodio
814 4829 893 4891 opus
913 4811 1112 4892 orat31dpue
1130 4816 1165 4876 ut
1216 4832 1295 4894 quae
1316 4813 1351 4875 iu
1367 4810 1453 4876 oioili
1476 4811 1694 4910 pubernatiene
1712 4811 1839 4908 primae
1859 4809 1949 4873 urbes
1970 4813 2067 4874 444444
2087 4808 2190 4873 444444-

192 4891 356 4957 adiuoorot
375 4893 453 4958 alin
473 4894 636 4976 episcopos,
657 4913 719 4958 non
738 4893 907 4978 inpediret.
936 4895 1047 4995 Itaque
1067 4881 1165 4962 444444
1216 4918 1274 4979 que
1289 4898 1478 4980 prooirwiae,
1495 4898 1623 4978 9444444
1639 4901 1736 4961 essent
1752 4897 1961 5025 episeopourm
1977 4895 2072 4960 sodes.
2103 4894 2191 4976 Quod

191 4976 253 5039 sibi
272 4977 390 5058 plus
378 5000 413 5043 44
439 4980 519 5045 alios
545 4980 655 5060 4444444,
688 5000 783 5063 quam
804 4980 986 5047 ommibus
972 5004 1008 5047 44
1035 5004 1068 5049 44
1088 4982 1165 5048 alibi
1217 5038 1383 5046 *-

1286 5118 1601 5187 1)Ι11..14.1)249131.
1689 5116 1895 5185 2)14914..116
1982 5116 2190 5182 3)Τ1140114444

260 5180 512 5262 1)14(1111441141411.
531 5187 640 5248 44,11·4111
655 5202 703 5266 op
694 5185 738 5237 st
756 5184 798 5238 68.
817 5186 862 5237 lib
881 5183 905 5238 2.
933 5187 978 5239 Aa
996 5188 1104 5240 Domini
1076 5205 1164 5240 mcum
1217 5186 1338 5255 49141415
1358 5189 1402 5239 111).
1423 5187 1445 5238 1.
1521 5187 1698 5254 4)Αη44.144
1717 5184 2189 5252 441144114914174125.11141.

192 5247 392 5318 Carthagma
335 5252 392 5318 4914
394 5268 497 5319 44911111,
516 5255 594 5321 epist.
612 5225 698 5306 14111111.
716 5254 762 5308 111).
780 5253 805 5307 2.
862 5252 893 5322 2)
910 5256 962 5325 [ip
953 5261 997 5310 41.
1015 5253 1056 5309 64.
1075 5257 1120 5309 111).
1141 5253 1164 5309 7
1217 5253 1291 5323 5)1)
1287 5257 1339 5358 4111
1340 5262 1392 5308 11.44
1411 5254 1452 5308 86.
