<?xml version="1.0" encoding="UTF-8"?>
<!DOCTYPE html PUBLIC "-//W3C//DTD XHTML 1.0 Transitional//EN"
    "http://www.w3.org/TR/xhtml1/DTD/xhtml1-transitional.dtd">
<html xmlns="http://www.w3.org/1999/xhtml" xml:lang="en" lang="en">
 <head>
  <title>
</title>
<meta http-equiv="Content-Type" content="text/html;charset=utf-8" />
  <meta name='ocr-system' content='tesseract 3.04.00' />
  <meta name='ocr-capabilities' content='ocr_page ocr_carea ocr_par ocr_line ocrx_word'/>
</head>
<body>
  <div class='ocr_page' id='page_1' title='image "./ioanniscalvinio05calvgoog_0373.png"; bbox 0 0 4770 6030; ppageno 0'>
   <div class='ocr_carea' id='block_1_1' title="bbox 224 297 2217 436">
    <p class='ocr_par' dir='ltr' id='par_1_1' title="bbox 224 297 2217 436">
     <span class='ocr_line' id='line_1_1' title="bbox 224 297 2217 436; baseline -0.003 -21"><span class='ocrx_word' id='word_1_1' title='bbox 224 355 285 415; x_wconf 80' lang='lat' dir='ltr'><em>eor</em></span> <span class='ocrx_word' id='word_1_2' title='bbox 552 431 553 436; x_wconf 8' lang='grc' dir='ltr'><strong><em>Ν</em></strong></span> <span class='ocrx_word' id='word_1_3' title='bbox 792 297 1058 411; x_wconf 68' lang='lat' dir='ltr'><em>mortonem</em></span> <span class='ocrx_word' id='word_1_4' title='bbox 1080 345 1184 412; x_wconf 70' lang='lat' dir='ltr'><em>Res.</em></span> <span class='ocrx_word' id='word_1_5' title='bbox 1208 344 1388 413; x_wconf 72' lang='lat' dir='ltr'><em>effinse.</em></span> <span class='ocrx_word' id='word_1_6' title='bbox 1414 349 1648 413; x_wconf 76' lang='lat' dir='ltr'><em>loeo-1554.</em></span> <span class='ocrx_word' id='word_1_7' title='bbox 1700 316 1703 323; x_wconf 73' lang='grc'><em>’</em></span> <span class='ocrx_word' id='word_1_8' title='bbox 2154 348 2217 410; x_wconf 85' lang='lat' dir='ltr'><em>sos</em></span> 
     </span>
    </p>
   </div>
   <div class='ocr_carea' id='block_1_2' title="bbox 93 444 2315 5067">
    <p class='ocr_par' dir='ltr' id='par_1_2' title="bbox 93 444 2315 5067">
     <span class='ocr_line' id='line_1_2' title="bbox 396 456 2218 525; baseline 0 -14"><span class='ocrx_word' id='word_1_9' title='bbox 396 507 399 511; x_wconf 83' lang='grc'><em>.</em></span> <span class='ocrx_word' id='word_1_10' title='bbox 1986 459 2097 525; x_wconf 78' lang='grc' dir='ltr'><em>Βιον;</em></span> <span class='ocrx_word' id='word_1_11' title='bbox 2114 456 2218 513; x_wconf 77' lang='lat' dir='ltr'><em>cles.</em></span> 
     </span>
     <span class='ocr_line' id='line_1_3' title="bbox 257 444 2219 616; baseline -0.002 -15"><span class='ocrx_word' id='word_1_12' title='bbox 257 567 260 579; x_wconf 59' lang='lat'><strong>⁴</strong></span> <span class='ocrx_word' id='word_1_13' title='bbox 312 541 379 601; x_wconf 82' lang='lat'>105.</span> <span class='ocrx_word' id='word_1_14' title='bbox 428 539 583 616; x_wconf 51' lang='lat' dir='ltr'><em>tetrardum</em></span> <span class='ocrx_word' id='word_1_15' title='bbox 605 535 647 598; x_wconf 88' lang='lat' dir='ltr'><em>ed</em></span> <span class='ocrx_word' id='word_1_16' title='bbox 662 535 822 614; x_wconf 74' lang='lat' dir='ltr'><em>primatus</em></span> <span class='ocrx_word' id='word_1_17' title='bbox 843 534 926 599; x_wconf 90' lang='lat' dir='ltr'><em>sedis</em></span> <span class='ocrx_word' id='word_1_18' title='bbox 947 552 1093 597; x_wconf 84' lang='lat' dir='ltr'><em>ronmnee</em></span> <span class='ocrx_word' id='word_1_19' title='bbox 1113 537 1195 595; x_wconf 79' lang='lat' dir='ltr'><em>netu</em></span> <span class='ocrx_word' id='word_1_20' title='bbox 1246 552 1325 612; x_wconf 91' lang='lat' dir='ltr'><em>opus</em></span> <span class='ocrx_word' id='word_1_21' title='bbox 1353 552 1416 595; x_wconf 90' lang='lat' dir='ltr'><em>esse</em></span> <span class='ocrx_word' id='word_1_22' title='bbox 1444 553 1519 607; x_wconf 86' lang='lat' dir='ltr'><em>noro</em></span> <span class='ocrx_word' id='word_1_23' title='bbox 1546 532 1609 596; x_wconf 87' lang='lat' dir='ltr'><em>alio</em></span> <span class='ocrx_word' id='word_1_24' title='bbox 1633 533 1780 613; x_wconf 81' lang='lat' dir='ltr'><em>praeside</em></span> <span class='ocrx_word' id='word_1_25' title='bbox 1803 532 1879 613; x_wconf 80' lang='lat' dir='ltr'><em>quia</em></span> <span class='ocrx_word' id='word_1_26' title='bbox 1904 552 1937 596; x_wconf 90' lang='lat' dir='ltr'><em>se</em></span> <span class='ocrx_word' id='word_1_27' title='bbox 1962 444 2219 616; x_wconf 74' lang='lat' dir='ltr'><em>elmle‘pesseraut</em></span> 
     </span>
     <span class='ocr_line' id='line_1_4' title="bbox 221 616 2218 700; baseline -0.003 -11"><span class='ocrx_word' id='word_1_28' title='bbox 221 628 337 700; x_wconf 79' lang='lat' dir='ltr'><em>statem</em></span> <span class='ocrx_word' id='word_1_29' title='bbox 350 620 429 684; x_wconf 83' lang='lat' dir='ltr'><em>nibil</em></span> <span class='ocrx_word' id='word_1_30' title='bbox 448 621 492 686; x_wconf 87' lang='lat' dir='ltr'><em>ad</em></span> <span class='ocrx_word' id='word_1_31' title='bbox 513 641 581 685; x_wconf 89' lang='lat' dir='ltr'><em>eam</em></span> <span class='ocrx_word' id='word_1_32' title='bbox 597 618 813 685; x_wconf 69' lang='lat' dir='ltr'><em>stabiliendam</em></span> <span class='ocrx_word' id='word_1_33' title='bbox 824 620 952 684; x_wconf 75' lang='lat' dir='ltr'><em>liabetur</em></span> <span class='ocrx_word' id='word_1_34' title='bbox 968 618 1129 699; x_wconf 78' lang='lat' dir='ltr'><em>antiquius</em></span> <span class='ocrx_word' id='word_1_35' title='bbox 1146 616 1195 681; x_wconf 91' lang='lat' dir='ltr'><em>de·</em></span> <span class='ocrx_word' id='word_1_36' title='bbox 1241 618 1380 698; x_wconf 89' lang='lat' dir='ltr'><em>priores,</em></span> <span class='ocrx_word' id='word_1_37' title='bbox 1403 622 1530 695; x_wconf 88' lang='lat' dir='ltr'><em>constet,</em></span> <span class='ocrx_word' id='word_1_38' title='bbox 1559 638 1654 700; x_wconf 78' lang='lat' dir='ltr'><em>neque</em></span> <span class='ocrx_word' id='word_1_39' title='bbox 1675 624 1745 682; x_wconf 89' lang='lat' dir='ltr'><em>ante</em></span> <span class='ocrx_word' id='word_1_40' title='bbox 1763 619 1864 698; x_wconf 79' lang='lat' dir='ltr'><em>fuisse</em></span> <span class='ocrx_word' id='word_1_41' title='bbox 1883 618 2013 699; x_wconf 78' lang='lat' dir='ltr'><em>factum,</em></span> <span class='ocrx_word' id='word_1_42' title='bbox 2036 639 2132 700; x_wconf 80' lang='lat' dir='ltr'><em>neque</em></span> <span class='ocrx_word' id='word_1_43' title='bbox 2145 640 2218 699; x_wconf 89' lang='lat' dir='ltr'><em>per-</em></span> 
     </span>
     <span class='ocr_line' id='line_1_5' title="bbox 221 703 2218 788; baseline -0.002 -15"><span class='ocrx_word' id='word_1_44' title='bbox 221 714 299 774; x_wconf 90' lang='lat' dir='ltr'><em>crcto</em></span> <span class='ocrx_word' id='word_1_45' title='bbox 317 707 372 771; x_wconf 91' lang='lat' dir='ltr'><em>illo</em></span> <span class='ocrx_word' id='word_1_46' title='bbox 392 707 502 788; x_wconf 74' lang='lat' dir='ltr'><em>synodi</em></span> <span class='ocrx_word' id='word_1_47' title='bbox 518 707 671 783; x_wconf 82' lang='lat' dir='ltr'><em>niceerrae,</em></span> <span class='ocrx_word' id='word_1_48' title='bbox 690 726 748 786; x_wconf 79' lang='lat' dir='ltr'><em>quo</em></span> <span class='ocrx_word' id='word_1_49' title='bbox 770 712 798 769; x_wconf 90' lang='lat' dir='ltr'><em>et</em></span> <span class='ocrx_word' id='word_1_50' title='bbox 813 706 942 786; x_wconf 87' lang='lat' dir='ltr'><em>primus</em></span> <span class='ocrx_word' id='word_1_51' title='bbox 958 706 1037 768; x_wconf 87' lang='lat' dir='ltr'><em>inter</em></span> <span class='ocrx_word' id='word_1_52' title='bbox 1053 703 1195 784; x_wconf 83' lang='lat' dir='ltr'><em>patriar·</em></span> <span class='ocrx_word' id='word_1_53' title='bbox 1240 708 1372 784; x_wconf 77' lang='lat' dir='ltr'><em>petuam</em></span> <span class='ocrx_word' id='word_1_54' title='bbox 1396 723 1461 767; x_wconf 89' lang='lat' dir='ltr'><em>esse</em></span> <span class='ocrx_word' id='word_1_55' title='bbox 1487 703 1607 781; x_wconf 90' lang='lat' dir='ltr'><em>debere;</em></span> <span class='ocrx_word' id='word_1_56' title='bbox 1633 705 1686 768; x_wconf 86' lang='lat' dir='ltr'><em>sed</em></span> <span class='ocrx_word' id='word_1_57' title='bbox 1707 704 1884 785; x_wconf 89' lang='lat' dir='ltr'><em>praesentis</em></span> <span class='ocrx_word' id='word_1_58' title='bbox 1909 705 2062 769; x_wconf 66' lang='lat' dir='ltr'><em>denudat</em></span> <span class='ocrx_word' id='word_1_59' title='bbox 2083 705 2218 787; x_wconf 89' lang='lat' dir='ltr'><em>periculi</em></span> 
     </span>
     <span class='ocr_line' id='line_1_6' title="bbox 221 788 2219 872; baseline -0.002 -14"><span class='ocrx_word' id='word_1_60' title='bbox 221 792 469 860; x_wconf 71' lang='lat' dir='ltr'><em>ducuntur</em></span> <span class='ocrx_word' id='word_1_61' title='bbox 496 792 579 856; x_wconf 80' lang='lat' dir='ltr'><em>loom</em></span> <span class='ocrx_word' id='word_1_62' title='bbox 609 811 736 855; x_wconf 75' lang='lat' dir='ltr'><em>cunano</em></span> <span class='ocrx_word' id='word_1_63' title='bbox 766 792 916 872; x_wconf 84' lang='lat' dir='ltr'><em>episeopo,</em></span> <span class='ocrx_word' id='word_1_64' title='bbox 948 788 1195 854; x_wconf 88' lang='lat' dir='ltr'><em>etsuburbanas</em></span> <span class='ocrx_word' id='word_1_65' title='bbox 1246 789 1361 852; x_wconf 88' lang='lat' dir='ltr'><em>intuitu</em></span> <span class='ocrx_word' id='word_1_66' title='bbox 1387 789 1466 869; x_wconf 70' lang='lat' dir='ltr'><em>[teri.</em></span> <span class='ocrx_word' id='word_1_67' title='bbox 1512 788 1659 854; x_wconf 90' lang='lat' dir='ltr'><em>Primum</em></span> <span class='ocrx_word' id='word_1_68' title='bbox 1686 790 1784 872; x_wconf 77' lang='lat' dir='ltr'><em>ipitur</em></span> <span class='ocrx_word' id='word_1_69' title='bbox 1810 789 1909 854; x_wconf 92' lang='lat' dir='ltr'><em>locum</em></span> <span class='ocrx_word' id='word_1_70' title='bbox 1937 789 2023 853; x_wconf 83' lang='lat' dir='ltr'><em>babet</em></span> <span class='ocrx_word' id='word_1_71' title='bbox 2045 791 2080 853; x_wconf 89' lang='lat' dir='ltr'><em>in</em></span> <span class='ocrx_word' id='word_1_72' title='bbox 2108 789 2219 855; x_wconf 86' lang='lat' dir='ltr'><em>clalce-</em></span> 
     </span>
     <span class='ocr_line' id='line_1_7' title="bbox 220 874 2220 956; baseline -0.002 -12"><span class='ocrx_word' id='word_1_73' title='bbox 220 879 361 944; x_wconf 75' lang='lat' dir='ltr'><em>uncum</em></span> <span class='ocrx_word' id='word_1_74' title='bbox 386 877 507 943; x_wconf 90' lang='lat' dir='ltr'><em>iubetur</em></span> <span class='ocrx_word' id='word_1_75' title='bbox 533 897 651 942; x_wconf 90' lang='lat' dir='ltr'><em>curare.</em></span> <span class='ocrx_word' id='word_1_76' title='bbox 704 876 765 942; x_wconf 85' lang='lat' dir='ltr'><em>Ubi</em></span> <span class='ocrx_word' id='word_1_77' title='bbox 793 877 954 941; x_wconf 76' lang='lat' dir='ltr'><em>curalium</em></span> <span class='ocrx_word' id='word_1_78' title='bbox 983 876 1028 940; x_wconf 87' lang='lat' dir='ltr'><em>sic</em></span> <span class='ocrx_word' id='word_1_79' title='bbox 1049 875 1128 938; x_wconf 88' lang='lat' dir='ltr'><em>inter</em></span> <span class='ocrx_word' id='word_1_80' title='bbox 1148 875 1195 955; x_wconf 89' lang='lat' dir='ltr'><em>ip·</em></span> <span class='ocrx_word' id='word_1_81' title='bbox 1247 874 1373 940; x_wconf 80' lang='lat' dir='ltr'><em>dorcensi</em></span> <span class='ocrx_word' id='word_1_82' title='bbox 1399 874 1523 939; x_wconf 89' lang='lat' dir='ltr'><em>concilio</em></span> <span class='ocrx_word' id='word_1_83' title='bbox 1544 876 1685 956; x_wconf 67' lang='lat' dir='ltr'><em>pontifex</em></span> <span class='ocrx_word' id='word_1_84' title='bbox 1704 895 1868 953; x_wconf 90' lang='lat' dir='ltr'><em>romanus,</em></span> <span class='ocrx_word' id='word_1_85' title='bbox 1895 895 1956 939; x_wconf 91' lang='lat' dir='ltr'><em>non</em></span> <span class='ocrx_word' id='word_1_86' title='bbox 1976 875 2057 954; x_wconf 80' lang='lat' dir='ltr'><em>quod</em></span> <span class='ocrx_word' id='word_1_87' title='bbox 2077 877 2144 940; x_wconf 88' lang='lat' dir='ltr'><em>sedi</em></span> <span class='ocrx_word' id='word_1_88' title='bbox 2164 876 2220 940; x_wconf 85' lang='lat' dir='ltr'><em>looc</em></span> 
     </span>
     <span class='ocr_line' id='line_1_8' title="bbox 93 959 2219 1046; baseline -0.001 -18"><span class='ocrx_word' id='word_1_89' title='bbox 93 1025 95 1028; x_wconf 84' lang='lat'>.</span> <span class='ocrx_word' id='word_1_90' title='bbox 219 985 291 1030; x_wconf 86' lang='lat' dir='ltr'><em>sum</em></span> <span class='ocrx_word' id='word_1_91' title='bbox 312 968 340 1027; x_wconf 90' lang='lat' dir='ltr'><em>et</em></span> <span class='ocrx_word' id='word_1_92' title='bbox 361 963 440 1028; x_wconf 87' lang='lat' dir='ltr'><em>elios</em></span> <span class='ocrx_word' id='word_1_93' title='bbox 455 964 637 1046; x_wconf 81' lang='lat' dir='ltr'><em>preeuntes</em></span> <span class='ocrx_word' id='word_1_94' title='bbox 649 961 673 1045; x_wconf 78' lang='lat'><em>¹)</em></span> <span class='ocrx_word' id='word_1_95' title='bbox 702 962 830 1040; x_wconf 83' lang='lat' dir='ltr'><em>diuidit,</em></span> <span class='ocrx_word' id='word_1_96' title='bbox 858 967 894 1026; x_wconf 91' lang='lat' dir='ltr'><em>ut</em></span> <span class='ocrx_word' id='word_1_97' title='bbox 913 961 1048 1044; x_wconf 79' lang='lat' dir='ltr'><em>sinpulis</em></span> <span class='ocrx_word' id='word_1_98' title='bbox 1068 960 1196 1040; x_wconf 75' lang='lat' dir='ltr'><em>suosd-</em></span> <span class='ocrx_word' id='word_1_99' title='bbox 1246 959 1401 1037; x_wconf 85' lang='lat' dir='ltr'><em>debeatur,</em></span> <span class='ocrx_word' id='word_1_100' title='bbox 1429 960 1483 1024; x_wconf 91' lang='lat' dir='ltr'><em>sed</em></span> <span class='ocrx_word' id='word_1_101' title='bbox 1509 962 1585 1039; x_wconf 81' lang='lat' dir='ltr'><em>quia</em></span> <span class='ocrx_word' id='word_1_102' title='bbox 1609 961 1744 1042; x_wconf 77' lang='lat' dir='ltr'><em>spindus</em></span> <span class='ocrx_word' id='word_1_103' title='bbox 1767 962 1858 1043; x_wconf 82' lang='lat' dir='ltr'><em>praei</em></span> <span class='ocrx_word' id='word_1_104' title='bbox 1884 966 1913 1025; x_wconf 90' lang='lat' dir='ltr'><em>et</em></span> <span class='ocrx_word' id='word_1_105' title='bbox 1939 965 2011 1043; x_wconf 90' lang='lat' dir='ltr'><em>apto</em></span> <span class='ocrx_word' id='word_1_106' title='bbox 2031 961 2219 1027; x_wconf 78' lang='lat' dir='ltr'><em>moderatore</em></span> 
     </span>
     <span class='ocr_line' id='line_1_9' title="bbox 220 1046 2218 1131; baseline -0.002 -16"><span class='ocrx_word' id='word_1_107' title='bbox 220 1070 275 1115; x_wconf 90' lang='lat' dir='ltr'><em>nes</em></span> <span class='ocrx_word' id='word_1_108' title='bbox 302 1049 452 1131; x_wconf 82' lang='lat' dir='ltr'><em>assipnet:</em></span> <span class='ocrx_word' id='word_1_109' title='bbox 479 1055 555 1114; x_wconf 80' lang='lat' dir='ltr'><em>certe</em></span> <span class='ocrx_word' id='word_1_110' title='bbox 575 1069 637 1113; x_wconf 90' lang='lat' dir='ltr'><em>non</em></span> <span class='ocrx_word' id='word_1_111' title='bbox 663 1069 732 1112; x_wconf 87' lang='lat' dir='ltr'><em>curn</em></span> <span class='ocrx_word' id='word_1_112' title='bbox 753 1049 907 1112; x_wconf 80' lang='lat' dir='ltr'><em>comtduit</em></span> <span class='ocrx_word' id='word_1_113' title='bbox 934 1048 1072 1111; x_wconf 84' lang='lat' dir='ltr'><em>annium</em></span> <span class='ocrx_word' id='word_1_114' title='bbox 1093 1051 1194 1126; x_wconf 89' lang='lat' dir='ltr'><em>caput,</em></span> <span class='ocrx_word' id='word_1_115' title='bbox 1247 1046 1435 1124; x_wconf 87' lang='lat' dir='ltr'><em>destituitur,</em></span> <span class='ocrx_word' id='word_1_116' title='bbox 1463 1046 1538 1109; x_wconf 87' lang='lat' dir='ltr'><em>dnm</em></span> <span class='ocrx_word' id='word_1_117' title='bbox 1566 1046 1593 1109; x_wconf 88' lang='lat' dir='ltr'><em>ii</em></span> <span class='ocrx_word' id='word_1_118' title='bbox 1614 1064 1690 1126; x_wconf 79' lang='lat' dir='ltr'><em>quos</em></span> <span class='ocrx_word' id='word_1_119' title='bbox 1705 1066 1850 1127; x_wconf 89' lang='lat' dir='ltr'><em>praeesse</em></span> <span class='ocrx_word' id='word_1_120' title='bbox 1871 1047 2027 1124; x_wconf 77' lang='lat' dir='ltr'><em>decunct,</em></span> <span class='ocrx_word' id='word_1_121' title='bbox 2044 1067 2105 1128; x_wconf 90' lang='lat' dir='ltr'><em>per</em></span> <span class='ocrx_word' id='word_1_122' title='bbox 2126 1068 2218 1111; x_wconf 72' lang='lat' dir='ltr'><em>uram</em></span> 
     </span>
     <span class='ocr_line' id='line_1_10' title="bbox 220 1131 2218 1216; baseline -0.002 -15"><span class='ocrx_word' id='word_1_123' title='bbox 220 1136 274 1201; x_wconf 89' lang='lat' dir='ltr'><em>scd</em></span> <span class='ocrx_word' id='word_1_124' title='bbox 294 1154 393 1198; x_wconf 90' lang='lat' dir='ltr'><em>unum</em></span> <span class='ocrx_word' id='word_1_125' title='bbox 413 1156 451 1198; x_wconf 85' lang='lat' dir='ltr'><em>en</em></span> <span class='ocrx_word' id='word_1_126' title='bbox 467 1135 650 1216; x_wconf 73' lang='lat' dir='ltr'><em>praecipuis</em></span> <span class='ocrx_word' id='word_1_127' title='bbox 669 1134 753 1215; x_wconf 76' lang='lat' dir='ltr'><em>facit.</em></span> <span class='ocrx_word' id='word_1_128' title='bbox 787 1133 928 1197; x_wconf 87' lang='lat' dir='ltr'><em>Aderant</em></span> <span class='ocrx_word' id='word_1_129' title='bbox 958 1132 1049 1196; x_wconf 87' lang='lat' dir='ltr'><em>Vitus</em></span> <span class='ocrx_word' id='word_1_130' title='bbox 1070 1137 1097 1196; x_wconf 90' lang='lat' dir='ltr'><em>et</em></span> <span class='ocrx_word' id='word_1_131' title='bbox 1121 1131 1197 1194; x_wconf 90' lang='lat' dir='ltr'><em>Vin·</em></span> <span class='ocrx_word' id='word_1_132' title='bbox 1245 1132 1454 1212; x_wconf 82' lang='lat' dir='ltr'><em>intemperiem</em></span> <span class='ocrx_word' id='word_1_133' title='bbox 1479 1136 1507 1194; x_wconf 88' lang='lat' dir='ltr'><em>et</em></span> <span class='ocrx_word' id='word_1_134' title='bbox 1532 1131 1692 1195; x_wconf 76' lang='lat' dir='ltr'><em>libidinem</em></span> <span class='ocrx_word' id='word_1_135' title='bbox 1716 1152 1781 1196; x_wconf 88' lang='lat' dir='ltr'><em>sese</em></span> <span class='ocrx_word' id='word_1_136' title='bbox 1808 1132 1869 1196; x_wconf 93' lang='lat' dir='ltr'><em>loco</em></span> <span class='ocrx_word' id='word_1_137' title='bbox 1896 1132 2067 1196; x_wconf 83' lang='lat' dir='ltr'><em>ecdudunt.</em></span> <span class='ocrx_word' id='word_1_138' title='bbox 2115 1133 2218 1213; x_wconf 81' lang='lat' dir='ltr'><em>Atque</em></span> 
     </span>
     <span class='ocr_line' id='line_1_11' title="bbox 220 1217 2217 1301; baseline -0.002 -15"><span class='ocrx_word' id='word_1_139' title='bbox 220 1222 338 1286; x_wconf 87' lang='lat' dir='ltr'><em>centius</em></span> <span class='ocrx_word' id='word_1_140' title='bbox 358 1219 439 1283; x_wconf 81' lang='lat' dir='ltr'><em>Iulii</em></span> <span class='ocrx_word' id='word_1_141' title='bbox 459 1221 591 1297; x_wconf 77' lang='lat' dir='ltr'><em>immine,</em></span> <span class='ocrx_word' id='word_1_142' title='bbox 615 1220 670 1301; x_wconf 81' lang='lat' dir='ltr'><em>qui</em></span> <span class='ocrx_word' id='word_1_143' title='bbox 691 1240 852 1283; x_wconf 78' lang='lat' dir='ltr'><em>romanam</em></span> <span class='ocrx_word' id='word_1_144' title='bbox 872 1218 1030 1283; x_wconf 86' lang='lat' dir='ltr'><em>ecclesiam</em></span> <span class='ocrx_word' id='word_1_145' title='bbox 1051 1221 1122 1281; x_wconf 91' lang='lat' dir='ltr'><em>tunc</em></span> <span class='ocrx_word' id='word_1_146' title='bbox 1139 1237 1195 1298; x_wconf 78' lang='lat' dir='ltr'><em>pu</em></span> <span class='ocrx_word' id='word_1_147' title='bbox 1246 1217 1281 1280; x_wconf 90' lang='lat' dir='ltr'><em>id</em></span> <span class='ocrx_word' id='word_1_148' title='bbox 1313 1218 1393 1297; x_wconf 71' lang='lat' dir='ltr'><em>meod</em></span> <span class='ocrx_word' id='word_1_149' title='bbox 1424 1217 1491 1281; x_wconf 91' lang='lat' dir='ltr'><em>dico</em></span> <span class='ocrx_word' id='word_1_150' title='bbox 1522 1237 1675 1281; x_wconf 75' lang='lat' dir='ltr'><em>successor</em></span> <span class='ocrx_word' id='word_1_151' title='bbox 1708 1218 1822 1282; x_wconf 90' lang='lat' dir='ltr'><em>Leonis</em></span> <span class='ocrx_word' id='word_1_152' title='bbox 1848 1239 1882 1281; x_wconf 90' lang='lat' dir='ltr'><em>re</em></span> <span class='ocrx_word' id='word_1_153' title='bbox 1908 1218 1981 1298; x_wconf 89' lang='lat' dir='ltr'><em>ipsa</em></span> <span class='ocrx_word' id='word_1_154' title='bbox 2007 1218 2217 1299; x_wconf 85' lang='lat' dir='ltr'><em>comprobarit.</em></span> 
     </span>
     <span class='ocr_line' id='line_1_12' title="bbox 221 1301 2218 1386; baseline -0.002 -15"><span class='ocrx_word' id='word_1_155' title='bbox 221 1307 374 1371; x_wconf 84' lang='lat' dir='ltr'><em>beroabat.</em></span> <span class='ocrx_word' id='word_1_156' title='bbox 419 1304 470 1369; x_wconf 91' lang='lat' dir='ltr'><em>Iis</em></span> <span class='ocrx_word' id='word_1_157' title='bbox 496 1307 588 1370; x_wconf 84' lang='lat' dir='ltr'><em>datus</em></span> <span class='ocrx_word' id='word_1_158' title='bbox 620 1309 663 1368; x_wconf 92' lang='lat' dir='ltr'><em>est</em></span> <span class='ocrx_word' id='word_1_159' title='bbox 693 1310 824 1386; x_wconf 81' lang='lat' dir='ltr'><em>quartus</em></span> <span class='ocrx_word' id='word_1_160' title='bbox 849 1305 941 1369; x_wconf 85' lang='lat' dir='ltr'><em>locus.</em></span> <span class='ocrx_word' id='word_1_161' title='bbox 993 1302 1136 1380; x_wconf 91' lang='lat' dir='ltr'><em>Obsecro,</em></span> <span class='ocrx_word' id='word_1_162' title='bbox 1164 1301 1195 1365; x_wconf 86' lang='lat' dir='ltr'><em>si</em></span> <span class='ocrx_word' id='word_1_163' title='bbox 1248 1301 1411 1383; x_wconf 79' lang='lat' dir='ltr'><em>Siquidem</em></span> <span class='ocrx_word' id='word_1_164' title='bbox 1436 1322 1534 1384; x_wconf 78' lang='lat' dir='ltr'><em>quum</em></span> <span class='ocrx_word' id='word_1_165' title='bbox 1560 1304 1602 1367; x_wconf 88' lang='lat' dir='ltr'><em>ad</em></span> <span class='ocrx_word' id='word_1_166' title='bbox 1633 1304 1773 1383; x_wconf 80' lang='lat' dir='ltr'><em>quintam</em></span> <span class='ocrx_word' id='word_1_167' title='bbox 1799 1304 1949 1385; x_wconf 74' lang='lat' dir='ltr'><em>synodum</em></span> <span class='ocrx_word' id='word_1_168' title='bbox 1982 1305 2218 1386; x_wconf 75' lang='lat' dir='ltr'><em>contantinopo</em></span> 
     </span>
     <span class='ocr_line' id='line_1_13' title="bbox 221 1388 2219 1474; baseline -0.001 -18"><span class='ocrx_word' id='word_1_169' title='bbox 221 1396 314 1474; x_wconf 86' lang='lat' dir='ltr'><em>ceput</em></span> <span class='ocrx_word' id='word_1_170' title='bbox 335 1391 474 1455; x_wconf 78' lang='lat' dir='ltr'><em>melesius</em></span> <span class='ocrx_word' id='word_1_171' title='bbox 495 1396 706 1474; x_wconf 74' lang='lat' dir='ltr'><em>aquesceretur</em></span> <span class='ocrx_word' id='word_1_172' title='bbox 728 1389 843 1468; x_wconf 88' lang='lat' dir='ltr'><em>Iulius,</em></span> <span class='ocrx_word' id='word_1_173' title='bbox 868 1411 910 1453; x_wconf 89' lang='lat' dir='ltr'><em>on</em></span> <span class='ocrx_word' id='word_1_174' title='bbox 932 1389 966 1453; x_wconf 88' lang='lat' dir='ltr'><em>in</em></span> <span class='ocrx_word' id='word_1_175' title='bbox 987 1393 1131 1470; x_wconf 81' lang='lat' dir='ltr'><em>quartem</em></span> <span class='ocrx_word' id='word_1_176' title='bbox 1150 1408 1196 1451; x_wconf 89' lang='lat' dir='ltr'><em>se-</em></span> <span class='ocrx_word' id='word_1_177' title='bbox 1245 1388 1392 1467; x_wconf 91' lang='lat' dir='ltr'><em>litonam,</em></span> <span class='ocrx_word' id='word_1_178' title='bbox 1425 1409 1505 1469; x_wconf 82' lang='lat' dir='ltr'><em>quoe</em></span> <span class='ocrx_word' id='word_1_179' title='bbox 1526 1389 1612 1472; x_wconf 80' lang='lat' dir='ltr'><em>leupo</em></span> <span class='ocrx_word' id='word_1_180' title='bbox 1632 1393 1705 1470; x_wconf 90' lang='lat' dir='ltr'><em>post</em></span> <span class='ocrx_word' id='word_1_181' title='bbox 1724 1393 1854 1469; x_wconf 89' lang='lat' dir='ltr'><em>tempore</em></span> <span class='ocrx_word' id='word_1_182' title='bbox 1880 1395 1925 1453; x_wconf 87' lang='lat' dir='ltr'><em>est</em></span> <span class='ocrx_word' id='word_1_183' title='bbox 1955 1388 2074 1467; x_wconf 80' lang='lat' dir='ltr'><em>latita,</em></span> <span class='ocrx_word' id='word_1_184' title='bbox 2107 1389 2219 1473; x_wconf 78' lang='lat' dir='ltr'><em>leputos</em></span> 
     </span>
     <span class='ocr_line' id='line_1_14' title="bbox 222 1473 2219 1559; baseline -0.003 -15"><span class='ocrx_word' id='word_1_185' title='bbox 222 1480 291 1544; x_wconf 88' lang='lat' dir='ltr'><em>dem</em></span> <span class='ocrx_word' id='word_1_186' title='bbox 311 1478 507 1541; x_wconf 81' lang='lat' dir='ltr'><em>reiicereruur</em></span> <span class='ocrx_word' id='word_1_187' title='bbox 528 1478 596 1541; x_wconf 88' lang='lat' dir='ltr'><em>eius</em></span> <span class='ocrx_word' id='word_1_188' title='bbox 617 1476 734 1559; x_wconf 75' lang='lat' dir='ltr'><em>tapeti?</em></span> <span class='ocrx_word' id='word_1_189' title='bbox 770 1478 827 1539; x_wconf 84' lang='lat' dir='ltr'><em>An</em></span> <span class='ocrx_word' id='word_1_190' title='bbox 842 1475 1035 1555; x_wconf 75' lang='lat' dir='ltr'><em>praesideret</em></span> <span class='ocrx_word' id='word_1_191' title='bbox 1054 1473 1195 1536; x_wconf 81' lang='lat' dir='ltr'><em>Albana</em></span> <span class='ocrx_word' id='word_1_192' title='bbox 1245 1494 1320 1538; x_wconf 90' lang='lat' dir='ltr'><em>snos</em></span> <span class='ocrx_word' id='word_1_193' title='bbox 1340 1474 1476 1552; x_wconf 86' lang='lat' dir='ltr'><em>mitteret,</em></span> <span class='ocrx_word' id='word_1_194' title='bbox 1499 1494 1560 1537; x_wconf 79' lang='lat' dir='ltr'><em>omn</em></span> <span class='ocrx_word' id='word_1_195' title='bbox 1580 1475 1705 1538; x_wconf 84' lang='lat' dir='ltr'><em>riuatus</em></span> <span class='ocrx_word' id='word_1_196' title='bbox 1723 1479 1768 1538; x_wconf 82' lang='lat' dir='ltr'><em>est</em></span> <span class='ocrx_word' id='word_1_197' title='bbox 1787 1475 1825 1538; x_wconf 92' lang='lat' dir='ltr'><em>de</em></span> <span class='ocrx_word' id='word_1_198' title='bbox 1836 1475 1946 1555; x_wconf 90' lang='lat' dir='ltr'><em>prima</em></span> <span class='ocrx_word' id='word_1_199' title='bbox 1962 1475 2039 1553; x_wconf 91' lang='lat' dir='ltr'><em>sede,</em></span> <span class='ocrx_word' id='word_1_200' title='bbox 2061 1475 2115 1538; x_wconf 83' lang='lat' dir='ltr'><em>sel</em></span> <span class='ocrx_word' id='word_1_201' title='bbox 2133 1474 2219 1541; x_wconf 81' lang='lat' dir='ltr'><em>Merr-</em></span> 
     </span>
     <span class='ocr_line' id='line_1_15' title="bbox 221 1559 2221 1643; baseline -0.001 -16"><span class='ocrx_word' id='word_1_202' title='bbox 221 1564 345 1628; x_wconf 86' lang='lat' dir='ltr'><em>sinsin</em></span> <span class='ocrx_word' id='word_1_203' title='bbox 366 1563 505 1640; x_wconf 89' lang='lat' dir='ltr'><em>concilio,</em></span> <span class='ocrx_word' id='word_1_204' title='bbox 534 1562 589 1625; x_wconf 88' lang='lat' dir='ltr'><em>ubi</em></span> <span class='ocrx_word' id='word_1_205' title='bbox 610 1562 745 1626; x_wconf 79' lang='lat' dir='ltr'><em>maxime</em></span> <span class='ocrx_word' id='word_1_206' title='bbox 766 1561 880 1625; x_wconf 88' lang='lat' dir='ltr'><em>elucere</em></span> <span class='ocrx_word' id='word_1_207' title='bbox 908 1559 990 1625; x_wconf 89' lang='lat' dir='ltr'><em>debet</em></span> <span class='ocrx_word' id='word_1_208' title='bbox 1010 1559 1127 1642; x_wconf 69' lang='lat' dir='ltr'><em>effipies</em></span> <span class='ocrx_word' id='word_1_209' title='bbox 1147 1579 1195 1622; x_wconf 91' lang='lat' dir='ltr'><em>or-</em></span> <span class='ocrx_word' id='word_1_210' title='bbox 1246 1580 1320 1623; x_wconf 89' lang='lat' dir='ltr'><em>uam</em></span> <span class='ocrx_word' id='word_1_211' title='bbox 1343 1559 1559 1640; x_wconf 72' lang='lat' dir='ltr'><em>patriarcham</em></span> <span class='ocrx_word' id='word_1_212' title='bbox 1585 1560 1945 1641; x_wconf 87' lang='lat' dir='ltr'><em>constontinopolitonmn</em></span> <span class='ocrx_word' id='word_1_213' title='bbox 1965 1560 2146 1641; x_wconf 83' lang='lat' dir='ltr'><em>praesidere</em></span> <span class='ocrx_word' id='word_1_214' title='bbox 2170 1562 2221 1643; x_wconf 73' lang='lat' dir='ltr'><em>fa</em></span> 
     </span>
     <span class='ocr_line' id='line_1_16' title="bbox 221 1642 2220 1728; baseline -0.002 -14"><span class='ocrx_word' id='word_1_215' title='bbox 221 1650 307 1714; x_wconf 88' lang='lat' dir='ltr'><em>dinis</em></span> <span class='ocrx_word' id='word_1_216' title='bbox 328 1647 537 1712; x_wconf 73' lang='lat' dir='ltr'><em>hierarchici?</em></span> <span class='ocrx_word' id='word_1_217' title='bbox 579 1647 623 1710; x_wconf 82' lang='lat' dir='ltr'><em>Jn</em></span> <span class='ocrx_word' id='word_1_218' title='bbox 642 1648 756 1728; x_wconf 78' lang='lat' dir='ltr'><em>spriada</em></span> <span class='ocrx_word' id='word_1_219' title='bbox 783 1646 929 1728; x_wconf 76' lang='lat' dir='ltr'><em>ephesina</em></span> <span class='ocrx_word' id='word_1_220' title='bbox 948 1650 1078 1727; x_wconf 87' lang='lat' dir='ltr'><em>apparet</em></span> <span class='ocrx_word' id='word_1_221' title='bbox 1099 1642 1196 1709; x_wconf 82' lang='lat' dir='ltr'><em>Goele-</em></span> <span class='ocrx_word' id='word_1_222' title='bbox 1247 1644 1303 1709; x_wconf 90' lang='lat' dir='ltr'><em>cile</em></span> <span class='ocrx_word' id='word_1_223' title='bbox 1325 1666 1445 1726; x_wconf 86' lang='lat' dir='ltr'><em>passus</em></span> <span class='ocrx_word' id='word_1_224' title='bbox 1465 1651 1515 1709; x_wconf 85' lang='lat' dir='ltr'><em>est.</em></span> <span class='ocrx_word' id='word_1_225' title='bbox 1561 1644 1615 1710; x_wconf 86' lang='lat' dir='ltr'><em>lta</em></span> <span class='ocrx_word' id='word_1_226' title='bbox 1635 1647 1670 1709; x_wconf 89' lang='lat' dir='ltr'><em>in</em></span> <span class='ocrx_word' id='word_1_227' title='bbox 1691 1645 1815 1710; x_wconf 87' lang='lat' dir='ltr'><em>concilio</em></span> <span class='ocrx_word' id='word_1_228' title='bbox 1840 1645 2078 1728; x_wconf 66' lang='lat' dir='ltr'><em>cermopinensi,</em></span> <span class='ocrx_word' id='word_1_229' title='bbox 2100 1647 2152 1710; x_wconf 89' lang='lat' dir='ltr'><em>cui</em></span> <span class='ocrx_word' id='word_1_230' title='bbox 2173 1647 2220 1710; x_wconf 83' lang='lat' dir='ltr'><em>in</em></span> 
     </span>
     <span class='ocr_line' id='line_1_17' title="bbox 221 1730 2219 1815; baseline -0.002 -16"><span class='ocrx_word' id='word_1_231' title='bbox 221 1736 351 1811; x_wconf 91' lang='lat' dir='ltr'><em>stinum,</em></span> <span class='ocrx_word' id='word_1_232' title='bbox 379 1734 435 1813; x_wconf 77' lang='lat' dir='ltr'><em>qui</em></span> <span class='ocrx_word' id='word_1_233' title='bbox 455 1739 526 1796; x_wconf 92' lang='lat' dir='ltr'><em>tunc</em></span> <span class='ocrx_word' id='word_1_234' title='bbox 543 1733 685 1814; x_wconf 79' lang='lat' dir='ltr'><em>pontifex</em></span> <span class='ocrx_word' id='word_1_235' title='bbox 711 1738 777 1796; x_wconf 87' lang='lat' dir='ltr'><em>eret</em></span> <span class='ocrx_word' id='word_1_236' title='bbox 796 1751 958 1809; x_wconf 88' lang='lat' dir='ltr'><em>romanus,</em></span> <span class='ocrx_word' id='word_1_237' title='bbox 981 1730 1100 1811; x_wconf 80' lang='lat' dir='ltr'><em>obliquo</em></span> <span class='ocrx_word' id='word_1_238' title='bbox 1121 1730 1197 1793; x_wconf 80' lang='lat' dir='ltr'><em>arti</em></span> <span class='ocrx_word' id='word_1_239' title='bbox 1245 1731 1351 1812; x_wconf 75' lang='lat' dir='ltr'><em>terfuit</em></span> <span class='ocrx_word' id='word_1_240' title='bbox 1373 1731 1584 1814; x_wconf 79' lang='lat' dir='ltr'><em>Aupustinus,</em></span> <span class='ocrx_word' id='word_1_241' title='bbox 1613 1732 1753 1796; x_wconf 87' lang='lat' dir='ltr'><em>videmus</em></span> <span class='ocrx_word' id='word_1_242' title='bbox 1772 1751 1833 1796; x_wconf 91' lang='lat' dir='ltr'><em>non</em></span> <span class='ocrx_word' id='word_1_243' title='bbox 1859 1731 1972 1815; x_wconf 80' lang='lat' dir='ltr'><em>lepetos</em></span> <span class='ocrx_word' id='word_1_244' title='bbox 1996 1752 2142 1796; x_wconf 79' lang='lat' dir='ltr'><em>ronranae</em></span> <span class='ocrx_word' id='word_1_245' title='bbox 2173 1752 2219 1796; x_wconf 90' lang='lat' dir='ltr'><em>se-</em></span> 
     </span>
     <span class='ocr_line' id='line_1_18' title="bbox 151 1815 2219 1902; baseline -0 -19"><span class='ocrx_word' id='word_1_246' title='bbox 151 1893 154 1902; x_wconf 45' lang='lat'><em>,</em></span> <span class='ocrx_word' id='word_1_247' title='bbox 219 1821 290 1902; x_wconf 74' lang='lat' dir='ltr'><em>sicco</em></span> <span class='ocrx_word' id='word_1_248' title='bbox 311 1840 404 1884; x_wconf 86' lang='lat' dir='ltr'><em>usum</em></span> <span class='ocrx_word' id='word_1_249' title='bbox 425 1838 490 1883; x_wconf 88' lang='lat' dir='ltr'><em>esse</em></span> <span class='ocrx_word' id='word_1_250' title='bbox 515 1823 550 1881; x_wconf 94' lang='lat' dir='ltr'><em>ut</em></span> <span class='ocrx_word' id='word_1_251' title='bbox 570 1819 654 1882; x_wconf 91' lang='lat' dir='ltr'><em>sedis</em></span> <span class='ocrx_word' id='word_1_252' title='bbox 674 1839 751 1882; x_wconf 86' lang='lat' dir='ltr'><em>suae</em></span> <span class='ocrx_word' id='word_1_253' title='bbox 777 1818 922 1900; x_wconf 76' lang='lat' dir='ltr'><em>dipnitati</em></span> <span class='ocrx_word' id='word_1_254' title='bbox 943 1821 1066 1881; x_wconf 81' lang='lat' dir='ltr'><em>carue.</em></span> <span class='ocrx_word' id='word_1_255' title='bbox 1109 1815 1197 1879; x_wconf 88' lang='lat' dir='ltr'><em>Nam</em></span> <span class='ocrx_word' id='word_1_256' title='bbox 1247 1817 1316 1894; x_wconf 91' lang='lat' dir='ltr'><em>dis,</em></span> <span class='ocrx_word' id='word_1_257' title='bbox 1356 1818 1411 1881; x_wconf 90' lang='lat' dir='ltr'><em>sed</em></span> <span class='ocrx_word' id='word_1_258' title='bbox 1442 1816 1609 1882; x_wconf 87' lang='lat' dir='ltr'><em>Aurelium</em></span> <span class='ocrx_word' id='word_1_259' title='bbox 1647 1817 1705 1883; x_wconf 89' lang='lat' dir='ltr'><em>loci</em></span> <span class='ocrx_word' id='word_1_260' title='bbox 1737 1816 1998 1898; x_wconf 79' lang='lat' dir='ltr'><em>archiepiscopum</em></span> <span class='ocrx_word' id='word_1_261' title='bbox 2023 1819 2219 1898; x_wconf 74' lang='lat' dir='ltr'><em>praefuisse5</em></span> 
     </span>
     <span class='ocr_line' id='line_1_19' title="bbox 222 1900 2218 1988; baseline -0.001 -19"><span class='ocrx_word' id='word_1_262' title='bbox 222 1926 319 1988; x_wconf 79' lang='lat' dir='ltr'><em>quum</em></span> <span class='ocrx_word' id='word_1_263' title='bbox 339 1905 468 1969; x_wconf 69' lang='lat' dir='ltr'><em>minuet</em></span> <span class='ocrx_word' id='word_1_264' title='bbox 484 1904 559 1968; x_wconf 90' lang='lat' dir='ltr'><em>illuc</em></span> <span class='ocrx_word' id='word_1_265' title='bbox 579 1924 660 1981; x_wconf 90' lang='lat' dir='ltr'><em>suos,</em></span> <span class='ocrx_word' id='word_1_266' title='bbox 685 1901 799 1984; x_wconf 82' lang='lat' dir='ltr'><em>Oprillo</em></span> <span class='ocrx_word' id='word_1_267' title='bbox 816 1903 1027 1979; x_wconf 71' lang='lat' dir='ltr'><em>alexaudriae,</em></span> <span class='ocrx_word' id='word_1_268' title='bbox 1049 1902 1103 1982; x_wconf 80' lang='lat' dir='ltr'><em>qui</em></span> <span class='ocrx_word' id='word_1_269' title='bbox 1121 1900 1196 1964; x_wconf 88' lang='lat' dir='ltr'><em>alio-</em></span> <span class='ocrx_word' id='word_1_270' title='bbox 1248 1922 1343 1983; x_wconf 79' lang='lat' dir='ltr'><em>quum</em></span> <span class='ocrx_word' id='word_1_271' title='bbox 1365 1908 1466 1967; x_wconf 83' lang='lat' dir='ltr'><em>tornea</em></span> <span class='ocrx_word' id='word_1_272' title='bbox 1493 1902 1535 1967; x_wconf 91' lang='lat' dir='ltr'><em>lis</em></span> <span class='ocrx_word' id='word_1_273' title='bbox 1560 1909 1637 1968; x_wconf 90' lang='lat' dir='ltr'><em>esset</em></span> <span class='ocrx_word' id='word_1_274' title='bbox 1663 1905 1701 1968; x_wconf 91' lang='lat' dir='ltr'><em>de</em></span> <span class='ocrx_word' id='word_1_275' title='bbox 1727 1905 1850 1968; x_wconf 89' lang='lat' dir='ltr'><em>romani</em></span> <span class='ocrx_word' id='word_1_276' title='bbox 1871 1904 2028 1987; x_wconf 79' lang='lat' dir='ltr'><em>pontificis</em></span> <span class='ocrx_word' id='word_1_277' title='bbox 2049 1904 2218 1967; x_wconf 83' lang='lat' dir='ltr'><em>autoritate.</em></span> 
     </span>
     <span class='ocr_line' id='line_1_20' title="bbox 222 1987 2315 2072; baseline -0.002 -17"><span class='ocrx_word' id='word_1_278' title='bbox 222 1993 277 2072; x_wconf 76' lang='lat' dir='ltr'><em>qui</em></span> <span class='ocrx_word' id='word_1_279' title='bbox 292 1991 501 2072; x_wconf 75' lang='lat' dir='ltr'><em>praefuturus</em></span> <span class='ocrx_word' id='word_1_280' title='bbox 521 1995 602 2068; x_wconf 76' lang='lat' dir='ltr'><em>mat,</em></span> <span class='ocrx_word' id='word_1_281' title='bbox 630 1990 710 2053; x_wconf 81' lang='lat' dir='ltr'><em>uices</em></span> <span class='ocrx_word' id='word_1_282' title='bbox 730 2008 808 2052; x_wconf 85' lang='lat' dir='ltr'><em>suas</em></span> <span class='ocrx_word' id='word_1_283' title='bbox 828 1988 995 2052; x_wconf 80' lang='lat' dir='ltr'><em>neundaoit.</em></span> <span class='ocrx_word' id='word_1_284' title='bbox 1043 1993 1196 2067; x_wconf 66' lang='lat' dir='ltr'><em>Quorsmn</em></span> <span class='ocrx_word' id='word_1_285' title='bbox 1251 1988 1334 2068; x_wconf 77' lang='lat' dir='ltr'><em>Quin</em></span> <span class='ocrx_word' id='word_1_286' title='bbox 1355 1989 1448 2052; x_wconf 90' lang='lat' dir='ltr'><em>etiam</em></span> <span class='ocrx_word' id='word_1_287' title='bbox 1465 1988 1604 2052; x_wconf 79' lang='lat' dir='ltr'><em>meeum</em></span> <span class='ocrx_word' id='word_1_288' title='bbox 1624 1989 1660 2053; x_wconf 89' lang='lat' dir='ltr'><em>in</em></span> <span class='ocrx_word' id='word_1_289' title='bbox 1680 1990 1753 2071; x_wconf 89' lang='lat' dir='ltr'><em>ipse</em></span> <span class='ocrx_word' id='word_1_290' title='bbox 1771 1988 1870 2053; x_wconf 86' lang='lat' dir='ltr'><em>Italia</em></span> <span class='ocrx_word' id='word_1_291' title='bbox 1889 1989 1952 2071; x_wconf 77' lang='lat' dir='ltr'><em>tuit</em></span> <span class='ocrx_word' id='word_1_292' title='bbox 1972 1987 2134 2054; x_wconf 85' lang='lat' dir='ltr'><em>concilium</em></span> <span class='ocrx_word' id='word_1_293' title='bbox 2150 1990 2221 2052; x_wconf 81' lang='lat' dir='ltr'><em>nni</em></span> <span class='ocrx_word' id='word_1_294' title='bbox 2308 1997 2315 2022; x_wconf 84' lang='lat'><strong><em>¹</em></strong></span> 
     </span>
     <span class='ocr_line' id='line_1_21' title="bbox 223 2071 2222 2158; baseline -0.001 -18"><span class='ocrx_word' id='word_1_295' title='bbox 223 2076 309 2142; x_wconf 89' lang='lat' dir='ltr'><em>istud</em></span> <span class='ocrx_word' id='word_1_296' title='bbox 329 2075 520 2153; x_wconf 86' lang='lat' dir='ltr'><em>mandatum,</em></span> <span class='ocrx_word' id='word_1_297' title='bbox 542 2075 608 2138; x_wconf 87' lang='lat' dir='ltr'><em>nisi</em></span> <span class='ocrx_word' id='word_1_298' title='bbox 626 2081 661 2139; x_wconf 92' lang='lat' dir='ltr'><em>ut</em></span> <span class='ocrx_word' id='word_1_299' title='bbox 682 2075 791 2154; x_wconf 79' lang='lat' dir='ltr'><em>quouis</em></span> <span class='ocrx_word' id='word_1_300' title='bbox 811 2074 898 2137; x_wconf 82' lang='lat' dir='ltr'><em>mdo</em></span> <span class='ocrx_word' id='word_1_301' title='bbox 917 2093 1025 2137; x_wconf 88' lang='lat' dir='ltr'><em>nomen</em></span> <span class='ocrx_word' id='word_1_302' title='bbox 1046 2071 1197 2136; x_wconf 91' lang='lat' dir='ltr'><em>suumin</em></span> <span class='ocrx_word' id='word_1_303' title='bbox 1247 2073 1373 2151; x_wconf 72' lang='lat' dir='ltr'><em>casale,</em></span> <span class='ocrx_word' id='word_1_304' title='bbox 1387 2073 1410 2158; x_wconf 88' lang='lat'><em>¹)</em></span> <span class='ocrx_word' id='word_1_305' title='bbox 1433 2075 1484 2138; x_wconf 89' lang='lat' dir='ltr'><em>cui</em></span> <span class='ocrx_word' id='word_1_306' title='bbox 1503 2094 1652 2139; x_wconf 88' lang='lat' dir='ltr'><em>romanus</em></span> <span class='ocrx_word' id='word_1_307' title='bbox 1673 2076 1833 2157; x_wconf 86' lang='lat' dir='ltr'><em>episcopus</em></span> <span class='ocrx_word' id='word_1_308' title='bbox 1852 2094 1914 2139; x_wconf 90' lang='lat' dir='ltr'><em>non</em></span> <span class='ocrx_word' id='word_1_309' title='bbox 1931 2073 2079 2155; x_wconf 73' lang='lat' dir='ltr'><em>interfuit.</em></span> <span class='ocrx_word' id='word_1_310' title='bbox 2124 2073 2222 2138; x_wconf 85' lang='lat' dir='ltr'><em>Proe-</em></span> 
     </span>
     <span class='ocr_line' id='line_1_22' title="bbox 216 2157 2224 2245; baseline 0 -20"><span class='ocrx_word' id='word_1_311' title='bbox 216 2163 328 2245; x_wconf 88' lang='lat' dir='ltr'><em>prima</em></span> <span class='ocrx_word' id='word_1_312' title='bbox 358 2161 429 2226; x_wconf 89' lang='lat' dir='ltr'><em>sede</em></span> <span class='ocrx_word' id='word_1_313' title='bbox 460 2160 615 2224; x_wconf 75' lang='lat' dir='ltr'><em>haereret?</em></span> <span class='ocrx_word' id='word_1_314' title='bbox 660 2158 770 2224; x_wconf 78' lang='lat' dir='ltr'><em>Sedent</em></span> <span class='ocrx_word' id='word_1_315' title='bbox 800 2160 882 2223; x_wconf 87' lang='lat' dir='ltr'><em>enim</em></span> <span class='ocrx_word' id='word_1_316' title='bbox 913 2159 981 2223; x_wconf 88' lang='lat' dir='ltr'><em>eius</em></span> <span class='ocrx_word' id='word_1_317' title='bbox 1012 2158 1103 2240; x_wconf 77' lang='lat' dir='ltr'><em>lopati</em></span> <span class='ocrx_word' id='word_1_318' title='bbox 1136 2157 1196 2221; x_wconf 90' lang='lat' dir='ltr'><em>loco</em></span> <span class='ocrx_word' id='word_1_319' title='bbox 1248 2164 1315 2223; x_wconf 89' lang='lat' dir='ltr'><em>eret</em></span> <span class='ocrx_word' id='word_1_320' title='bbox 1339 2159 1539 2240; x_wconf 86' lang='lat' dir='ltr'><em>Ambrosius,</em></span> <span class='ocrx_word' id='word_1_321' title='bbox 1572 2162 1627 2240; x_wconf 77' lang='lat' dir='ltr'><em>qni</em></span> <span class='ocrx_word' id='word_1_322' title='bbox 1659 2166 1730 2225; x_wconf 87' lang='lat' dir='ltr'><em>tunc</em></span> <span class='ocrx_word' id='word_1_323' title='bbox 1756 2161 1875 2243; x_wconf 81' lang='lat' dir='ltr'><em>insipni</em></span> <span class='ocrx_word' id='word_1_324' title='bbox 1901 2161 2063 2226; x_wconf 85' lang='lat' dir='ltr'><em>anteritate</em></span> <span class='ocrx_word' id='word_1_325' title='bbox 2089 2159 2224 2240; x_wconf 88' lang='lat' dir='ltr'><em>pollebat</em></span> 
     </span>
     <span class='ocr_line' id='line_1_23' title="bbox 161 2243 2222 2328; baseline -0.001 -16"><span class='ocrx_word' id='word_1_326' title='bbox 161 2318 165 2322; x_wconf 47' lang='grc'><strong><em>,</em></strong></span> <span class='ocrx_word' id='word_1_327' title='bbox 222 2246 383 2328; x_wconf 71' lang='lat' dir='ltr'><em>desertore,</em></span> <span class='ocrx_word' id='word_1_328' title='bbox 410 2246 588 2310; x_wconf 74' lang='lat' dir='ltr'><em>sementiam</em></span> <span class='ocrx_word' id='word_1_329' title='bbox 614 2246 695 2309; x_wconf 85' lang='lat' dir='ltr'><em>inter</em></span> <span class='ocrx_word' id='word_1_330' title='bbox 721 2244 801 2309; x_wconf 88' lang='lat' dir='ltr'><em>alios</em></span> <span class='ocrx_word' id='word_1_331' title='bbox 826 2251 990 2328; x_wconf 79' lang='lat' dir='ltr'><em>repertur,</em></span> <span class='ocrx_word' id='word_1_332' title='bbox 1011 2265 1069 2308; x_wconf 86' lang='lat' dir='ltr'><em>sno</em></span> <span class='ocrx_word' id='word_1_333' title='bbox 1089 2243 1197 2308; x_wconf 91' lang='lat' dir='ltr'><em>ordine</em></span> <span class='ocrx_word' id='word_1_334' title='bbox 1248 2245 1334 2326; x_wconf 86' lang='lat' dir='ltr'><em>apud</em></span> <span class='ocrx_word' id='word_1_335' title='bbox 1357 2243 1528 2309; x_wconf 84' lang='lat' dir='ltr'><em>Gaesarem</em></span> <span class='ocrx_word' id='word_1_336' title='bbox 1563 2246 1663 2310; x_wconf 88' lang='lat' dir='ltr'><em>Nulla</em></span> <span class='ocrx_word' id='word_1_337' title='bbox 1684 2246 1751 2310; x_wconf 88' lang='lat' dir='ltr'><em>illic</em></span> <span class='ocrx_word' id='word_1_338' title='bbox 1766 2246 1923 2327; x_wconf 75' lang='lat' dir='ltr'><em>porrtilicis</em></span> <span class='ocrx_word' id='word_1_339' title='bbox 1943 2246 2066 2311; x_wconf 87' lang='lat' dir='ltr'><em>rornoni</em></span> <span class='ocrx_word' id='word_1_340' title='bbox 2084 2246 2121 2327; x_wconf 71' lang='lat' dir='ltr'><em>fil</em></span> <span class='ocrx_word' id='word_1_341' title='bbox 2141 2266 2222 2310; x_wconf 77' lang='lat' dir='ltr'><em>nien·</em></span> 
     </span>
     <span class='ocr_line' id='line_1_24' title="bbox 223 2329 2223 2414; baseline -0.001 -16"><span class='ocrx_word' id='word_1_342' title='bbox 223 2331 432 2398; x_wconf 78' lang='lat' dir='ltr'><em>sorbscribunl:</em></span> <span class='ocrx_word' id='word_1_343' title='bbox 464 2332 589 2396; x_wconf 82' lang='lat' dir='ltr'><em>interim</em></span> <span class='ocrx_word' id='word_1_344' title='bbox 620 2331 845 2395; x_wconf 76' lang='lat' dir='ltr'><em>decaudmnus</em></span> <span class='ocrx_word' id='word_1_345' title='bbox 871 2330 1058 2413; x_wconf 82' lang='lat' dir='ltr'><em>patriarcba</em></span> <span class='ocrx_word' id='word_1_346' title='bbox 1089 2349 1197 2393; x_wconf 90' lang='lat' dir='ltr'><em>nomen</em></span> <span class='ocrx_word' id='word_1_347' title='bbox 1247 2331 1298 2395; x_wconf 85' lang='lat' dir='ltr'><em>tio.</em></span> <span class='ocrx_word' id='word_1_348' title='bbox 1337 2329 1423 2414; x_wconf 80' lang='lat' dir='ltr'><em>Erpo</em></span> <span class='ocrx_word' id='word_1_349' title='bbox 1444 2337 1515 2396; x_wconf 86' lang='lat' dir='ltr'><em>tunc</em></span> <span class='ocrx_word' id='word_1_350' title='bbox 1532 2331 1693 2396; x_wconf 73' lang='lat' dir='ltr'><em>Ambrosii</em></span> <span class='ocrx_word' id='word_1_351' title='bbox 1713 2332 1862 2413; x_wconf 82' lang='lat' dir='ltr'><em>dipnitate</em></span> <span class='ocrx_word' id='word_1_352' title='bbox 1880 2331 1997 2413; x_wconf 76' lang='lat' dir='ltr'><em>suetum</em></span> <span class='ocrx_word' id='word_1_353' title='bbox 2017 2336 2075 2410; x_wconf 89' lang='lat' dir='ltr'><em>est,</em></span> <span class='ocrx_word' id='word_1_354' title='bbox 2096 2336 2131 2394; x_wconf 94' lang='lat' dir='ltr'><em>ut</em></span> <span class='ocrx_word' id='word_1_355' title='bbox 2151 2331 2223 2396; x_wconf 84' lang='lat' dir='ltr'><em>dlu-</em></span> 
     </span>
     <span class='ocr_line' id='line_1_25' title="bbox 202 2411 2075 2498; baseline -0.001 -15"><span class='ocrx_word' id='word_1_356' title='bbox 202 2419 293 2484; x_wconf 85' lang='lat' dir='ltr'><em>&#39;eius</em></span> <span class='ocrx_word' id='word_1_357' title='bbox 319 2438 376 2482; x_wconf 93' lang='lat' dir='ltr'><em>suo</em></span> <span class='ocrx_word' id='word_1_358' title='bbox 404 2411 556 2481; x_wconf 84' lang='lat' dir='ltr'><em>admiscet.</em></span> <span class='ocrx_word' id='word_1_359' title='bbox 606 2416 689 2498; x_wconf 73' lang='lat' dir='ltr'><em>Quid</em></span> <span class='ocrx_word' id='word_1_360' title='bbox 716 2417 819 2481; x_wconf 88' lang='lat' dir='ltr'><em>dicam</em></span> <span class='ocrx_word' id='word_1_361' title='bbox 845 2417 883 2480; x_wconf 88' lang='lat' dir='ltr'><em>de</em></span> <span class='ocrx_word' id='word_1_362' title='bbox 904 2416 1029 2480; x_wconf 80' lang='lat' dir='ltr'><em>uncilio</em></span> <span class='ocrx_word' id='word_1_363' title='bbox 1057 2415 1198 2497; x_wconf 79' lang='lat' dir='ltr'><em>ephesino</em></span> <span class='ocrx_word' id='word_1_364' title='bbox 1248 2417 1342 2481; x_wconf 88' lang='lat' dir='ltr'><em>strior</em></span> <span class='ocrx_word' id='word_1_365' title='bbox 1362 2422 1439 2482; x_wconf 90' lang='lat' dir='ltr'><em>esset</em></span> <span class='ocrx_word' id='word_1_366' title='bbox 1459 2417 1696 2482; x_wconf 89' lang='lat' dir='ltr'><em>mediolanensis</em></span> <span class='ocrx_word' id='word_1_367' title='bbox 1714 2417 1801 2481; x_wconf 93' lang='lat' dir='ltr'><em>sedes</em></span> <span class='ocrx_word' id='word_1_368' title='bbox 1821 2437 1916 2498; x_wconf 78' lang='lat' dir='ltr'><em>quarn</em></span> <span class='ocrx_word' id='word_1_369' title='bbox 1936 2438 2075 2483; x_wconf 91' lang='lat' dir='ltr'><em>romana.</em></span> 
     </span>
     <span class='ocr_line' id='line_1_26' title="bbox 223 2500 2223 2584; baseline 0 -16"><span class='ocrx_word' id='word_1_370' title='bbox 223 2503 368 2581; x_wconf 87' lang='lat' dir='ltr'><em>secundo,</em></span> <span class='ocrx_word' id='word_1_371' title='bbox 390 2502 459 2582; x_wconf 91' lang='lat' dir='ltr'><em>ubi,</em></span> <span class='ocrx_word' id='word_1_372' title='bbox 482 2523 578 2582; x_wconf 76' lang='lat' dir='ltr'><em>quum</em></span> <span class='ocrx_word' id='word_1_373' title='bbox 597 2503 737 2566; x_wconf 89' lang='lat' dir='ltr'><em>adessent</em></span> <span class='ocrx_word' id='word_1_374' title='bbox 758 2502 873 2567; x_wconf 86' lang='lat' dir='ltr'><em>Leonis</em></span> <span class='ocrx_word' id='word_1_375' title='bbox 892 2501 998 2584; x_wconf 82' lang='lat' dir='ltr'><em>lepoti,</em></span> <span class='ocrx_word' id='word_1_376' title='bbox 1020 2500 1196 2566; x_wconf 78' lang='lat' dir='ltr'><em>decendri·</em></span> <span class='ocrx_word' id='word_1_377' title='bbox 1337 2506 1406 2566; x_wconf 81' lang='lat'>107.</span> <span class='ocrx_word' id='word_1_378' title='bbox 1465 2504 1621 2584; x_wconf 75' lang='lat' dir='ltr'><em>Quantum</em></span> <span class='ocrx_word' id='word_1_379' title='bbox 1647 2504 1689 2567; x_wconf 88' lang='lat' dir='ltr'><em>ad</em></span> <span class='ocrx_word' id='word_1_380' title='bbox 1718 2504 1821 2583; x_wconf 90' lang='lat' dir='ltr'><em>ipsum</em></span> <span class='ocrx_word' id='word_1_381' title='bbox 1841 2503 1964 2566; x_wconf 88' lang='lat' dir='ltr'><em>titulum</em></span> <span class='ocrx_word' id='word_1_382' title='bbox 1988 2505 2164 2584; x_wconf 62' lang='lat' dir='ltr'><em>muretus,</em></span> <span class='ocrx_word' id='word_1_383' title='bbox 2194 2509 2223 2568; x_wconf 86' lang='lat' dir='ltr'><em>ct</em></span> 
     </span>
     <span class='ocr_line' id='line_1_27' title="bbox 188 2586 2221 2670; baseline 0.002 -20"><span class='ocrx_word' id='word_1_384' title='bbox 188 2641 194 2650; x_wconf 30' lang='grc' dir='ltr'><em>Ι</em></span> <span class='ocrx_word' id='word_1_385' title='bbox 222 2610 284 2654; x_wconf 90' lang='lat' dir='ltr'><em>nus</em></span> <span class='ocrx_word' id='word_1_386' title='bbox 304 2594 405 2654; x_wconf 85' lang='lat' dir='ltr'><em>temen</em></span> <span class='ocrx_word' id='word_1_387' title='bbox 427 2587 612 2668; x_wconf 81' lang='lat' dir='ltr'><em>patriarcba</em></span> <span class='ocrx_word' id='word_1_388' title='bbox 632 2587 805 2652; x_wconf 88' lang='lat' dir='ltr'><em>Dioscorus</em></span> <span class='ocrx_word' id='word_1_389' title='bbox 831 2586 912 2650; x_wconf 84' lang='lat' dir='ltr'><em>velut</em></span> <span class='ocrx_word' id='word_1_390' title='bbox 932 2607 988 2651; x_wconf 83' lang='lat' dir='ltr'><em>sero</em></span> <span class='ocrx_word' id='word_1_391' title='bbox 1013 2587 1084 2650; x_wconf 88' lang='lat' dir='ltr'><em>iure</em></span> <span class='ocrx_word' id='word_1_392' title='bbox 1104 2606 1197 2667; x_wconf 88' lang='lat' dir='ltr'><em>prae·</em></span> <span class='ocrx_word' id='word_1_393' title='bbox 1248 2587 1328 2652; x_wconf 76' lang='lat' dir='ltr'><em>altos</em></span> <span class='ocrx_word' id='word_1_394' title='bbox 1349 2587 1512 2669; x_wconf 80' lang='lat' dir='ltr'><em>superbiae</em></span> <span class='ocrx_word' id='word_1_395' title='bbox 1534 2589 1638 2654; x_wconf 92' lang='lat' dir='ltr'><em>titulos</em></span> <span class='ocrx_word' id='word_1_396' title='bbox 1664 2588 1777 2670; x_wconf 81' lang='lat' dir='ltr'><em>quibus</em></span> <span class='ocrx_word' id='word_1_397' title='bbox 1797 2608 1879 2653; x_wconf 90' lang='lat' dir='ltr'><em>nunc</em></span> <span class='ocrx_word' id='word_1_398' title='bbox 1899 2588 2085 2654; x_wconf 84' lang='lat' dir='ltr'><em>mirabiliter</em></span> <span class='ocrx_word' id='word_1_399' title='bbox 2105 2587 2138 2654; x_wconf 84' lang='lat' dir='ltr'><em>se</em></span> <span class='ocrx_word' id='word_1_400' title='bbox 2158 2590 2221 2654; x_wconf 90' lang='lat' dir='ltr'><em>iac-</em></span> 
     </span>
     <span class='ocr_line' id='line_1_28' title="bbox 222 2671 2221 2756; baseline 0.001 -17"><span class='ocrx_word' id='word_1_401' title='bbox 222 2674 363 2740; x_wconf 79' lang='lat' dir='ltr'><em>sidebat?</em></span> <span class='ocrx_word' id='word_1_402' title='bbox 405 2673 572 2754; x_wconf 81' lang='lat' dir='ltr'><em>Eccnpient</em></span> <span class='ocrx_word' id='word_1_403' title='bbox 602 2694 664 2737; x_wconf 89' lang='lat' dir='ltr'><em>non</em></span> <span class='ocrx_word' id='word_1_404' title='bbox 687 2674 788 2754; x_wconf 80' lang='lat' dir='ltr'><em>fuisse</em></span> <span class='ocrx_word' id='word_1_405' title='bbox 806 2671 1005 2736; x_wconf 81' lang='lat' dir='ltr'><em>ortltodouum</em></span> <span class='ocrx_word' id='word_1_406' title='bbox 1026 2671 1195 2749; x_wconf 90' lang='lat' dir='ltr'><em>concilium,</em></span> <span class='ocrx_word' id='word_1_407' title='bbox 1247 2678 1299 2750; x_wconf 87' lang='lat' dir='ltr'><em>tat,</em></span> <span class='ocrx_word' id='word_1_408' title='bbox 1322 2694 1382 2737; x_wconf 91' lang='lat' dir='ltr'><em>non</em></span> <span class='ocrx_word' id='word_1_409' title='bbox 1403 2679 1447 2738; x_wconf 86' lang='lat' dir='ltr'><em>est</em></span> <span class='ocrx_word' id='word_1_410' title='bbox 1466 2674 1592 2754; x_wconf 73' lang='lat' dir='ltr'><em>difficile</em></span> <span class='ocrx_word' id='word_1_411' title='bbox 1613 2675 1754 2738; x_wconf 90' lang='lat' dir='ltr'><em>iudicare</em></span> <span class='ocrx_word' id='word_1_412' title='bbox 1774 2674 1897 2754; x_wconf 81' lang='lat' dir='ltr'><em>qnando</em></span> <span class='ocrx_word' id='word_1_413' title='bbox 1918 2680 1946 2739; x_wconf 92' lang='lat' dir='ltr'><em>et</em></span> <span class='ocrx_word' id='word_1_414' title='bbox 1967 2674 2098 2756; x_wconf 74' lang='lat' dir='ltr'><em>pualder</em></span> <span class='ocrx_word' id='word_1_415' title='bbox 2118 2674 2221 2756; x_wconf 90' lang='lat' dir='ltr'><em>obrep-</em></span> 
     </span>
     <span class='ocr_line' id='line_1_29' title="bbox 223 2755 2222 2929; baseline -0.001 -18"><span class='ocrx_word' id='word_1_416' title='bbox 223 2755 1197 2928; x_wconf 50' lang='lat' dir='ltr'><em>bdntttltdtlldttttdlb{illd</em></span> <span class='ocrx_word' id='word_1_417' title='bbox 1234 2757 1588 2927; x_wconf 55' lang='lat' dir='ltr'><em>fflmllplll</em></span> <span class='ocrx_word' id='word_1_418' title='bbox 1599 2759 1751 2929; x_wconf 55' lang='lat' dir='ltr'><em>,tede</em></span> <span class='ocrx_word' id='word_1_419' title='bbox 1766 2759 2093 2927; x_wconf 53' lang='lat' dir='ltr'><em>Silium</em></span> <span class='ocrx_word' id='word_1_420' title='bbox 2111 2760 2222 2928; x_wconf 59' lang='lat' dir='ltr'><em>ull?</em></span> 
     </span>
     <span class='ocr_line' id='line_1_30' title="bbox 223 2927 2221 3013; baseline 0.001 -17"><span class='ocrx_word' id='word_1_421' title='bbox 223 2932 301 2996; x_wconf 88' lang='lat' dir='ltr'><em>edus</em></span> <span class='ocrx_word' id='word_1_422' title='bbox 327 2935 493 3012; x_wconf 79' lang='lat' dir='ltr'><em>reperetur,</em></span> <span class='ocrx_word' id='word_1_423' title='bbox 535 2950 630 3009; x_wconf 81' lang='lat' dir='ltr'><em>quum</em></span> <span class='ocrx_word' id='word_1_424' title='bbox 655 2930 807 2994; x_wconf 85' lang='lat' dir='ltr'><em>sessiures</em></span> <span class='ocrx_word' id='word_1_425' title='bbox 838 2930 917 2994; x_wconf 88' lang='lat' dir='ltr'><em>iuter</em></span> <span class='ocrx_word' id='word_1_426' title='bbox 941 2949 974 2993; x_wconf 92' lang='lat' dir='ltr'><em>se</em></span> <span class='ocrx_word' id='word_1_427' title='bbox 995 2928 1128 3010; x_wconf 85' lang='lat' dir='ltr'><em>episcopi</em></span> <span class='ocrx_word' id='word_1_428' title='bbox 1150 2927 1197 2991; x_wconf 78' lang='lat' dir='ltr'><em>di</em></span> <span class='ocrx_word' id='word_1_429' title='bbox 1248 2930 1324 3011; x_wconf 87' lang='lat' dir='ltr'><em>copi,</em></span> <span class='ocrx_word' id='word_1_430' title='bbox 1348 2934 1403 2994; x_wconf 90' lang='lat' dir='ltr'><em>out</em></span> <span class='ocrx_word' id='word_1_431' title='bbox 1424 2930 1558 3013; x_wconf 81' lang='lat' dir='ltr'><em>collepae.</em></span> <span class='ocrx_word' id='word_1_432' title='bbox 1602 2930 1658 2995; x_wconf 84' lang='lat' dir='ltr'><em>Ae</em></span> <span class='ocrx_word' id='word_1_433' title='bbox 1680 2929 1872 3013; x_wconf 74' lang='lat' dir='ltr'><em>Stephanum</em></span> <span class='ocrx_word' id='word_1_434' title='bbox 1892 2952 1961 2996; x_wconf 85' lang='lat' dir='ltr'><em>cero</em></span> <span class='ocrx_word' id='word_1_435' title='bbox 1991 2952 2087 3012; x_wconf 79' lang='lat' dir='ltr'><em>quum</em></span> <span class='ocrx_word' id='word_1_436' title='bbox 2107 2931 2221 3010; x_wconf 69' lang='lat' dir='ltr'><em>serdot,</em></span> 
     </span>
     <span class='ocr_line' id='line_1_31' title="bbox 223 3013 2224 3098; baseline 0 -16"><span class='ocrx_word' id='word_1_437' title='bbox 223 3016 417 3093; x_wconf 82' lang='lat' dir='ltr'><em>stribuerent,</em></span> <span class='ocrx_word' id='word_1_438' title='bbox 447 3015 513 3079; x_wconf 88' lang='lat' dir='ltr'><em>illic</em></span> <span class='ocrx_word' id='word_1_439' title='bbox 534 3020 609 3079; x_wconf 89' lang='lat' dir='ltr'><em>certe</em></span> <span class='ocrx_word' id='word_1_440' title='bbox 629 3016 709 3081; x_wconf 88' lang='lat' dir='ltr'><em>inter</em></span> <span class='ocrx_word' id='word_1_441' title='bbox 729 3014 810 3079; x_wconf 88' lang='lat' dir='ltr'><em>elios</em></span> <span class='ocrx_word' id='word_1_442' title='bbox 830 3034 976 3079; x_wconf 89' lang='lat' dir='ltr'><em>romonae</em></span> <span class='ocrx_word' id='word_1_443' title='bbox 997 3013 1137 3079; x_wconf 89' lang='lat' dir='ltr'><em>ecclesiae</em></span> <span class='ocrx_word' id='word_1_444' title='bbox 1158 3013 1198 3077; x_wconf 92' lang='lat' dir='ltr'><em>le·</em></span> <span class='ocrx_word' id='word_1_445' title='bbox 1251 3014 1386 3081; x_wconf 82' lang='lat' dir='ltr'><em>Cornelii</em></span> <span class='ocrx_word' id='word_1_446' title='bbox 1412 3036 1628 3095; x_wconf 80' lang='lat' dir='ltr'><em>successorum,</em></span> <span class='ocrx_word' id='word_1_447' title='bbox 1655 3037 1716 3080; x_wconf 79' lang='lat' dir='ltr'><em>reon</em></span> <span class='ocrx_word' id='word_1_448' title='bbox 1742 3016 1832 3080; x_wconf 89' lang='lat' dir='ltr'><em>modo</em></span> <span class='ocrx_word' id='word_1_449' title='bbox 1858 3037 1928 3080; x_wconf 91' lang='lat' dir='ltr'><em>eum</em></span> <span class='ocrx_word' id='word_1_450' title='bbox 1954 3016 2015 3081; x_wconf 85' lang='lat' dir='ltr'><em>sibi</em></span> <span class='ocrx_word' id='word_1_451' title='bbox 2041 3023 2069 3082; x_wconf 89' lang='lat' dir='ltr'><em>et</em></span> <span class='ocrx_word' id='word_1_452' title='bbox 2093 3017 2224 3098; x_wconf 77' lang='lat' dir='ltr'><em>reliquis</em></span> 
     </span>
     <span class='ocr_line' id='line_1_32' title="bbox 222 3099 2257 3185; baseline 0 -19"><span class='ocrx_word' id='word_1_453' title='bbox 222 3103 372 3185; x_wconf 80' lang='lat' dir='ltr'><em>petimen</em></span> <span class='ocrx_word' id='word_1_454' title='bbox 393 3101 484 3165; x_wconf 85' lang='lat' dir='ltr'><em>aliter</em></span> <span class='ocrx_word' id='word_1_455' title='bbox 504 3120 599 3181; x_wconf 78' lang='lat' dir='ltr'><em>quam</em></span> <span class='ocrx_word' id='word_1_456' title='bbox 620 3101 655 3164; x_wconf 90' lang='lat' dir='ltr'><em>in</em></span> <span class='ocrx_word' id='word_1_457' title='bbox 676 3105 827 3165; x_wconf 90' lang='lat' dir='ltr'><em>sanctoet</em></span> <span class='ocrx_word' id='word_1_458' title='bbox 854 3101 986 3184; x_wconf 76' lang='lat' dir='ltr'><em>lepitinm</em></span> <span class='ocrx_word' id='word_1_459' title='bbox 1007 3099 1132 3163; x_wconf 81' lang='lat' dir='ltr'><em>coucdio</em></span> <span class='ocrx_word' id='word_1_460' title='bbox 1153 3119 1198 3163; x_wconf 91' lang='lat' dir='ltr'><em>se-</em></span> <span class='ocrx_word' id='word_1_461' title='bbox 1249 3101 1408 3183; x_wconf 77' lang='lat' dir='ltr'><em>aequalem</em></span> <span class='ocrx_word' id='word_1_462' title='bbox 1433 3103 1524 3183; x_wconf 77' lang='lat' dir='ltr'><em>fecit,</em></span> <span class='ocrx_word' id='word_1_463' title='bbox 1547 3102 1601 3166; x_wconf 88' lang='lat' dir='ltr'><em>sed</em></span> <span class='ocrx_word' id='word_1_464' title='bbox 1621 3102 1736 3167; x_wconf 88' lang='lat' dir='ltr'><em>durius</em></span> <span class='ocrx_word' id='word_1_465' title='bbox 1761 3102 1854 3166; x_wconf 87' lang='lat' dir='ltr'><em>etiam</em></span> <span class='ocrx_word' id='word_1_466' title='bbox 1876 3103 2048 3183; x_wconf 87' lang='lat' dir='ltr'><em>compellat,</em></span> <span class='ocrx_word' id='word_1_467' title='bbox 2070 3123 2152 3167; x_wconf 91' lang='lat' dir='ltr'><em>nunc</em></span> <span class='ocrx_word' id='word_1_468' title='bbox 2173 3115 2257 3167; x_wconf 87' lang='lat' dir='ltr'><em>er·‘</em></span> 
     </span>
     <span class='ocr_line' id='line_1_33' title="bbox 224 3184 2225 3271; baseline 0 -19"><span class='ocrx_word' id='word_1_469' title='bbox 224 3186 340 3252; x_wconf 80' lang='lat' dir='ltr'><em>debant.</em></span> <span class='ocrx_word' id='word_1_470' title='bbox 371 3184 444 3251; x_wconf 89' lang='lat' dir='ltr'><em>Non</em></span> <span class='ocrx_word' id='word_1_471' title='bbox 465 3186 644 3250; x_wconf 91' lang='lat' dir='ltr'><em>contendunt</em></span> <span class='ocrx_word' id='word_1_472' title='bbox 664 3191 765 3251; x_wconf 88' lang='lat' dir='ltr'><em>tamen</em></span> <span class='ocrx_word' id='word_1_473' title='bbox 782 3186 819 3250; x_wconf 89' lang='lat' dir='ltr'><em>de</em></span> <span class='ocrx_word' id='word_1_474' title='bbox 833 3187 941 3268; x_wconf 86' lang='lat' dir='ltr'><em>primo</em></span> <span class='ocrx_word' id='word_1_475' title='bbox 961 3185 1031 3265; x_wconf 90' lang='lat' dir='ltr'><em>laco,</em></span> <span class='ocrx_word' id='word_1_476' title='bbox 1053 3186 1107 3249; x_wconf 85' lang='lat' dir='ltr'><em>sed</em></span> <span class='ocrx_word' id='word_1_477' title='bbox 1128 3205 1198 3250; x_wconf 83' lang='lat' dir='ltr'><em>uun</em></span> <span class='ocrx_word' id='word_1_478' title='bbox 1248 3188 1438 3270; x_wconf 79' lang='lat' dir='ltr'><em>repentium,</em></span> <span class='ocrx_word' id='word_1_479' title='bbox 1464 3208 1545 3252; x_wconf 91' lang='lat' dir='ltr'><em>nunc</em></span> <span class='ocrx_word' id='word_1_480' title='bbox 1565 3188 1724 3252; x_wconf 75' lang='lat' dir='ltr'><em>inscitiam</em></span> <span class='ocrx_word' id='word_1_481' title='bbox 1744 3188 1773 3252; x_wconf 86' lang='lat' dir='ltr'><em>ei</em></span> <span class='ocrx_word' id='word_1_482' title='bbox 1799 3187 1951 3252; x_wconf 84' lang='lat' dir='ltr'><em>obiiciens.</em></span> <span class='ocrx_word' id='word_1_483' title='bbox 1997 3187 2078 3252; x_wconf 87' lang='lat' dir='ltr'><em>Po&#39;st&#39;</em></span> <span class='ocrx_word' id='word_1_484' title='bbox 2095 3187 2225 3271; x_wconf 71' lang='lat' dir='ltr'><em>Cypria-</em></span> 
     </span>
     <span class='ocr_line' id='line_1_34' title="bbox 224 3271 2225 3355; baseline 0 -17"><span class='ocrx_word' id='word_1_485' title='bbox 224 3272 314 3338; x_wconf 80' lang='lat' dir='ltr'><em>ellerl</em></span> <span class='ocrx_word' id='word_1_486' title='bbox 335 3271 453 3350; x_wconf 80' lang='lat' dir='ltr'><em>nedum,</em></span> <span class='ocrx_word' id='word_1_487' title='bbox 473 3292 668 3352; x_wconf 73' lang='lat' dir='ltr'><em>nequaquam</em></span> <span class='ocrx_word' id='word_1_488' title='bbox 687 3272 722 3336; x_wconf 93' lang='lat' dir='ltr'><em>id</em></span> <span class='ocrx_word' id='word_1_489' title='bbox 741 3271 865 3353; x_wconf 77' lang='lat' dir='ltr'><em>tacturi,</em></span> <span class='ocrx_word' id='word_1_490' title='bbox 886 3272 917 3335; x_wconf 87' lang='lat' dir='ltr'><em>si</em></span> <span class='ocrx_word' id='word_1_491' title='bbox 938 3291 1032 3335; x_wconf 89' lang='lat' dir='ltr'><em>suum</em></span> <span class='ocrx_word' id='word_1_492' title='bbox 1048 3272 1118 3336; x_wconf 89' lang='lat' dir='ltr'><em>iure</em></span> <span class='ocrx_word' id='word_1_493' title='bbox 1134 3290 1199 3335; x_wconf 89' lang='lat' dir='ltr'><em>esse</em></span> <span class='ocrx_word' id='word_1_494' title='bbox 1248 3294 1324 3337; x_wconf 90' lang='lat' dir='ltr'><em>num</em></span> <span class='ocrx_word' id='word_1_495' title='bbox 1353 3272 1501 3337; x_wconf 85' lang='lat' dir='ltr'><em>labemus</em></span> <span class='ocrx_word' id='word_1_496' title='bbox 1531 3274 1608 3355; x_wconf 81' lang='lat' dir='ltr'><em>quid</em></span> <span class='ocrx_word' id='word_1_497' title='bbox 1638 3273 1676 3337; x_wconf 91' lang='lat' dir='ltr'><em>de</em></span> <span class='ocrx_word' id='word_1_498' title='bbox 1707 3294 1744 3337; x_wconf 91' lang='lat' dir='ltr'><em>ea</em></span> <span class='ocrx_word' id='word_1_499' title='bbox 1775 3294 1809 3337; x_wconf 90' lang='lat' dir='ltr'><em>re</em></span> <span class='ocrx_word' id='word_1_500' title='bbox 1835 3274 1986 3338; x_wconf 72' lang='lat' dir='ltr'><em>mutauit</em></span> <span class='ocrx_word' id='word_1_501' title='bbox 2012 3279 2074 3338; x_wconf 88' lang='lat' dir='ltr'><em>tota</em></span> <span class='ocrx_word' id='word_1_502' title='bbox 2099 3274 2225 3338; x_wconf 82' lang='lat' dir='ltr'><em>melesio</em></span> 
     </span>
     <span class='ocr_line' id='line_1_35' title="bbox 224 3357 2225 3443; baseline 0 -20"><span class='ocrx_word' id='word_1_503' title='bbox 224 3359 386 3424; x_wconf 77' lang='lat' dir='ltr'><em>uedmmd.</em></span> <span class='ocrx_word' id='word_1_504' title='bbox 437 3357 609 3438; x_wconf 78' lang='lat' dir='ltr'><em>Nunquam</em></span> <span class='ocrx_word' id='word_1_505' title='bbox 634 3358 717 3421; x_wconf 89' lang='lat' dir='ltr'><em>enirn</em></span> <span class='ocrx_word' id='word_1_506' title='bbox 738 3358 857 3439; x_wconf 90' lang='lat' dir='ltr'><em>puduit</em></span> <span class='ocrx_word' id='word_1_507' title='bbox 877 3377 1022 3422; x_wconf 83' lang='lat' dir='ltr'><em>ronmnos</em></span> <span class='ocrx_word' id='word_1_508' title='bbox 1042 3358 1198 3439; x_wconf 88' lang='lat' dir='ltr'><em>episcopos</em></span> <span class='ocrx_word' id='word_1_509' title='bbox 1249 3358 1402 3439; x_wconf 75' lang='lat' dir='ltr'><em>africana.</em></span> <span class='ocrx_word' id='word_1_510' title='bbox 1459 3359 1561 3423; x_wconf 83' lang='lat' dir='ltr'><em>Vetuit</em></span> <span class='ocrx_word' id='word_1_511' title='bbox 1586 3359 1668 3423; x_wconf 80' lang='lat' dir='ltr'><em>menn</em></span> <span class='ocrx_word' id='word_1_512' title='bbox 1700 3358 1861 3423; x_wconf 87' lang='lat' dir='ltr'><em>concilimn</em></span> <span class='ocrx_word' id='word_1_513' title='bbox 1890 3358 2160 3443; x_wconf 58' lang='lat' dir='ltr'><em>eartlopinensffl)</em></span> <span class='ocrx_word' id='word_1_514' title='bbox 2187 3379 2225 3424; x_wconf 90' lang='lat' dir='ltr'><em>ne</em></span> 
     </span>
     <span class='ocr_line' id='line_1_36' title="bbox 223 3442 2225 3527; baseline 0 -19"><span class='ocrx_word' id='word_1_515' title='bbox 223 3445 380 3508; x_wconf 72' lang='lat' dir='ltr'><em>moenum</em></span> <span class='ocrx_word' id='word_1_516' title='bbox 401 3463 539 3525; x_wconf 80' lang='lat' dir='ltr'><em>quasque</em></span> <span class='ocrx_word' id='word_1_517' title='bbox 559 3444 758 3508; x_wconf 78' lang='lat' dir='ltr'><em>contendimes</em></span> <span class='ocrx_word' id='word_1_518' title='bbox 773 3464 834 3524; x_wconf 91' lang='lat' dir='ltr'><em>pro</em></span> <span class='ocrx_word' id='word_1_519' title='bbox 855 3444 925 3508; x_wconf 89' lang='lat' dir='ltr'><em>suis</em></span> <span class='ocrx_word' id='word_1_520' title='bbox 944 3442 1109 3507; x_wconf 80' lang='lat' dir='ltr'><em>lwnoribus</em></span> <span class='ocrx_word' id='word_1_521' title='bbox 1130 3463 1199 3506; x_wconf 89' lang='lat' dir='ltr'><em>sus·</em></span> <span class='ocrx_word' id='word_1_522' title='bbox 1250 3445 1322 3524; x_wconf 80' lang='lat' dir='ltr'><em>quis</em></span> <span class='ocrx_word' id='word_1_523' title='bbox 1340 3445 1488 3526; x_wconf 66' lang='lat' dir='ltr'><em>princepis</em></span> <span class='ocrx_word' id='word_1_524' title='bbox 1514 3445 1704 3509; x_wconf 88' lang='lat' dir='ltr'><em>sacerdotnm</em></span> <span class='ocrx_word' id='word_1_525' title='bbox 1725 3449 1897 3523; x_wconf 81' lang='lat' dir='ltr'><em>uocaretur,</em></span> <span class='ocrx_word' id='word_1_526' title='bbox 1925 3450 1981 3508; x_wconf 89' lang='lat' dir='ltr'><em>aut</em></span> <span class='ocrx_word' id='word_1_527' title='bbox 1995 3446 2126 3527; x_wconf 82' lang='lat' dir='ltr'><em>primm</em></span> <span class='ocrx_word' id='word_1_528' title='bbox 2145 3446 2225 3527; x_wconf 88' lang='lat' dir='ltr'><em>epis·</em></span> 
     </span>
     <span class='ocr_line' id='line_1_37' title="bbox 222 3527 2225 3612; baseline 0.001 -18"><span class='ocrx_word' id='word_1_529' title='bbox 222 3530 334 3612; x_wconf 81' lang='lat' dir='ltr'><em>cipere,</em></span> <span class='ocrx_word' id='word_1_530' title='bbox 357 3534 385 3595; x_wconf 90' lang='lat' dir='ltr'><em>et</em></span> <span class='ocrx_word' id='word_1_531' title='bbox 406 3529 485 3594; x_wconf 83' lang='lat' dir='ltr'><em>banc</em></span> <span class='ocrx_word' id='word_1_532' title='bbox 506 3528 605 3593; x_wconf 88' lang='lat' dir='ltr'><em>solam</em></span> <span class='ocrx_word' id='word_1_533' title='bbox 624 3528 660 3594; x_wconf 93' lang='lat' dir='ltr'><em>ob</em></span> <span class='ocrx_word' id='word_1_534' title='bbox 681 3549 811 3594; x_wconf 89' lang='lat' dir='ltr'><em>eausam</em></span> <span class='ocrx_word' id='word_1_535' title='bbox 837 3527 944 3593; x_wconf 84' lang='lat' dir='ltr'><em>multis</em></span> <span class='ocrx_word' id='word_1_536' title='bbox 965 3549 1056 3610; x_wconf 87' lang='lat' dir='ltr'><em>saepe</em></span> <span class='ocrx_word' id='word_1_537' title='bbox 1077 3534 1105 3593; x_wconf 87' lang='lat' dir='ltr'><em>et</em></span> <span class='ocrx_word' id='word_1_538' title='bbox 1125 3549 1198 3609; x_wconf 89' lang='lat' dir='ltr'><em>per-</em></span> <span class='ocrx_word' id='word_1_539' title='bbox 1250 3549 1357 3610; x_wconf 75' lang='lat' dir='ltr'><em>copus,</em></span> <span class='ocrx_word' id='word_1_540' title='bbox 1385 3532 1440 3595; x_wconf 89' lang='lat' dir='ltr'><em>sed</em></span> <span class='ocrx_word' id='word_1_541' title='bbox 1465 3535 1584 3595; x_wconf 86' lang='lat' dir='ltr'><em>tanturn</em></span> <span class='ocrx_word' id='word_1_542' title='bbox 1612 3531 1737 3611; x_wconf 85' lang='lat' dir='ltr'><em>primae</em></span> <span class='ocrx_word' id='word_1_543' title='bbox 1762 3531 1847 3595; x_wconf 89' lang='lat' dir='ltr'><em>sedis</em></span> <span class='ocrx_word' id='word_1_544' title='bbox 1872 3531 2039 3612; x_wconf 87' lang='lat' dir='ltr'><em>episeopus.</em></span> <span class='ocrx_word' id='word_1_545' title='bbox 2087 3531 2173 3612; x_wconf 77' lang='lat' dir='ltr'><em>erod</em></span> <span class='ocrx_word' id='word_1_546' title='bbox 2194 3532 2225 3596; x_wconf 86' lang='lat' dir='ltr'><em>si</em></span> 
     </span>
     <span class='ocr_line' id='line_1_38' title="bbox 222 3613 2225 3697; baseline 0 -17"><span class='ocrx_word' id='word_1_547' title='bbox 222 3617 351 3680; x_wconf 85' lang='lat' dir='ltr'><em>niciosis</em></span> <span class='ocrx_word' id='word_1_548' title='bbox 372 3614 592 3679; x_wconf 85' lang='lat' dir='ltr'><em>certaminibus</em></span> <span class='ocrx_word' id='word_1_549' title='bbox 611 3636 723 3680; x_wconf 84' lang='lat' dir='ltr'><em>verare</em></span> <span class='ocrx_word' id='word_1_550' title='bbox 744 3620 771 3679; x_wconf 90' lang='lat' dir='ltr'><em>et</em></span> <span class='ocrx_word' id='word_1_551' title='bbox 790 3614 915 3679; x_wconf 88' lang='lat' dir='ltr'><em>turbore</em></span> <span class='ocrx_word' id='word_1_552' title='bbox 936 3613 1101 3679; x_wconf 83' lang='lat' dir='ltr'><em>ecclesium.</em></span> <span class='ocrx_word' id='word_1_553' title='bbox 1137 3613 1198 3678; x_wconf 89' lang='lat' dir='ltr'><em>Scd</em></span> <span class='ocrx_word' id='word_1_554' title='bbox 1250 3617 1417 3681; x_wconf 79' lang='lat' dir='ltr'><em>vetustiore</em></span> <span class='ocrx_word' id='word_1_555' title='bbox 1445 3621 1639 3681; x_wconf 87' lang='lat' dir='ltr'><em>monumenta</em></span> <span class='ocrx_word' id='word_1_556' title='bbox 1666 3616 1738 3697; x_wconf 82' lang='lat' dir='ltr'><em>quis</em></span> <span class='ocrx_word' id='word_1_557' title='bbox 1758 3615 1886 3694; x_wconf 77' lang='lat' dir='ltr'><em>metuet,</em></span> <span class='ocrx_word' id='word_1_558' title='bbox 1914 3617 2043 3697; x_wconf 78' lang='lat' dir='ltr'><em>reperiet</em></span> <span class='ocrx_word' id='word_1_559' title='bbox 2068 3618 2225 3681; x_wconf 82' lang='lat' dir='ltr'><em>mmmuni</em></span> 
     </span>
     <span class='ocr_line' id='line_1_39' title="bbox 223 3699 2225 3783; baseline 0.001 -20"><span class='ocrx_word' id='word_1_560' title='bbox 223 3701 299 3780; x_wconf 79' lang='lat' dir='ltr'><em>quia</em></span> <span class='ocrx_word' id='word_1_561' title='bbox 319 3699 439 3765; x_wconf 84' lang='lat' dir='ltr'><em>uidebat</em></span> <span class='ocrx_word' id='word_1_562' title='bbox 461 3700 523 3765; x_wconf 87' lang='lat' dir='ltr'><em>Leo</em></span> <span class='ocrx_word' id='word_1_563' title='bbox 544 3701 640 3765; x_wconf 89' lang='lat' dir='ltr'><em>nimis</em></span> <span class='ocrx_word' id='word_1_564' title='bbox 661 3700 835 3782; x_wconf 88' lang='lat' dir='ltr'><em>improbum</em></span> <span class='ocrx_word' id='word_1_565' title='bbox 859 3700 926 3781; x_wconf 77' lang='lat' dir='ltr'><em>sore</em></span> <span class='ocrx_word' id='word_1_566' title='bbox 940 3699 1198 3782; x_wconf 64' lang='lat' dir='ltr'><em>precanum?</em></span> <span class='ocrx_word' id='word_1_567' title='bbox 1248 3702 1362 3782; x_wconf 77' lang='lat' dir='ltr'><em>fratris</em></span> <span class='ocrx_word' id='word_1_568' title='bbox 1392 3700 1595 3783; x_wconf 85' lang='lat' dir='ltr'><em>appellatione</em></span> <span class='ocrx_word' id='word_1_569' title='bbox 1626 3705 1793 3766; x_wconf 67' lang='lat' dir='ltr'><em>protentum</em></span> <span class='ocrx_word' id='word_1_570' title='bbox 1824 3707 1897 3765; x_wconf 90' lang='lat' dir='ltr'><em>tunc</em></span> <span class='ocrx_word' id='word_1_571' title='bbox 1928 3700 2028 3783; x_wconf 79' lang='lat' dir='ltr'><em>fuisse</em></span> <span class='ocrx_word' id='word_1_572' title='bbox 2059 3721 2225 3766; x_wconf 89' lang='lat' dir='ltr'><em>romanum</em></span> 
     </span>
     <span class='ocr_line' id='line_1_40' title="bbox 223 3785 2225 3869; baseline 0.001 -19"><span class='ocrx_word' id='word_1_573' title='bbox 223 3785 332 3867; x_wconf 78' lang='lat' dir='ltr'><em>tepetis</em></span> <span class='ocrx_word' id='word_1_574' title='bbox 352 3786 422 3849; x_wconf 89' lang='lat' dir='ltr'><em>suis</em></span> <span class='ocrx_word' id='word_1_575' title='bbox 437 3787 579 3867; x_wconf 84' lang='lat' dir='ltr'><em>primam</em></span> <span class='ocrx_word' id='word_1_576' title='bbox 599 3788 700 3852; x_wconf 87' lang='lat' dir='ltr'><em>sedem</em></span> <span class='ocrx_word' id='word_1_577' title='bbox 721 3786 858 3865; x_wconf 84' lang='lat' dir='ltr'><em>ambiret,</em></span> <span class='ocrx_word' id='word_1_578' title='bbox 880 3806 913 3850; x_wconf 91' lang='lat' dir='ltr'><em>eo</em></span> <span class='ocrx_word' id='word_1_579' title='bbox 934 3785 1115 3867; x_wconf 86' lang='lat' dir='ltr'><em>supersedit.</em></span> <span class='ocrx_word' id='word_1_580' title='bbox 1250 3788 1434 3869; x_wconf 68' lang='lat' dir='ltr'><em>episcopum,</em></span> <span class='ocrx_word' id='word_1_581' title='bbox 1486 3787 1570 3852; x_wconf 83' lang='lat' dir='ltr'><em>Certe</em></span> <span class='ocrx_word' id='word_1_582' title='bbox 1596 3787 1747 3867; x_wconf 76' lang='lat' dir='ltr'><em>emnidiu</em></span> <span class='ocrx_word' id='word_1_583' title='bbox 1773 3787 1899 3852; x_wconf 89' lang='lat' dir='ltr'><em>durooit</em></span> <span class='ocrx_word' id='word_1_584' title='bbox 1924 3787 2063 3851; x_wconf 86' lang='lat' dir='ltr'><em>ccclesiae</em></span> <span class='ocrx_word' id='word_1_585' title='bbox 2090 3807 2164 3851; x_wconf 88' lang='lat' dir='ltr'><em>cera</em></span> <span class='ocrx_word' id='word_1_586' title='bbox 2196 3792 2225 3852; x_wconf 85' lang='lat' dir='ltr'><em>et</em></span> 
     </span>
     <span class='ocr_line' id='line_1_41' title="bbox 313 3870 2225 3955; baseline 0.002 -23"><span class='ocrx_word' id='word_1_587' title='bbox 313 3871 382 3933; x_wconf 87' lang='lat'><strong>106.</strong></span> <span class='ocrx_word' id='word_1_588' title='bbox 429 3870 599 3952; x_wconf 78' lang='lat' dir='ltr'><em>Sequatum</em></span> <span class='ocrx_word' id='word_1_589' title='bbox 625 3878 669 3936; x_wconf 91' lang='lat' dir='ltr'><em>est</em></span> <span class='ocrx_word' id='word_1_590' title='bbox 700 3871 929 3938; x_wconf 84' lang='lat' dir='ltr'><em>doalcedonense</em></span> <span class='ocrx_word' id='word_1_591' title='bbox 953 3871 1130 3949; x_wconf 74' lang='lat' dir='ltr'><em>ancilium,</em></span> <span class='ocrx_word' id='word_1_592' title='bbox 1163 3871 1198 3934; x_wconf 90' lang='lat' dir='ltr'><em>in</em></span> <span class='ocrx_word' id='word_1_593' title='bbox 1244 3892 1333 3955; x_wconf 89' lang='lat' dir='ltr'><em>pura</em></span> <span class='ocrx_word' id='word_1_594' title='bbox 1353 3873 1463 3954; x_wconf 79' lang='lat' dir='ltr'><em>facies,</em></span> <span class='ocrx_word' id='word_1_595' title='bbox 1485 3874 1549 3937; x_wconf 90' lang='lat' dir='ltr'><em>iste</em></span> <span class='ocrx_word' id='word_1_596' title='bbox 1570 3873 1675 3936; x_wconf 90' lang='lat' dir='ltr'><em>omnia</em></span> <span class='ocrx_word' id='word_1_597' title='bbox 1696 3872 1857 3954; x_wconf 87' lang='lat' dir='ltr'><em>superbiae</em></span> <span class='ocrx_word' id='word_1_598' title='bbox 1874 3873 2014 3950; x_wconf 88' lang='lat' dir='ltr'><em>nomina,</em></span> <span class='ocrx_word' id='word_1_599' title='bbox 2042 3871 2155 3953; x_wconf 78' lang='lat' dir='ltr'><em>ouibus</em></span> <span class='ocrx_word' id='word_1_600' title='bbox 2176 3873 2225 3936; x_wconf 90' lang='lat' dir='ltr'><em>in-</em></span> 
     </span>
     <span class='ocr_line' id='line_1_42' title="bbox 224 3955 2225 4041; baseline 0 -21"><span class='ocrx_word' id='word_1_601' title='bbox 224 3970 283 4038; x_wconf 77' lang='lat' dir='ltr'><em>quo</em></span> <span class='ocrx_word' id='word_1_602' title='bbox 303 3955 446 4036; x_wconf 91' lang='lat' dir='ltr'><em>primam</em></span> <span class='ocrx_word' id='word_1_603' title='bbox 467 3957 567 4021; x_wconf 89' lang='lat' dir='ltr'><em>sedem</em></span> <span class='ocrx_word' id='word_1_604' title='bbox 589 3957 786 4038; x_wconf 86' lang='lat' dir='ltr'><em>imperatoris</em></span> <span class='ocrx_word' id='word_1_605' title='bbox 805 3958 991 4022; x_wconf 71' lang='lat' dir='ltr'><em>canosam</em></span> <span class='ocrx_word' id='word_1_606' title='bbox 1012 3962 1199 4039; x_wconf 84' lang='lat' dir='ltr'><em>occuparunt</em></span> <span class='ocrx_word' id='word_1_607' title='bbox 1250 3959 1393 4024; x_wconf 86' lang='lat' dir='ltr'><em>solescere</em></span> <span class='ocrx_word' id='word_1_608' title='bbox 1408 3964 1518 4041; x_wconf 87' lang='lat' dir='ltr'><em>posteo</em></span> <span class='ocrx_word' id='word_1_609' title='bbox 1539 3959 1635 4040; x_wconf 89' lang='lat' dir='ltr'><em>coepit</em></span> <span class='ocrx_word' id='word_1_610' title='bbox 1654 3978 1785 4022; x_wconf 88' lang='lat' dir='ltr'><em>romono</em></span> <span class='ocrx_word' id='word_1_611' title='bbox 1805 3959 1899 4036; x_wconf 90' lang='lat' dir='ltr'><em>sedes,</em></span> <span class='ocrx_word' id='word_1_612' title='bbox 1916 3977 2050 4040; x_wconf 88' lang='lat' dir='ltr'><em>prorsus</em></span> <span class='ocrx_word' id='word_1_613' title='bbox 2067 3963 2156 4021; x_wconf 78' lang='lat' dir='ltr'><em>mant</em></span> <span class='ocrx_word' id='word_1_614' title='bbox 2176 3958 2225 4020; x_wconf 81' lang='lat' dir='ltr'><em>in-</em></span> 
     </span>
     <span class='ocr_line' id='line_1_43' title="bbox 224 4040 2275 4125; baseline 0.001 -19"><span class='ocrx_word' id='word_1_615' title='bbox 224 4060 371 4106; x_wconf 86' lang='lat' dir='ltr'><em>romanoe</em></span> <span class='ocrx_word' id='word_1_616' title='bbox 392 4040 532 4105; x_wconf 88' lang='lat' dir='ltr'><em>ccclesiae</em></span> <span class='ocrx_word' id='word_1_617' title='bbox 557 4042 657 4124; x_wconf 77' lang='lat' dir='ltr'><em>lopati.</em></span> <span class='ocrx_word' id='word_1_618' title='bbox 702 4042 764 4107; x_wconf 90' lang='lat' dir='ltr'><em>Sed</em></span> <span class='ocrx_word' id='word_1_619' title='bbox 787 4042 840 4107; x_wconf 84' lang='lat' dir='ltr'><em>loc</em></span> <span class='ocrx_word' id='word_1_620' title='bbox 865 4043 966 4124; x_wconf 80' lang='lat' dir='ltr'><em>fuisse</em></span> <span class='ocrx_word' id='word_1_621' title='bbox 988 4043 1199 4108; x_wconf 78' lang='lat' dir='ltr'><em>entraordina</em></span> <span class='ocrx_word' id='word_1_622' title='bbox 1251 4044 1370 4108; x_wconf 87' lang='lat' dir='ltr'><em>audita.</em></span> <span class='ocrx_word' id='word_1_623' title='bbox 1417 4045 1500 4125; x_wconf 73' lang='lat' dir='ltr'><em>Quid</em></span> <span class='ocrx_word' id='word_1_624' title='bbox 1521 4049 1597 4108; x_wconf 89' lang='lat' dir='ltr'><em>esset</em></span> <span class='ocrx_word' id='word_1_625' title='bbox 1617 4064 1758 4111; x_wconf 85' lang='lat' dir='ltr'><em>summus</em></span> <span class='ocrx_word' id='word_1_626' title='bbox 1773 4045 1922 4125; x_wconf 81' lang='lat' dir='ltr'><em>pomifer,</em></span> <span class='ocrx_word' id='word_1_627' title='bbox 1945 4043 2117 4108; x_wconf 84' lang='lat' dir='ltr'><em>eluricum</em></span> <span class='ocrx_word' id='word_1_628' title='bbox 2138 4044 2225 4108; x_wconf 88' lang='lat' dir='ltr'><em>eccle·</em></span> <span class='ocrx_word' id='word_1_629' title='bbox 2269 4066 2275 4077; x_wconf 53' lang='lat'><em>,</em></span> 
     </span>
     <span class='ocr_line' id='line_1_44' title="bbox 224 4125 2226 4211; baseline 0.001 -19"><span class='ocrx_word' id='word_1_630' title='bbox 224 4128 310 4192; x_wconf 85' lang='lat' dir='ltr'><em>rium</em></span> <span class='ocrx_word' id='word_1_631' title='bbox 325 4125 529 4208; x_wconf 81' lang='lat' dir='ltr'><em>pricilepinm</em></span> <span class='ocrx_word' id='word_1_632' title='bbox 551 4127 614 4191; x_wconf 85' lang='lat' dir='ltr'><em>Leo</em></span> <span class='ocrx_word' id='word_1_633' title='bbox 639 4129 706 4209; x_wconf 89' lang='lat' dir='ltr'><em>ipse</em></span> <span class='ocrx_word' id='word_1_634' title='bbox 733 4129 896 4209; x_wconf 73' lang='lat' dir='ltr'><em>mufitdur.</em></span> <span class='ocrx_word' id='word_1_635' title='bbox 941 4127 1027 4192; x_wconf 88' lang='lat' dir='ltr'><em>Nam</em></span> <span class='ocrx_word' id='word_1_636' title='bbox 1048 4149 1143 4210; x_wconf 76' lang='lat' dir='ltr'><em>quum</em></span> <span class='ocrx_word' id='word_1_637' title='bbox 1164 4128 1199 4191; x_wconf 92' lang='lat' dir='ltr'><em>id</em></span> <span class='ocrx_word' id='word_1_638' title='bbox 1250 4131 1318 4194; x_wconf 91' lang='lat' dir='ltr'><em>siae</em></span> <span class='ocrx_word' id='word_1_639' title='bbox 1345 4130 1380 4193; x_wconf 84' lang='lat' dir='ltr'><em>nr</em></span> <span class='ocrx_word' id='word_1_640' title='bbox 1405 4130 1497 4194; x_wconf 81' lang='lat' dir='ltr'><em>terris</em></span> <span class='ocrx_word' id='word_1_641' title='bbox 1521 4135 1628 4211; x_wconf 84' lang='lat' dir='ltr'><em>caput,</em></span> <span class='ocrx_word' id='word_1_642' title='bbox 1656 4128 1854 4195; x_wconf 84' lang='lat' dir='ltr'><em>rusciebotnr.</em></span> <span class='ocrx_word' id='word_1_643' title='bbox 1901 4129 1987 4210; x_wconf 73' lang='lat' dir='ltr'><em>Quod</em></span> <span class='ocrx_word' id='word_1_644' title='bbox 2015 4129 2045 4193; x_wconf 86' lang='lat' dir='ltr'><em>si</em></span> <span class='ocrx_word' id='word_1_645' title='bbox 2065 4129 2125 4193; x_wconf 85' lang='lat' dir='ltr'><em>tole</em></span> <span class='ocrx_word' id='word_1_646' title='bbox 2146 4130 2226 4210; x_wconf 82' lang='lat' dir='ltr'><em>quid</em></span> 
     </span>
     <span class='ocr_line' id='line_1_45' title="bbox 218 4210 2226 4298; baseline 0.001 -22"><span class='ocrx_word' id='word_1_647' title='bbox 218 4213 298 4295; x_wconf 89' lang='lat' dir='ltr'><em>petit</em></span> <span class='ocrx_word' id='word_1_648' title='bbox 329 4233 351 4275; x_wconf 90' lang='lat' dir='ltr'><em>a</em></span> <span class='ocrx_word' id='word_1_649' title='bbox 379 4210 545 4276; x_wconf 85' lang='lat' dir='ltr'><em>Marciano</em></span> <span class='ocrx_word' id='word_1_650' title='bbox 572 4215 755 4295; x_wconf 84' lang='lat' dir='ltr'><em>imperatore</em></span> <span class='ocrx_word' id='word_1_651' title='bbox 786 4218 813 4277; x_wconf 87' lang='lat' dir='ltr'><em>et</em></span> <span class='ocrx_word' id='word_1_652' title='bbox 842 4213 1010 4279; x_wconf 83' lang='lat' dir='ltr'><em>Pulcloerio</em></span> <span class='ocrx_word' id='word_1_653' title='bbox 1042 4214 1198 4298; x_wconf 81' lang='lat' dir='ltr'><em>Aupnsto,</em></span> <span class='ocrx_word' id='word_1_654' title='bbox 1251 4236 1372 4280; x_wconf 88' lang='lat' dir='ltr'><em>sumere</em></span> <span class='ocrx_word' id='word_1_655' title='bbox 1402 4215 1464 4279; x_wconf 87' lang='lat' dir='ltr'><em>sibi</em></span> <span class='ocrx_word' id='word_1_656' title='bbox 1496 4236 1594 4280; x_wconf 85' lang='lat' dir='ltr'><em>ausus</em></span> <span class='ocrx_word' id='word_1_657' title='bbox 1622 4216 1734 4297; x_wconf 77' lang='lat' dir='ltr'><em>fnisset</em></span> <span class='ocrx_word' id='word_1_658' title='bbox 1760 4235 1908 4279; x_wconf 85' lang='lat' dir='ltr'><em>roncanus</em></span> <span class='ocrx_word' id='word_1_659' title='bbox 1935 4216 2109 4295; x_wconf 82' lang='lat' dir='ltr'><em>episcopus,</em></span> <span class='ocrx_word' id='word_1_660' title='bbox 2135 4220 2226 4278; x_wconf 77' lang='lat' dir='ltr'><em>mant</em></span> 
     </span>
     <span class='ocr_line' id='line_1_46' title="bbox 224 4296 2225 4381; baseline 0 -18"><span class='ocrx_word' id='word_1_661' title='bbox 224 4318 286 4363; x_wconf 88' lang='lat' dir='ltr'><em>non</em></span> <span class='ocrx_word' id='word_1_662' title='bbox 306 4296 456 4362; x_wconf 88' lang='lat' dir='ltr'><em>contendit</em></span> <span class='ocrx_word' id='word_1_663' title='bbox 476 4296 537 4360; x_wconf 85' lang='lat' dir='ltr'><em>sibi</em></span> <span class='ocrx_word' id='word_1_664' title='bbox 557 4298 673 4376; x_wconf 86' lang='lat' dir='ltr'><em>deberi,</em></span> <span class='ocrx_word' id='word_1_665' title='bbox 695 4300 749 4364; x_wconf 89' lang='lat' dir='ltr'><em>scd</em></span> <span class='ocrx_word' id='word_1_666' title='bbox 770 4304 888 4363; x_wconf 73' lang='lat' dir='ltr'><em>teritum</em></span> <span class='ocrx_word' id='word_1_667' title='bbox 903 4300 1073 4381; x_wconf 74' lang='lat' dir='ltr'><em>procurrit,</em></span> <span class='ocrx_word' id='word_1_668' title='bbox 1102 4300 1200 4363; x_wconf 76' lang='lat' dir='ltr'><em>omeri-</em></span> <span class='ocrx_word' id='word_1_669' title='bbox 1251 4302 1368 4367; x_wconf 86' lang='lat' dir='ltr'><em>cordeli</em></span> <span class='ocrx_word' id='word_1_670' title='bbox 1385 4301 1457 4378; x_wconf 83' lang='lat' dir='ltr'><em>oiri,</em></span> <span class='ocrx_word' id='word_1_671' title='bbox 1479 4302 1535 4381; x_wconf 75' lang='lat' dir='ltr'><em>qui</em></span> <span class='ocrx_word' id='word_1_672' title='bbox 1551 4321 1623 4364; x_wconf 80' lang='lat' dir='ltr'><em>neon</em></span> <span class='ocrx_word' id='word_1_673' title='bbox 1639 4302 1707 4366; x_wconf 74' lang='lat' dir='ltr'><em>dus</em></span> <span class='ocrx_word' id='word_1_674' title='bbox 1723 4300 1888 4365; x_wconf 84' lang='lat' dir='ltr'><em>stultitiam</em></span> <span class='ocrx_word' id='word_1_675' title='bbox 1908 4301 2113 4381; x_wconf 87' lang='lat' dir='ltr'><em>reprimerent.</em></span> <span class='ocrx_word' id='word_1_676' title='bbox 2147 4299 2225 4363; x_wconf 86' lang='lat' dir='ltr'><em>Hie-</em></span> 
     </span>
     <span class='ocr_line' id='line_1_47' title="bbox 225 4381 2226 4469; baseline 0.001 -21"><span class='ocrx_word' id='word_1_677' title='bbox 225 4384 302 4448; x_wconf 70' lang='lat' dir='ltr'><em>taus</em></span> <span class='ocrx_word' id='word_1_678' title='bbox 328 4384 383 4464; x_wconf 81' lang='lat' dir='ltr'><em>qui</em></span> <span class='ocrx_word' id='word_1_679' title='bbox 410 4381 552 4464; x_wconf 87' lang='lat' dir='ltr'><em>epbesino</em></span> <span class='ocrx_word' id='word_1_680' title='bbox 578 4384 701 4464; x_wconf 78' lang='lat' dir='ltr'><em>canutio</em></span> <span class='ocrx_word' id='word_1_681' title='bbox 723 4384 939 4465; x_wconf 84' lang='lat' dir='ltr'><em>praefuerant,</em></span> <span class='ocrx_word' id='word_1_682' title='bbox 968 4384 1108 4449; x_wconf 88' lang='lat' dir='ltr'><em>turbasse</em></span> <span class='ocrx_word' id='word_1_683' title='bbox 1128 4390 1200 4448; x_wconf 87' lang='lat' dir='ltr'><em>tunc</em></span> <span class='ocrx_word' id='word_1_684' title='bbox 1250 4407 1405 4469; x_wconf 86' lang='lat' dir='ltr'><em>ronpmus,</em></span> <span class='ocrx_word' id='word_1_685' title='bbox 1427 4407 1523 4468; x_wconf 76' lang='lat' dir='ltr'><em>quum</em></span> <span class='ocrx_word' id='word_1_686' title='bbox 1543 4407 1692 4451; x_wconf 82' lang='lat' dir='ltr'><em>rumonus</em></span> <span class='ocrx_word' id='word_1_687' title='bbox 1713 4390 1790 4450; x_wconf 91' lang='lat' dir='ltr'><em>esset</em></span> <span class='ocrx_word' id='word_1_688' title='bbox 1800 4385 1968 4466; x_wconf 72' lang='lat' dir='ltr'><em>presbrder,</em></span> <span class='ocrx_word' id='word_1_689' title='bbox 1990 4407 2050 4450; x_wconf 91' lang='lat' dir='ltr'><em>non</em></span> <span class='ocrx_word' id='word_1_690' title='bbox 2067 4385 2226 4469; x_wconf 75' lang='lat' dir='ltr'><em>molipnus</em></span> 
     </span>
     <span class='ocr_line' id='line_1_48' title="bbox 225 4466 2226 4556; baseline -0 -21"><span class='ocrx_word' id='word_1_691' title='bbox 225 4466 345 4546; x_wconf 77' lang='lat' dir='ltr'><em>omnia,</em></span> <span class='ocrx_word' id='word_1_692' title='bbox 376 4473 490 4532; x_wconf 83' lang='lat' dir='ltr'><em>elsua</em></span> <span class='ocrx_word' id='word_1_693' title='bbox 512 4473 660 4548; x_wconf 88' lang='lat' dir='ltr'><em>potestate</em></span> <span class='ocrx_word' id='word_1_694' title='bbox 686 4470 766 4534; x_wconf 90' lang='lat' dir='ltr'><em>male</em></span> <span class='ocrx_word' id='word_1_695' title='bbox 798 4470 920 4535; x_wconf 90' lang='lat' dir='ltr'><em>abusos.</em></span> <span class='ocrx_word' id='word_1_696' title='bbox 966 4471 1069 4551; x_wconf 59' lang='lat' dir='ltr'><em>Qum</em></span> <span class='ocrx_word' id='word_1_697' title='bbox 1096 4471 1200 4551; x_wconf 74' lang='lat' dir='ltr'><em>itaque</em></span> <span class='ocrx_word' id='word_1_698' title='bbox 1248 4473 1311 4554; x_wconf 75' lang='lat' dir='ltr'><em>fuit</em></span> <span class='ocrx_word' id='word_1_699' title='bbox 1330 4473 1367 4536; x_wconf 89' lang='lat' dir='ltr'><em>in</em></span> <span class='ocrx_word' id='word_1_700' title='bbox 1389 4472 1604 4554; x_wconf 89' lang='lat' dir='ltr'><em>praedicanda</em></span> <span class='ocrx_word' id='word_1_701' title='bbox 1624 4472 1763 4537; x_wconf 82' lang='lat' dir='ltr'><em>ecclesiae</em></span> <span class='ocrx_word' id='word_1_702' title='bbox 1783 4492 1859 4535; x_wconf 85' lang='lat' dir='ltr'><em>suae</em></span> <span class='ocrx_word' id='word_1_703' title='bbox 1886 4472 2046 4556; x_wconf 81' lang='lat' dir='ltr'><em>dipnitate,</em></span> <span class='ocrx_word' id='word_1_704' title='bbox 2074 4477 2226 4552; x_wconf 74' lang='lat' dir='ltr'><em>quantum</em></span> 
     </span>
     <span class='ocr_line' id='line_1_49' title="bbox 224 4553 2225 4639; baseline 0.001 -21"><span class='ocrx_word' id='word_1_705' title='bbox 224 4556 317 4638; x_wconf 78' lang='lat' dir='ltr'><em>pravi</em></span> <span class='ocrx_word' id='word_1_706' title='bbox 337 4553 560 4638; x_wconf 71' lang='lat' dir='ltr'><em>rnoderatore2)</em></span> <span class='ocrx_word' id='word_1_707' title='bbox 582 4574 660 4633; x_wconf 89' lang='lat' dir='ltr'><em>opus</em></span> <span class='ocrx_word' id='word_1_708' title='bbox 679 4559 764 4633; x_wconf 91' lang='lat' dir='ltr'><em>esset,</em></span> <span class='ocrx_word' id='word_1_709' title='bbox 786 4575 839 4619; x_wconf 88' lang='lat' dir='ltr'><em>nec</em></span> <span class='ocrx_word' id='word_1_710' title='bbox 855 4560 932 4620; x_wconf 88' lang='lat' dir='ltr'><em>esset</em></span> <span class='ocrx_word' id='word_1_711' title='bbox 948 4554 1126 4634; x_wconf 85' lang='lat' dir='ltr'><em>verisimile,</em></span> <span class='ocrx_word' id='word_1_712' title='bbox 1149 4576 1199 4619; x_wconf 90' lang='lat' dir='ltr'><em>eos</em></span> <span class='ocrx_word' id='word_1_713' title='bbox 1249 4579 1300 4622; x_wconf 91' lang='lat' dir='ltr'><em>res</em></span> <span class='ocrx_word' id='word_1_714' title='bbox 1332 4564 1360 4622; x_wconf 91' lang='lat' dir='ltr'><em>et</em></span> <span class='ocrx_word' id='word_1_715' title='bbox 1389 4564 1558 4639; x_wconf 88' lang='lat' dir='ltr'><em>temporum</em></span> <span class='ocrx_word' id='word_1_716' title='bbox 1584 4563 1684 4623; x_wconf 74' lang='lat' dir='ltr'><em>datus</em></span> <span class='ocrx_word' id='word_1_717' title='bbox 1705 4556 1920 4639; x_wconf 72' lang='lat' dir='ltr'><em>putabantur,-</em></span> <span class='ocrx_word' id='word_1_718' title='bbox 1955 4558 2095 4621; x_wconf 83' lang='lat' dir='ltr'><em>uidemus</em></span> <span class='ocrx_word' id='word_1_719' title='bbox 2121 4562 2225 4621; x_wconf 87' lang='lat' dir='ltr'><em>tamen</em></span> 
     </span>
     <span class='ocr_line' id='line_1_50' title="bbox 226 4638 2225 4727; baseline 0.002 -24"><span class='ocrx_word' id='word_1_720' title='bbox 226 4641 367 4721; x_wconf 79' lang='lat' dir='ltr'><em>quitum</em></span> <span class='ocrx_word' id='word_1_721' title='bbox 388 4639 515 4704; x_wconf 88' lang='lat' dir='ltr'><em>leoeset</em></span> <span class='ocrx_word' id='word_1_722' title='bbox 540 4638 739 4703; x_wconf 88' lang='lat' dir='ltr'><em>tumultuarii</em></span> <span class='ocrx_word' id='word_1_723' title='bbox 763 4641 855 4704; x_wconf 84' lang='lat' dir='ltr'><em>seruet</em></span> <span class='ocrx_word' id='word_1_724' title='bbox 879 4641 1027 4721; x_wconf 77' lang='lat' dir='ltr'><em>fuissent,</em></span> <span class='ocrx_word' id='word_1_725' title='bbox 1058 4640 1100 4704; x_wconf 89' lang='lat' dir='ltr'><em>ad</em></span> <span class='ocrx_word' id='word_1_726' title='bbox 1120 4641 1199 4706; x_wconf 81' lang='lat' dir='ltr'><em>bunc</em></span> <span class='ocrx_word' id='word_1_727' title='bbox 1249 4644 1384 4727; x_wconf 81' lang='lat' dir='ltr'><em>qualite-r</em></span> <span class='ocrx_word' id='word_1_728' title='bbox 1404 4645 1508 4726; x_wconf 90' lang='lat' dir='ltr'><em>ipsam</em></span> <span class='ocrx_word' id='word_1_729' title='bbox 1529 4664 1645 4725; x_wconf 77' lang='lat' dir='ltr'><em>quoqne</em></span> <span class='ocrx_word' id='word_1_730' title='bbox 1665 4644 1700 4706; x_wconf 90' lang='lat' dir='ltr'><em>in</em></span> <span class='ocrx_word' id='word_1_731' title='bbox 1718 4643 1858 4708; x_wconf 78' lang='lat' dir='ltr'><em>orditum</em></span> <span class='ocrx_word' id='word_1_732' title='bbox 1879 4644 2008 4725; x_wconf 78' lang='lat' dir='ltr'><em>redipat.</em></span> <span class='ocrx_word' id='word_1_733' title='bbox 2050 4640 2087 4705; x_wconf 85' lang='lat' dir='ltr'><em>Si</em></span> <span class='ocrx_word' id='word_1_734' title='bbox 2109 4642 2225 4706; x_wconf 84' lang='lat' dir='ltr'><em>euteri-</em></span> 
     </span>
     <span class='ocr_line' id='line_1_51' title="bbox 226 4725 2226 4812; baseline 0 -22"><span class='ocrx_word' id='word_1_735' title='bbox 226 4745 292 4790; x_wconf 91' lang='lat' dir='ltr'><em>rem</em></span> <span class='ocrx_word' id='word_1_736' title='bbox 310 4727 377 4805; x_wconf 76' lang='lat' dir='ltr'><em>sore</em></span> <span class='ocrx_word' id='word_1_737' title='bbox 401 4725 538 4804; x_wconf 90' lang='lat' dir='ltr'><em>idoneos,</em></span> <span class='ocrx_word' id='word_1_738' title='bbox 567 4730 655 4807; x_wconf 83' lang='lat' dir='ltr'><em>repat</em></span> <span class='ocrx_word' id='word_1_739' title='bbox 675 4730 710 4788; x_wconf 90' lang='lat' dir='ltr'><em>ut</em></span> <span class='ocrx_word' id='word_1_740' title='bbox 729 4730 857 4806; x_wconf 86' lang='lat' dir='ltr'><em>propter</em></span> <span class='ocrx_word' id='word_1_741' title='bbox 878 4726 1012 4790; x_wconf 86' lang='lat' dir='ltr'><em>oliorum</em></span> <span class='ocrx_word' id='word_1_742' title='bbox 1033 4727 1199 4792; x_wconf 87' lang='lat' dir='ltr'><em>citiumct</em></span> <span class='ocrx_word' id='word_1_743' title='bbox 1249 4736 1299 4794; x_wconf 88' lang='lat' dir='ltr'><em>tas</em></span> <span class='ocrx_word' id='word_1_744' title='bbox 1330 4731 1505 4812; x_wconf 72' lang='lat' dir='ltr'><em>quondm,</em></span> <span class='ocrx_word' id='word_1_745' title='bbox 1533 4729 1642 4811; x_wconf 73' lang='lat' dir='ltr'><em>inquit</em></span> <span class='ocrx_word' id='word_1_746' title='bbox 1652 4729 1681 4812; x_wconf 82' lang='lat'><em>⁴)</em></span> <span class='ocrx_word' id='word_1_747' title='bbox 1713 4727 1795 4792; x_wconf 87' lang='lat' dir='ltr'><em>orbis</em></span> <span class='ocrx_word' id='word_1_748' title='bbox 1821 4728 1922 4791; x_wconf 89' lang='lat' dir='ltr'><em>maior</em></span> <span class='ocrx_word' id='word_1_749' title='bbox 1952 4733 1996 4792; x_wconf 90' lang='lat' dir='ltr'><em>est</em></span> <span class='ocrx_word' id='word_1_750' title='bbox 2026 4727 2114 4792; x_wconf 88' lang='lat' dir='ltr'><em>urbe:</em></span> <span class='ocrx_word' id='word_1_751' title='bbox 2147 4727 2226 4807; x_wconf 81' lang='lat' dir='ltr'><em>quid</em></span> 
     </span>
     <span class='ocr_line' id='line_1_52' title="bbox 225 4811 2225 4897; baseline 0.002 -23"><span class='ocrx_word' id='word_1_752' title='bbox 225 4811 459 4893; x_wconf 83' lang='lat' dir='ltr'><em>iruptitudincm</em></span> <span class='ocrx_word' id='word_1_753' title='bbox 488 4811 681 4894; x_wconf 74' lang='lat' dir='ltr'><em>pdmnendi</em></span> <span class='ocrx_word' id='word_1_754' title='bbox 715 4812 796 4877; x_wconf 87' lang='lat' dir='ltr'><em>oices</em></span> <span class='ocrx_word' id='word_1_755' title='bbox 824 4812 867 4876; x_wconf 89' lang='lat' dir='ltr'><em>ad</em></span> <span class='ocrx_word' id='word_1_756' title='bbox 898 4830 931 4874; x_wconf 90' lang='lat' dir='ltr'><em>se</em></span> <span class='ocrx_word' id='word_1_757' title='bbox 962 4813 1197 4894; x_wconf 59' lang='lat' dir='ltr'><em>bamffmmtur.</em></span> <span class='ocrx_word' id='word_1_758' title='bbox 1249 4815 1330 4879; x_wconf 80' lang='lat' dir='ltr'><em>milii</em></span> <span class='ocrx_word' id='word_1_759' title='bbox 1346 4816 1472 4897; x_wconf 71' lang='lat' dir='ltr'><em>profers</em></span> <span class='ocrx_word' id='word_1_760' title='bbox 1492 4816 1591 4879; x_wconf 86' lang='lat' dir='ltr'><em>unius</em></span> <span class='ocrx_word' id='word_1_761' title='bbox 1616 4814 1706 4878; x_wconf 87' lang='lat' dir='ltr'><em>urbis</em></span> <span class='ocrx_word' id='word_1_762' title='bbox 1727 4814 1996 4877; x_wconf 78' lang='lat' dir='ltr'><em>consuetudinem?</em></span> <span class='ocrx_word' id='word_1_763' title='bbox 2022 4813 2099 4895; x_wconf 77' lang='lat' dir='ltr'><em>quid</em></span> <span class='ocrx_word' id='word_1_764' title='bbox 2113 4813 2225 4894; x_wconf 74' lang='lat' dir='ltr'><em>ponci</em></span> 
     </span>
     <span class='ocr_line' id='line_1_53' title="bbox 230 4895 2226 4982; baseline 0.003 -24"><span class='ocrx_word' id='word_1_765' title='bbox 230 4896 318 4977; x_wconf 74' lang='lat' dir='ltr'><em>Quod</em></span> <span class='ocrx_word' id='word_1_766' title='bbox 333 4895 492 4979; x_wconf 79' lang='lat' dir='ltr'><em>sinpnlori</em></span> <span class='ocrx_word' id='word_1_767' title='bbox 503 4897 619 4979; x_wconf 84' lang='lat' dir='ltr'><em>pririle</em></span> <span class='ocrx_word' id='word_1_768' title='bbox 645 4897 650 4908; x_wconf 85' lang='lat'>&#39;</span> <span class='ocrx_word' id='word_1_769' title='bbox 686 4902 816 4962; x_wconf 80' lang='lat' dir='ltr'><em>etectm</em></span> <span class='ocrx_word' id='word_1_770' title='bbox 833 4897 972 4962; x_wconf 89' lang='lat' dir='ltr'><em>ordinem</em></span> <span class='ocrx_word' id='word_1_771' title='bbox 987 4899 1115 4980; x_wconf 87' lang='lat' dir='ltr'><em>petitur,</em></span> <span class='ocrx_word' id='word_1_772' title='bbox 1137 4919 1199 4963; x_wconf 92' lang='lat' dir='ltr'><em>non</em></span> <span class='ocrx_word' id='word_1_773' title='bbox 1250 4906 1342 4965; x_wconf 89' lang='lat' dir='ltr'><em>tatem</em></span> <span class='ocrx_word' id='word_1_774' title='bbox 1363 4902 1400 4966; x_wconf 88' lang='lat' dir='ltr'><em>de</em></span> <span class='ocrx_word' id='word_1_775' title='bbox 1420 4921 1483 4981; x_wconf 78' lang='lat' dir='ltr'><em>qua</em></span> <span class='ocrx_word' id='word_1_776' title='bbox 1505 4906 1606 4965; x_wconf 85' lang='lat' dir='ltr'><em>ortum</em></span> <span class='ocrx_word' id='word_1_777' title='bbox 1625 4905 1670 4963; x_wconf 92' lang='lat' dir='ltr'><em>est</em></span> <span class='ocrx_word' id='word_1_778' title='bbox 1689 4899 1906 4981; x_wconf 87' lang='lat' dir='ltr'><em>supercilium,</em></span> <span class='ocrx_word' id='word_1_779' title='bbox 1929 4900 1965 4963; x_wconf 88' lang='lat' dir='ltr'><em>in</em></span> <span class='ocrx_word' id='word_1_780' title='bbox 1985 4899 2064 4982; x_wconf 80' lang='lat' dir='ltr'><em>lepes</em></span> <span class='ocrx_word' id='word_1_781' title='bbox 2084 4898 2226 4965; x_wconf 79' lang='lat' dir='ltr'><em>ecclesiae</em></span> 
     </span>
     <span class='ocr_line' id='line_1_54' title="bbox 226 4982 2227 5067; baseline 0.002 -22"><span class='ocrx_word' id='word_1_782' title='bbox 226 4985 269 5045; x_wconf 79' lang='lat' dir='ltr'><em>est</em></span> <span class='ocrx_word' id='word_1_783' title='bbox 289 4986 366 5046; x_wconf 87' lang='lat' dir='ltr'><em>certe</em></span> <span class='ocrx_word' id='word_1_784' title='bbox 386 5002 424 5047; x_wconf 81' lang='lat' dir='ltr'><em>ec</em></span> <span class='ocrx_word' id='word_1_785' title='bbox 440 4984 593 5049; x_wconf 80' lang='lat' dir='ltr'><em>commum</em></span> <span class='ocrx_word' id='word_1_786' title='bbox 656 5003 679 5046; x_wconf 90' lang='lat' dir='ltr'><em>e.</em></span> <span class='ocrx_word' id='word_1_787' title='bbox 720 4982 778 5049; x_wconf 86' lang='lat' dir='ltr'><em>Ubi</em></span> <span class='ocrx_word' id='word_1_788' title='bbox 795 4983 849 5048; x_wconf 83' lang='lat' dir='ltr'><em>boc</em></span> <span class='ocrx_word' id='word_1_789' title='bbox 864 4988 984 5047; x_wconf 86' lang='lat' dir='ltr'><em>tantum</em></span> <span class='ocrx_word' id='word_1_790' title='bbox 994 4987 1197 5065; x_wconf 69' lang='lat' dir='ltr'><em>partecitru,</em></span> <span class='ocrx_word' id='word_1_791' title='bbox 1250 4987 1415 5051; x_wconf 82' lang='lat' dir='ltr'><em>vindicas?</em></span> <span class='ocrx_word' id='word_1_792' title='bbox 1435 4986 1606 5067; x_wconf 71' lang='lat' dir='ltr'><em>emurque</em></span> <span class='ocrx_word' id='word_1_793' title='bbox 1624 4985 1720 5066; x_wconf 78' lang='lat' dir='ltr'><em>fuerit</em></span> <span class='ocrx_word' id='word_1_794' title='bbox 1741 4985 1909 5067; x_wconf 88' lang='lat' dir='ltr'><em>episcopus,</em></span> <span class='ocrx_word' id='word_1_795' title='bbox 1932 4986 1997 5049; x_wconf 86' lang='lat' dir='ltr'><em>sice</em></span> <span class='ocrx_word' id='word_1_796' title='bbox 2016 4985 2142 5063; x_wconf 81' lang='lat' dir='ltr'><em>Ranae,</em></span> <span class='ocrx_word' id='word_1_797' title='bbox 2160 4985 2227 5050; x_wconf 87' lang='lat' dir='ltr'><em>sive</em></span> 
     </span>
    </p>
   </div>
   <div class='ocr_carea' id='block_1_3' title="bbox 296 5185 2227 5327">
    <p class='ocr_par' dir='ltr' id='par_1_3' title="bbox 296 5185 2227 5327">
     <span class='ocr_line' id='line_1_55' title="bbox 296 5185 2227 5327; baseline 0.003 -22"><span class='ocrx_word' id='word_1_798' title='bbox 296 5253 325 5320; x_wconf 94' lang='lat'><em>1)</em></span> <span class='ocrx_word' id='word_1_799' title='bbox 343 5255 510 5324; x_wconf 73' lang='lat' dir='ltr'><em>patriarchas</em></span> <span class='ocrx_word' id='word_1_800' title='bbox 528 5254 597 5310; x_wconf 77' lang='lat'>1550</span> <span class='ocrx_word' id='word_1_801' title='bbox 613 5270 689 5326; x_wconf 60' lang='lat' dir='ltr'><em>seqq„</em></span> <span class='ocrx_word' id='word_1_802' title='bbox 764 5254 794 5323; x_wconf 80' lang='lat'><em>2)</em></span> <span class='ocrx_word' id='word_1_803' title='bbox 812 5256 997 5310; x_wconf 74' lang='lat' dir='ltr'><em>moderatione</em></span> <span class='ocrx_word' id='word_1_804' title='bbox 1015 5255 1089 5312; x_wconf 79' lang='lat'>1543.</span> <span class='ocrx_word' id='word_1_805' title='bbox 1252 5188 1354 5311; x_wconf 30' lang='lat' dir='ltr'><em>Libii</em></span> <span class='ocrx_word' id='word_1_806' title='bbox 1373 5190 1548 5327; x_wconf 41' lang='lat' dir='ltr'><em>Spolsuileblnse</em></span> <span class='ocrx_word' id='word_1_807' title='bbox 1563 5190 1736 5326; x_wconf 48' lang='lat' dir='ltr'><em>§5131er</em></span> <span class='ocrx_word' id='word_1_808' title='bbox 1810 5187 1841 5323; x_wconf 60' lang='lat' dir='ltr'><em>{l</em></span> <span class='ocrx_word' id='word_1_809' title='bbox 1860 5185 2227 5327; x_wconf 47' lang='lat' dir='ltr'><em>IIislepFilillsiifEiigmriunl.</em></span> 
     </span>
    </p>
   </div>
   <div class='ocr_carea' id='block_1_4' title="bbox 0 0 2397 6020">
    <p class='ocr_par' dir='ltr' id='par_1_4' title="bbox 0 0 2397 6020">
     <span class='ocr_line' id='line_1_56' title="bbox 0 0 2397 6020; baseline 0 0"><span class='ocrx_word' id='word_1_810' title='bbox 0 0 2397 6020; x_wconf 95' lang='lat' dir='ltr'><em> </em></span> 
     </span>
    </p>
   </div>
  </div>
 </body>
</html>
