4770 6030
111 412 116 423 '
189 437 252 500 979
626 393 633 404 ’
766 425 1033 494 6166166616
1054 427 1159 492 666.
1182 424 1362 492 666166
1389 428 1617 489 661-1111.
2133 429 2204 491 oso

1813 524 2071 613 [16166416
2091 537 2202 595 0422.

190 620 421 688 oumcisionem
448 617 581 682 iniicere
604 611 793 680 (1166116166
813 615 1007 694 moliuntur,
1035 636 1103 678 non
1125 616 1170 678 ri·
1265 634 1403 677 ssumus.
1448 612 1572 677 Contra
1593 633 1671 679 vcro
1693 612 1846 678 Christus
1873 613 1936 678 sibi
1958 613 2075 679 adduci
2095 614 2199 680 iubet

190 706 299 772 dicula
319 702 415 768 modo
437 708 566 767 suntet
587 703 676 765 omni
698 702 835 766 rationis
852 702 958 783 specie
976 721 1088 779 vacua,
1111 700 1170 765 sed
1255 698 1312 763 uid
1333 697 1401 763 ita?
1424 699 1501 780 quia
1524 699 1594 764 vita
1615 706 1673 764 est
1717 699 1785 764 Eos
1807 719 1884 782 ergo
1905 707 1943 764 ut
1964 700 2121 779 111111661,
2146 701 2200 767 661

190 795 338 857 1616166
366 788 557 871 pugnantia.
605 787 693 850 Nam
721 787 778 852 ubi
805 787 1005 868 baptismum
1032 785 1074 850 ad
1100 787 1168 870 pri·
1220 785 1395 866 participes
1426 784 1518 863 facit3
1552 805 1654 867 quum
1681 785 1816 848 interim
1847 785 1902 850 isti
1933 785 2031 870 longe
2063 787 2199 854 abactos

189 897 281 942 mum
310 873 489 959 spiritualis
517 873 704 938 certaminis
735 871 821 936 diem
855 879 1001 955 spectare
1023 872 1167 937 affirma·
1220 870 1318 934 morti
1339 868 1536 935 adiudicant
1579 870 1668 934 Nam
1689 871 1717 936 si
1738 872 2005 954 tergiversantur,
2034 894 2101 936 666
2122 871 2200 938 idco

189 970 276 1040 runt,
295 960 574 1026 circumcisionem
592 965 701 1023 autem
720 958 762 1022 ad
780 966 940 1036 octavum,
959 959 1026 1023 iam
1035 964 1168 1040 peracta
1219 957 1327 1038 perire
1347 956 1489 1020 16166166
1517 955 1545 1021 61
1573 955 1633 1020 filii
1649 955 1743 1020 Adae
1760 963 1961 1038 reputentur,
1984 958 2062 1022 satis
2081 979 2200 1040 snper·

189 1043 1099 1127 66166661666166116611661111116611116166
1114 1044 1166 1106 in-
1219 1062 1282 1124 que
1309 1043 1489 1124 scripturae
1520 1042 1705 1107 testimonio
1739 1063 1852 1106 66166
1884 1063 1975 1106 61161
2005 1045 2197 1109 revincitur.

190 1140 324 1198 vertunt
351 1154 388 1197 ac
416 1131 696 1198 circumcisionem
723 1126 855 1212 quidem
885 1131 1027 1212 figuram
1055 1127 1167 1212 appel·
1221 1127 1309 1191 Nam
1330 1149 1431 1210 quum
1451 1127 1488 1190 16
1506 1126 1616 1191 Adam
1633 1147 1747 1192 omnes
1764 1129 1848 1192 6611
1865 1129 2054 1210 pronuntiet
2071 1130 2104 1213 (l
2120 1128 2198 1195 Oor.

192 1217 265 1282 1661
284 1216 529 1283 mortificandae
550 1216 673 1294 carnis,
701 1216 900 1298 baptismum
922 1235 999 1279 vero
1022 1215 1166 1297 sepultu-
1223 1217 1270 1291 15,
1291 1212 1357 1297 22),
1387 1213 1529 1294 66161116
1548 1212 1674 1277 nullam
1696 1214 1760 1278 nisi
1782 1215 1818 1276 in
1840 1213 1971 1279 (11111616
1994 1216 2081 1280 11166
2103 1236 2200 1298 spem

190 1324 272 1381 ram,
294 1305 330 1366 in
352 1324 450 1385 (1666
471 1302 563 1382 nulli,
587 1302 651 1366 nisi
670 1301 738 1366 iam
758 1301 893 1379 mortui,
918 1299 1069 1365 1161166111
1090 1302 1165 1366 6161
1219 1305 1351 1364 1661616.
1397 1296 1471 1378 Quo
1493 1298 1593 1383 igitur
1621 1300 1708 1364 vitae
1725 1299 1883 1364 haeredes
1903 1301 2037 1380 fiamus,
2065 1323 2126 1366 nos
2147 1301 2199 1365 illi

191 1388 285 1470 Quae
307 1389 571 1471 phreneticorum
588 1386 703 1452 deliria
724 1393 817 1452 16616
834 1386 966 1452 16111616
984 1385 1164 1451 dissiliant?
1219 1386 1459 1450 communicare
1480 1391 1614 1466 oportet.
1648 1385 1806 1463 Rursum,
1828 1406 1929 1468 quum
1941 1388 2099 1469 scriptum
2117 1386 2198 1453 alibi

192 1476 226 1540 N
227 1495 282 1539 am
304 1475 411 1556 priore
422 1473 585 1539 sententia
601 1473 782 1557 baptismus
793 1473 1029 1538 circumcisioni
1039 1473 1166 1553 praeire
1219 1471 1401 1536 6116611116
1422 1490 1482 1534 nos
1502 1471 1572 1534 irae
1593 1471 1658 1535 Dei
1679 1492 1793 1536 omnes
1816 1493 1885 1536 6666
1908 1472 2065 1537 obnoxios
2093 1472 2197 1557 (Eplu

193 1560 291 1625 (161161
297 1583 305 1639 ;
331 1581 391 1643 per
410 1560 547 1624 alteram
564 1561 600 1622 in
623 1560 836 1641 posteriorem
863 1559 971 1623 locum
989 1557 1164 1640 relegatur.
1219 1560 1248 1637 2,
1269 1555 1304 1640 3)
1326 1577 1364 1622 66
1384 1557 1420 1619 16
1441 1562 1572 1637 peccato
1592 1563 1763 1639 conceptos
1787 1556 1889 1640 (Psal.
1910 1563 1959 1635 51,
1979 1557 2014 1642 8)
2032 1559 2086 1623 oui
2103 1559 2198 1625 dam·

190 1645 304 1728 Neque
332 1653 442 1710 tamen
470 1665 592 1710 novum
620 1643 807 1726 exemplum
834 1651 897 1722 661,
931 1651 969 1708 61
996 1644 1166 1709 hominum
1218 1644 1307 1707 natio
1328 1649 1483 1724 perpetuo
1505 1641 1677 1719 adhaeret,
1706 1650 1867 1708 enatura
1893 1651 2007 1709 nostra
2033 1644 2197 1729 demigre-

190 1734 329 1816 ingenia,
352 1731 409 1795 ubi
428 1751 488 1813 pro
510 1731 692 1796 certissimo
708 1730 773 1795 Dei
794 1729 894 1795 verbo
911 1728 1050 1794 adorant
1070 1727 1164 1812 quid·
1217 1750 1291 1793 mus
1312 1733 1447 1810 61161161,
1470 1739 1645 1809 antequam
1666 1728 1703 1791 in
1724 1749 1863 1813 regnum
1885 1731 1949 1794 Dei
1972 1729 2081 1795 aditus
2102 1731 2197 1798 nobis

66 1882 70 1887 ,
190 1816 268 1900 quid
300 1817 507 1895 somniarint,
541 1837 672 1880 sursum
705 1814 856 1879 deorsum
888 1816 934 1880 ita
966 1815 1162 1880 volutentur.
1217 1821 1335 1896 1161661.
1380 1814 1426 1877 111
1445 1812 1523 1894 quid
1545 1811 1609 1878 dici
1637 1812 1757 1895 clarius
1780 1823 1901 1897 potest,
1936 1837 2034 1898 quam
2062 1837 2196 1882 carnem

189 1903 259 1967 Nos
290 1923 369 1986 ergo
400 1903 541 1983 priorem
574 1901 665 1965 11166
692 1900 910 1965 differentiam
938 1921 1065 1965 merum
1093 1922 1164 1966 esse
1217 1905 1251 1964 61
1281 1899 1476 1982 sanguinem
1510 1919 1649 1982 regnum
1681 1899 1747 1964 Dei
1777 1901 1942 1982 possidere
1979 1922 2046 1965 non
2076 1901 2194 1984 posse?

190 1988 352 2054 somnium
372 1987 518 2052 dicimus.
563 1984 602 2051 Si
623 1987 658 2050 in
680 1992 792 2051 octavo
815 1985 867 2050 die
894 1984 1017 2051 libebat
1039 1985 1163 2067 ἀλληγο-
1217 1984 1345 2070 (1061.
1368 1981 1501 2067 1666).
1552 1984 1733 2049 Aboleatur
1765 2007 1841 2069 ergo
1868 1986 2024 2069 quidquid
2045 1990 2196 2053 nostru‘m

191 2077 377 2158 61116666
405 2079 516 2137 16666
537 2092 574 2136 66
596 2072 691 2135 modo
717 2070 938 2136 conveniebat.
984 2072 1090 2137 Multo
1112 2094 1164 2138 sa-
1217 2077 1267 2135 661
1288 2069 1388 2156 (quod
1405 2091 1472 2134 non
1488 2070 1571 2133 eitra
1587 2073 1867 2153 regenerationem
1878 2073 1965 2156 fiet),
1986 2081 2056 2137 tum
2066 2095 2196 2156 posses-

190 2160 257 2224 tius
284 2159 397 2236 166111,
426 2166 499 2240 post
520 2165 660 2234 veteres,
699 2176 875 2220 numerum
895 2158 1098 2222 octonarium
1129 2159 1164 2222 in
1218 2159 1341 2221 616666
1363 2155 1447 2220 hano
1469 2155 1563 2238 regni
1589 2176 1768 2222 cernemus.
1812 2159 1964 2241 Denique
1991 2161 2018 2223 61
2044 2180 2122 2224 1616
2145 2158 2196 2224 lo-

191 2245 463 2309 resnrrectionem
482 2249 595 2308 octavo
617 2240 1165 2321 (1161661661616116,66(1611166
1217 2244 1328 2326 quitur
1350 2240 1511 2319 Christus,
1534 2261 1635 2323 quum
1658 2263 1693 2307 se
1714 2245 1818 2308 vitam
1837 2265 1907 2308 esse
1929 2244 2104 2326 praedicat,
2133 2265 2196 2310 666

190 2331 369 2394 novitatem
390 2328 531 2410 pendere
553 2327 686 2407 scimus;
715 2336 772 2392 661
794 2327 837 2392 ad
858 2335 963 2392 totum
983 2330 1165 2411 praesentis
1217 2330 1253 2392 in
1274 2329 1382 2410 ipsum
1404 2327 1503 2391 inseri
1523 2348 1656 2391 necesse
1678 2335 1741 2406 est,
1770 2350 1833 2411 quo
1860 2351 1878 2393 6
1900 2331 2015 2394 mortis
2037 2331 2196 2396 servitute

191 2417 277 2479 11166
298 2435 443 2492 661666,
472 2434 535 2496 (166
556 2414 730 2495 procedere
758 2435 887 2497 semper
914 2412 1010 2478 debet
1028 2414 1166 2478 mortifi·
1218 2435 1411 2478 asseramur.
1467 2413 1514 2476 At
1550 2412 1723 2496 quomodo,
1758 2415 1922 2497 inquiunt,
1956 2422 2197 2499 regenerantur

191 2501 288 2578 catio,
318 2500 432 2578 donec,
459 2520 496 2564 co
517 2505 754 2578 6666666616,
782 2500 853 2581 ipsa
880 2520 1006 2582 quoque
1023 2500 1166 2581 perfecta
1217 2500 1367 2576 infantes,
1389 2519 1450 2563 nee
1472 2499 1549 2563 boni
1570 2519 1631 2562 nec
1648 2499 1727 2563 mali
1745 2501 1927 2583 cognitione
1945 2501 2106 2584 praediti?
2124 2501 2197 2568 1166

190 2587 296 2650 fuerit.
353 2583 549 2668 Quanquam
581 2584 686 2651 videri
723 2591 821 2667 (16661
853 2586 1016 2650 Dominus
1050 2587 1166 2650 6616116
1219 2593 1329 2650 66166
1346 2584 1589 2666 respondemus,
1614 2605 1695 2666 opus
1712 2586 1777 2650 Dei
1794 2588 1892 2651 etiam
1911 2589 1937 2652 si
1956 2589 2064 2669 captui
2081 2593 2198 2652 nostro

190 2669 399 2736 teneritudini
425 2672 609 2753 prospicere
635 2670 790 2749 voluisse,
825 2671 1104 2736 circumcisionem
1130 2672 1166 2734 in
1218 2692 1284 2735 non
1304 2671 1485 2747 subiaceat,
1513 2691 1580 2732 666
1601 2675 1713 2734 16666
1735 2692 1806 2736 esse
1832 2673 1968 2737 nullum.
2012 2674 2114 2738 Porro
2138 2674 2198 2738 in-

190 2757 275 2822 diem
306 2763 459 2822 octavum
491 2756 684 2836 differend03
717 2757 870 2839 quoniam
901 2757 1022 2821 vulnus
1051 2777 1165 2821 recens
1217 2758 1323 2821 166166
1345 2757 1402 2839 (161
1423 2754 1575 2821 servandi
1597 2755 1677 2834 sint,
1703 2764 1848 2823 utecrte
1871 2781 1974 2823 61166
1995 2764 2098 2823 661616
2120 2779 2197 2822 om·
2272 2831 2274 2839 Ι

189 2844 289 2924 natis,
320 2850 353 2906 61
386 2841 493 2907 adhuc
527 2863 546 2906 6
579 2848 685 2906 66116
714 2843 919 2919 rubentibus,
952 2842 1165 2924 periculosius
1218 2844 1296 2906 nino
1327 2841 1426 2924 aliqui
1458 2846 1647 2919 servantur,
1682 2849 1758 2907 ante
1786 2865 1806 2908 6
1833 2845 1975 2909 Domino
2004 2846 2197 2927 regenerari

188 2929 434 2998 16161666161.
479 2926 613 3008 Quanto
635 2928 804 2994 nervosius
827 2935 876 2993 661
894 2927 997 2992 illud?
1021 2949 1081 2993 nos
1098 2929 1166 2993 1616
1217 2929 1352 2993 16161616
1374 2929 1547 2994 obscurum
1569 2933 1627 2990 661.

189 3021 265 3078 6616
286 3020 431 3078 6611666
452 3034 511 3095 per
538 3014 736 3095 baptismum
762 3014 905 3096 sepeliri:
940 3035 1042 3097 quum
1063 3015 1165 3098 scrip·
1305 3017 1355 3078 36.
1399 3014 1487 3078 Nam
1519 3013 1547 3077 61
1584 3012 1766 3095 ingenitam
1803 3016 1864 3080 sibi
1902 3016 2143 3098 corruptionem
2177 3037 2197 3080 6

189 3107 265 3164 1616
287 3099 407 3164 (1166116
429 3099 596 3178 reclamet,
627 3120 744 3164 66666
766 3099 948 3165 conditione
969 3101 1005 3163 in
1025 3107 1166 3165 mortem
1218 3102 1333 3166 matris
1364 3108 1458 3166 61616
1490 3119 1600 3165 secum
1632 3098 1788 3179 61161161,
1828 3123 1867 3167 66
1899 3110 2091 3184 repurgatas
2123 3121 2197 3166 6666

190 3185 328 3267 s'cpcliri,
350 3189 389 3248 61
405 3185 610 3264 emoriemur,
634 3205 672 3250 66
688 3186 971 3251 mortificationem
987 3186 1087 3251 16166
1108 3207 1166 3252 611-
1217 3194 1352 3270 oportet,
1373 3193 1547 3268 antequam
1568 3185 1604 3248 in
1625 3206 1766 3270 regnum
1786 3187 1851 3251 Dei
1873 3187 2101 3265 admittantur,
2130 3207 2196 3269 quo

190 3270 266 3335 inde
304 3269 519 3334 meditemur?
574 3271 648 3335 Iam
685 3269 829 3336 eiusdem
868 3278 918 3336 est
951 3270 1164 3351 dexteritatis,
1217 3272 1301 3336 611111
1316 3272 1500 3356 ingreditur
1519 3269 1681 3352 pollutum
1703 3279 1761 3336 661
1781 3273 1991 3341 maculosum.
2007 3272 2030 3356 ¹)
2063 3271 2197 3354 1111166-

190 3355 275 3438 quod
296 3356 454 3421 foeminas
474 3376 540 3421 non
569 3376 640 3421 esse
666 3356 877 3439 baptizandas
899 3356 1108 3436 cavillantur,
1137 3359 1167 3422 si
1218 3365 1342 3424 catores
1375 3363 1572 3435 nascuntur,
1606 3357 1766 3439 quomodo
1799 3366 1832 3422 et
1863 3359 1974 3424 David
2002 3365 2037 3421 61
2067 3357 2197 3424 Paulus

189 3441 387 3525 baptismum
410 3442 644 3508 circumcisioni
667 3443 862 3507 conformari
879 3449 1034 3525 oporteat.
1077 3444 1166 3509 Nam
1218 3444 1399 3522 affirmant,
1433 3449 1491 3508 aut
1512 3442 1585 3508 Deo
1614 3444 1736 3527 ingrati
1763 3444 1924 3527 invisique
1952 3451 2104 3523 manent,
2138 3449 2198 3508 661

190 3529 218 3593 61
237 3528 531 3610 compertissimum
548 3535 605 3607 661,
629 3529 883 3594 circumcisionis
902 3529 995 3612 signo
1013 3535 1165 3595 testatam
1216 3530 1433 3595 iustificantur
1453 3551 1585 3595 necesse
1607 3536 1665 3594 cst
1710 3530 1756 3594 Et
1776 3530 1854 3612 quid
1881 3530 1969 3594 ultra
1995 3530 2197 3613 quaerimus,

189 3612 289 3678 fuisse
311 3613 445 3677 seminis
465 3613 631 3679 israelitici
653 3615 955 3694 sanctificationem,
985 3636 1165 3680 6116666-
1217 3616 1450 3700 (1666116166
1475 3616 1638 3680 Dominus
1667 3616 1809 3679 affirmet
1836 3616 1941 3700 (1666.
1963 3618 1991 3693 3,
2011 3615 2060 3698 3),
2093 3614 2199 3681 nullis

190 3719 253 3779 que
275 3697 411 3762 dubium
440 3705 504 3777 est,
532 3701 612 3782 quin
638 3701 783 3765 maribus
809 3701 993 3783 pariterue
1015 3702 1165 3766 16661616
1216 3709 1329 3784 1161616
1347 3703 1382 3764 16
1404 3703 1507 3766 11166
1528 3701 1700 3766 coelestem
1725 3701 1926 3785 ingressum,
1955 3702 2019 3766 nisi
2045 3699 2196 3766 renatis?
2258 3717 2265 3731 ’

191 3782 430 3849 sanctificandis
457 3782 571 3849 datum
597 3785 703 3850 166111.
749 3783 828 3850 Sola
861 3793 972 3851 autem
1004 3787 1165 3854 masculo-
1216 3787 1326 3870 Atque
1347 3795 1384 3852 61
1401 3785 1627 3870 obloquutores
1646 3786 1706 3852 hoc
1724 3808 1827 3870 genus
1846 3795 2071 3870 compesceret,
2095 3785 2198 3853 docu-

190 3889 265 3932 rum
286 3889 421 3951 corpora
442 3869 512 3951 ipso
533 3871 812 3953 imprimebantur,
835 3892 918 3954 quae
935 3893 995 3954 per
1011 3880 1166 3938 66111166
1217 3879 1366 3937 666166
1386 3872 1537 3954 praebuit
1556 3872 1592 3935 16
1612 3873 1735 3937 Ioanne
1757 3874 1918 3955 Baptista,
1946 3894 2042 3957 quem
2065 3873 2100 3936 in
2121 3893 2199 3936 ma-

189 3958 348 4037 poterant
393 3952 449 4021 Sic
469 3960 594 4035 16666,
622 3963 659 4021 61
683 3958 843 4023 16661666
869 3979 927 4040 per
950 3979 1004 4023 eos
1025 3959 1165 4025 circum·
1217 3960 1277 4023 tris
1299 3965 1392 4023 utero
1413 3959 1637 4037 sanctificavit,
1660 3959 1737 4040 quid
1759 3961 1794 4022 in
1811 3958 1945 4041 reliquis
1962 3965 2079 4041 posset.
2112 3958 2197 4037 Nec,

191 4039 306 4104 cisioni
326 4039 563 4122 quodammodo
583 4044 868 4109 communicarent
914 4044 1029 4127 Itaque
1046 4044 1166 4110 talibus
1217 4065 1282 4127 (166
1303 4043 1356 4110 hic
1374 4043 1500 4122 ludunt,
1524 4045 1793 4127 tergiversatione
1809 4045 1986 4127 quidquam
2003 4044 2198 4126 proficiunt:

191 4145 304 4190 eorum
324 4125 457 4208 ineptiis
478 4128 590 4209 procul
611 4129 782 4212 ablegatis,
805 4129 840 4194 in
862 4131 1015 4212 baptismi
1037 4150 1075 4195 66
1101 4130 1166 4196 cir-
1217 4129 1252 4194 id
1274 4129 1374 4195 semel
1396 4130 1556 4209 duntaxat
1576 4129 1715 4210 16611161,
1743 4130 1832 4195 6616
1859 4150 1925 4194 666
1947 4131 2058 4195 statim
2079 4151 2199 4195 conse-

191 4210 397 4276 cumcisionis
407 4212 618 4278 similitudine
628 4214 831 4294 haereamus,
849 4236 949 4298 quam
966 4215 1166 4298 amplissime
1218 4221 1351 4297 quatur,
1382 4216 1564 4281 Dominum
1584 4215 1632 4279 ita
1652 4215 1756 4282 solere
1775 4216 1898 4299 passim
1918 4237 1995 4281 cum
2014 4215 2201 4281 infantibus

190 4297 226 4361 in
245 4297 402 4382 mysterio
424 4298 580 4378 interiori,
602 4300 639 4363 in
660 4301 942 4383 promissionibus,
965 4301 1001 4366 in
1023 4323 1100 4381 usu,
1130 4303 1166 4364 in
1218 4321 1324 4384 agere.
1368 4301 1483 4384 Neque
1505 4302 1593 4366 enim
1615 4321 1674 4366 nos
1692 4323 1769 4367 666
1795 4304 1830 4366 16
1858 4302 1992 4367 modum
2019 4301 2198 4366 ratiocina-

191 4382 335 4449 effieacia
357 4383 517 4465 quadrare
539 4385 763 4467 conspicimus.
1217 4408 1301 4451 mur.
1346 4387 1490 4451 Tantum
1507 4386 1678 4452 ostendere
1701 4389 1830 4454 animus
1849 4396 1908 4467 661,
1930 4388 2040 4470 inique
2063 4408 2100 4451 ac
2122 4409 2199 4452 ma·

277 4472 327 4534 35.
371 4469 548 4535 Rationem
580 4491 705 4553 quoque
737 4472 959 4537 firmissimam
991 4470 1166 4538 obtendere
1217 4472 1307 4556 ligne
1329 4474 1493 4538 16116666
1522 4474 1691 4557 angustias
1719 4473 1853 4539 limitari
1880 4475 1920 4538 ab
1949 4476 2018 4540 eius
2038 4473 2104 4536 Dei
2128 4473 2198 4538 vir·

190 4554 252 4619 sibi
274 4554 444 4634 videntur,
477 4576 536 4620 661
557 4555 691 4621 arcendi
722 4558 789 4623 sint
818 4579 839 4622 6
870 4559 1032 4640 baptismo
1062 4559 1165 4641 pueri,
1217 4563 1331 4638 tutem,
1353 4558 1471 4642 quibus
1492 4559 1564 4642 ipsa
1585 4560 1745 4625 contineri
1767 4581 1802 4625 66
1823 4580 1891 4624 666
1912 4562 2058 4625 sustinet.
2104 4559 2199 4625 Tan-

190 4638 269 4703 dum
291 4646 470 4705 causantur
487 4660 556 4704 non
572 4661 643 4706 esse
661 4662 720 4723 1161
741 4648 881 4707 aetatem
899 4642 1005 4710 adhuc
1022 4643 1164 4724 idoneos,
1217 4644 1353 4710 tundem
1374 4644 1475 4710 babet
1495 4644 1648 4728 ponderis
1671 4651 1704 4709 et
1726 4645 1866 4710 altorum
1883 4646 2070 4730 suffugium.
2115 4645 2199 4711 Usi·

189 4725 246 4808 (161
268 4725 432 4810 signatom
453 4725 521 4790 illic
538 4728 731 4810 mysterium
749 4737 971 4811 6666166616.
1004 4728 1165 4794 Idsutem
1217 4736 1285 4795 1616
1306 4730 1486 4812 scripturae
1515 4751 1606 4796 6616
1632 4731 1768 4814 perinde
1796 4731 1906 4797 valere
1928 4732 2072 4815 allegant
2089 4732 2199 4813 parti·

136 4843 141 4853 ,
189 4816 241 4875 661
261 4811 439 4893 spiritualis
462 4813 679 4895 regeneratio,
710 4833 793 4895 quae
820 4813 935 4879 cadere
961 4815 997 4879 in
1023 4816 1165 4898 primam
1217 4816 1339 4896 culam,
1369 4816 1410 4881 ab
1432 4823 1538 4897 utero,
1568 4839 1606 4882 ac
1635 4819 1663 4882 si
1686 4816 1861 4896 diceretur,
1892 4818 2079 4900 spueritia.
2125 4814 2199 4883 Sed

187 4894 362 4960 infantiam
391 4916 458 4960 non
487 4902 601 4979 potest.
650 4899 765 5050 stiffi
796 4897 969 4983 colligrmt,
1001 4921 1068 4965 non
1101 4900 1165 4967 alic
1216 4899 1328 4968 videre
1349 4904 1518 4986 perspicue
1540 4902 1624 4982 licet,
1649 4902 1811 4988 angelum,
1834 4924 1936 4986 quum
1956 4903 1990 4966 id
2012 4901 2199 4969 Zachariae

186 4981 257 5047 loco
278 4980 446 5046 habendos
466 5002 566 5066 quam
586 5003 645 5067 pro
665 4984 698 5048 A
780 4983 866 5063 filiis,
895 4984 996 5052 donec
1017 4987 1053 5050 in
1075 4994 1164 5053 6616-
1216 4986 1432 5068 denuntiaret,
1456 4988 1545 5054 aliud
1566 4988 1716 5055 voluisse.
1761 4987 1888 5073 Nempe
1908 4987 2055 5053 nondum
2076 4995 2199 5055 natum

187 5072 256 5132 166
287 5065 489 5132 adoleverint
520 5069 681 5135 secundae
717 5070 884 5138 6611111611
918 5078 1163 5156 congruentem.
1215 5073 1332 5156 spiritu
1353 5080 1466 5141 sancto
1487 5075 1648 5159 repletum
1670 5075 1719 5139 iri.
1752 5074 1804 5139 Ne
1825 5093 1903 5158 ergo
1924 5073 2031 5156 legem
2049 5074 2200 5141 Domino

188 5152 292 5235 Atqui
320 5152 372 5216 his
400 5155 551 5221 omnibus
578 5156 697 5240 ubique
853 5161 910 5221 tur
935 5159 1000 5224 Dei
1031 5159 1162 5225 veritas.

190 5237 327 5304 116661
358 5237 446 5304 16161
476 5239 679 5309 filiosrldao
709 5242 834 5310 sinen‘
869 5250 963 5325 sunt,
995 5244 1165 5311 1666116
1214 5247 1418 5263 ““““”“’

189 5321 434 5407 relinquuntnr3
468 5322 599 5407 quando
629 5327 665 5392 in
691 5327 801 5395 Adam
832 5327 916 5394 nihil
949 5350 1049 5415 quam
1080 5331 1164 5395 mori
1284 5347 1314 5415 1)
1331 5349 1500 5418 inquinatum
1517 5343 1587 5399 1548
1603 5360 1675 5415 seqq.
