4770 6030
194 371 314 438 XLIV
726 369 992 439 INSTITU'HO
1014 367 1290 438 RELIGIONIS
1313 371 1639 441 CHRISTIANAE.

198 562 308 627 audita
329 561 487 644 proferre,
510 561 672 643 prioribus
693 562 860 626 contraria
881 561 1010 640 docere,
1034 560 1087 627 vel
1110 563 1209 626 etiam
1236 562 1334 626 tacite
1356 562 1456 626 semel
1477 562 1641 628 declarata
1661 563 1814 627 oblivioni
1834 562 1972 628 tradere.
2019 560 2196 643 Quodcun-

196 694 258 756 que
280 673 412 737 demum
433 672 590 738 iudicium
611 673 732 755 posteri
755 673 794 738 do
816 673 878 738 hae
901 673 1098 738 christianae
1121 673 1287 765 religionis
1310 674 1513 738 institutione
1536 675 1657 753 serent,
1687 674 1755 739 iam
1776 675 1877 739 trium
1899 674 2101 740 saeculorum
2123 675 2195 740 lau·

196 785 289 850 dibus
311 784 489 862 celebrata,
511 784 593 849 illud
614 784 865 868 haudquaquam
887 785 1071 868 negligent,
1094 784 1146 848 vel
1169 784 1274 849 solum
1295 785 1472 849 immortali
1493 787 1651 850 memoria
1673 785 1823 870 dignum,
1852 787 2004 851 iuvenem
2024 787 2083 850 vix
2104 787 2195 870 vige-

195 898 315 961 simum
337 903 465 960 sextum
488 897 604 961 aetatis
626 917 749 959 annum
769 896 955 980 ingressum
977 896 1042 960 tale
1064 894 1228 960 doetrinae
1250 908 1393 981 systema
1416 897 1524 961 animo
1545 899 1739 979 concepisse,
1761 897 1797 961 in
1817 917 1889 978 quo,
1913 898 1999 962 inter
2020 898 2196 963 acerrimas

194 1028 270 1074 oum
298 1007 404 1071 omnis
433 1007 563 1090 generis
591 1007 786 1073 adversariis
814 1007 934 1086 luctas,
965 1015 998 1071 ct
1025 1015 1098 1090 post
1118 1008 1251 1072 iteratas
1279 1007 1464 1092 corrigendi
1492 1008 1740 1092 expoliendique
1770 1029 1880 1088 curas,
1906 1029 2008 1092 usque
2030 1008 2196 1074 confiden-

193 1120 317 1185 tissime
340 1119 515 1183 subsistere
537 1120 686 1201 potuerit.

1036 1515 1239 1602 CAPUT
1270 1516 1348 1598 IV.

625 1718 988 1816 EDITIONES
1014 1719 1272 1816 DUBIAE
1300 1718 1432 1817 VEL
1460 1720 1773 1862 SPURIAE.

348 1908 485 1973 Praeter
507 1903 619 1970 decern
645 1905 718 1969 illas
739 1904 895 1970 editiones
916 1926 997 1987 quas
1019 1905 1114 1970 modo
1137 1907 1373 1984 recensuimus,
1403 1906 1513 1988 plures
1539 1906 1622 1970 aliae
1648 1907 1769 1973 latinae
1792 1930 1812 1973 a
1832 1909 1912 1974 viris
1934 1908 2035 1974 doctis
2056 1908 2196 1975 laudan·

194 2027 262 2099 tur,
293 2021 386 2102 quasi
414 2018 588 2100 superstite
609 2015 747 2082 Oalvino
776 2018 969 2100 impressae,
998 2016 1037 2080 de
1058 2017 1175 2098 quibus
1196 2019 1328 2081 omnino
1350 2025 1439 2082 certa
1464 2018 1523 2083 tibi
1553 2017 1682 2083 tradere
1702 2040 1769 2084 non
1789 2038 1977 2103 possumus,
2004 1995 2057 2086 vel
2086 2022 2196 2103 potius

194 2154 274 2215 quas
296 2152 441 2213 unquam
462 2151 498 2194 re
519 2150 599 2193 vcra
620 2129 784 2194 exstitisse
805 2128 898 2194 66116
919 2128 968 2191 illi
990 2149 1056 2192 non
1081 2135 1322 2211 persuaserunt.
1373 2129 1447 2193 Iam
1469 2127 1509 2192 de
1535 2128 1588 2192 116
1610 2150 1750 2212 666666,
1779 2153 1821 2196 66
1843 2131 1920 2213 6611
1947 2133 2115 2216 ignorasse
2137 2141 2197 2199 aut

194 2243 378 2328 neglexisse
404 2241 587 2317 videamur,
615 2240 773 2305 nonnulla
801 2240 855 2305 hio
883 2239 1041 2305 subiicere
1063 2240 1167 2305 liceat.
1213 2237 1281 2305 Sex
1310 2241 1403 2331 nobis
1431 2240 1517 2304 tituli
1538 2241 1754 2306 innotuerunt
1774 2263 1912 2324 quorum
1934 2243 2138 2310 authentiam
2159 2245 2196 2310 in

195 2354 330 2419 dubium
351 2374 475 2432 vocare,
499 2353 578 2418 satis
599 2351 717 2416 validis
736 2353 938 2436 argumentis
959 2352 1106 2434 permoti,
1130 2352 1329 2417 audebimus.

348 2466 375 2530 I.
419 2465 636 2530 Doctissimus
658 2462 845 2544 Gerdesius‚
868 2465 904 2528 in
925 2465 992 2528 suis
1015 2462 1231 2529 miscellaneis
1253 2464 1467 2548 groninganis
1489 2463 1533 2528 H.
1562 2468 1587 2528 l.
1611 2487 1641 2548 p.
1664 2467 1737 2529 454.
1761 2470 1856 2530 66161
1878 2471 1927 2531 est
1947 2465 2194 2555 Institutionen)

195 2579 265 2643 sine
286 2578 418 2643 nomine
438 2578 561 2641 autoris
583 2582 616 2640 et
643 2576 713 2640 sine
741 2574 942 2641 dedicatione
965 2574 1006 2640 ad
1030 2575 1157 2660 Regem
1180 2575 1301 2640 editam
1327 2576 1426 2640 fuisse
1448 2581 1623 2657 antequam
1644 2576 1795 2641 Basileae
1822 2597 1881 2660 per
1902 2577 2086 2642 Plattemm
2110 2558 2193 2643 1536

194 2690 417 2756 excuderetur.
461 2689 570 2771 Atque
592 2688 646 2752 hic
668 2688 807 2752 latinum
827 2687 948 2752 librum
975 2688 1070 2751 innui
1093 2709 1134 2750 cx
1157 2709 1194 2752 eo
1215 2709 1341 2770 quoque
1371 2695 1461 2771 patet
1489 2687 1574 2769 quod
1595 2710 1626 2771 p.
1646 2691 1718 2751 462.
1749 2687 1837 2752 idern
1859 2686 1898 2752 de
1922 2689 2030 2772 prima
2051 2688 2194 2755 editione

193 2801 311 2886 gallica
338 2801 379 2867 ad
407 2822 531 2866 annum
556 2800 804 2882 quadragesimo
834 2799 947 2880 quinto
974 2800 1160 2881 propiorem
1190 2799 1361 2864 referenda
1391 2800 1476 2864 (11611.
1528 2797 1639 2879 Quam
1666 2820 1785 2882 parum
1807 2807 1957 2865 accurate
1979 2801 2194 2866 haecomnia

192 2912 280 2978 diota
307 2914 388 2991 sint,
417 2918 602 2995 quantaque
630 2933 672 2975 611
699 2932 810 2975 rerum
838 2911 1024 2976 confusione
1051 2918 1144 2988 nata,
1174 2910 1325 2976 hocloco
1348 2911 1571 2976 (166166611616
1598 2931 1875 2992 supervacaneum
1897 2910 2061 2998 ducimus,
2090 2933 2193 2994 quum

192 3046 275 3108 qnae
298 3045 397 3106 66616
418 3022 534 3107 Capite
556 3029 666 3088 nostro
688 3020 828 3088 6666616
851 3021 891 3085 16
913 3021 1053 3086 61111666
1075 3023 1221 3105 principe
1243 3022 1479 3105 disputavimus
1501 3022 1639 3105 sapienti
1662 3028 1714 3086 661
1735 3043 1805 3087 6666
1826 3023 1960 3104 possint.

347 3136 392 3198 Π.
437 3134 531 3199 11616
558 3133 669 3199 eodem
698 3134 768 3199 loco
796 3154 826 3215 p.
848 3138 920 3196 460.
950 3155 992 3197 ex
1015 3133 1156 3198 Gesneri
1177 3134 1383 3199 Bibliotheca
1409 3133 1586 3198 editionem
1608 3140 1907 3216 argentoratensem
1931 3135 2009 3198 anni
2034 3137 2191 3200 154416-

193 3254 317 3326 666661;
340 3247 431 3312 66166
452 3267 613 3328 nusquam
635 3251 796 3309 terrarum
818 3265 923 3326 neque
944 3244 1030 3327 apud
1052 3245 1225 3329 scriptores
1248 3247 1295 3309 rei
1316 3245 1480 3310 literariae
1502 3244 1663 3326 6666616
1686 3245 1814 3309 66116116
1836 3245 1993 3310 librorum
2015 3247 2192 3330 vestigium

192 3357 474 3442 deprehendimus.
524 3357 651 3421 Verum
678 3357 873 3439 1666611666
900 3378 940 3420 cx
966 3362 1128 3420 66616616
1151 3356 1264 3435 adda-t,
1293 3378 1373 3439 6666
1401 3357 1445 3421 111
1474 3357 1509 3420 16
1536 3361 1674 3439 6661661
1702 3355 1802 3421 libros
1823 3355 2031 3422 distributum
2052 3380 2192 3440 quorum

192 3472 300 3552 capita
327 3469 368 3534 61
396 3491 570 3533 numerum
602 3468 845 3552 octogenarium
870 3475 1058 3552 assurgant,
1092 3489 1235 3531 errorem
1264 3468 1317 3533 hio
1344 3467 1476 3533 subesse
1508 3489 1574 3532 non
1602 3462 1765 3549 estquod
1791 3467 1938 3549 pluribus
1971 3469 2191 3535 ostendamus.

193 3582 282 3647 Talis
303 3583 391 3647 enim
411 3583 518 3664 operis
541 3580 657 3645 divisio
679 3587 755 3644 ante
778 3601 900 3645 annum
926 3583 1005 3643 1559
1029 3579 1120 3643 nulla
1141 3579 1211 3642 fuit.
2039 3657 2043 3663 Ι

344 3694 408 3761 ΙΠ.
458 3693 646 3758 Editionem
672 3713 888 3775 genevensem
917 3711 1002 3754 anno
1029 3694 1109 3753 1545
1143 3691 1247 3756 forma
1273 3691 1420 3756 maxima
1442 3712 1595 3755 excusam
1618 3690 1759 3780 laudant
1786 3692 1911 3773 plures,
1940 3666 2193 3776 iiqucalioquin

70 3847 80 3863 .
176 3807 325 3898 ⁸minime
346 3804 520 3889 spernendi
542 3805 724 3886 scriptores.
758 3803 889 3868 Videsis
909 3809 1039 3884 praeter
1060 3801 1256 3867 Gordesium
1277 3802 1297 3866 l.
1320 3801 1341 3866 l.
1365 3802 1479 3885 Vogtii
1501 3800 1696 3886 Oatalogum
1712 3792 1871 3867 librorum
1887 3803 2049 3867 rariorum
2066 3825 2096 3885 p.
2120 3807 2190 3869 164.

189 3919 274 3983 Dav.
299 3916 462 3995 Olement,
491 3916 577 3981 Bibl.
608 3938 673 3981 cur.
696 3915 756 3979 VI.
781 3919 830 3979 79.
865 3916 920 4009 Ῥ.
943 3914 1076 4000 Henry,
1103 3916 1137 3980 in
1163 3916 1233 3980 vita
1260 3913 1402 3979 (1611161
1418 3913 1568 3996 Append.
1593 3914 1629 3976 Τ.
1653 3914 1718 3977 ΙΠ.
1748 3935 1778 3995 p.
1806 3909 1875 3977 179,
1920 3914 2047 3978 Verum
2074 3935 2115 3978 ex
2137 3915 2192 3980 his

189 4030 340 4094 omnibus
363 4050 459 4093 nemo
480 4028 580 4093 talem
601 4027 722 4091 librum
744 4048 779 4092 66
798 4047 944 4108 6666661
964 4026 1085 4092 vidisse
1106 4028 1256 4104 affirmat,
1280 4025 1337 4090 sed
1359 4025 1495 4090 candide
1512 4046 1625 4089 omnes
1643 4025 1766 4089 fontem
1783 4025 1963 4107 vademqne
1985 4024 2044 4113 tibi
2068 4026 2191 4090 sistunt

189 4139 379 4206 Cornelium
401 4138 647 4223 Schultingium
669 4139 808 4222 Belgam
835 4139 889 4221 qui
918 4139 952 4201 in
982 4160 1042 4203 sua
1063 4137 1258 4203 bibliotheca
1278 4137 1438 4203 catholica
1465 4144 1498 4200 61
1525 4136 1706 4201 orthodoxa
1728 4157 1756 4200 a.
1784 4139 1864 4200 1602
1888 4135 2042 4201 Oolom'ae
2065 4137 2189 4219 Agrip-

187 4253 284 4336 pinae
306 4252 393 4317 edita
414 4253 451 4316 Τ.
475 4253 501 4315 Ι.
528 4273 559 4334 p.
582 4256 629 4314 19.
654 4252 699 4316 616
721 4251 875 4332 loquitur:
908 4249 1021 4314 Prima
1042 4249 1134 4313 editio
1162 4269 1241 4312 611116
1268 4251 1359 4312 1536
1380 4247 1528 4313 Basileus
1548 4248 1583 4311 111
1606 4251 1669 4327 606
1690 4248 1825 4312 sesama
1850 4268 1930 4312 66116
1956 4251 2047 4313 1539
2068 4248 2191 4330 Aryca-

186 4366 279 4429 torati
307 4364 341 4428 tc
369 4362 459 4443 solio;
488 4364 579 4428 tertie
604 4383 685 4427 ccco
709 4365 800 4426 1545
823 4360 962 4426 Goaeoae
983 4362 1018 4425 16
1044 4360 1118 4441 folio
1146 4364 1173 4424 61
1196 4363 1259 4438 8⁰.,·
1286 4365 1399 4440 quarto
1427 4380 1509 4424 61166
1533 4363 1624 4424 1559
1648 4360 1787 4425 Geretae
1808 4359 1843 4422 ia
1866 4359 1941 4440 folio
1962 4364 1990 4424 et
2013 4362 2059 4424 8⁰.
2104 4356 2189 4439 Quis
2280 4384 2281 4388 ¹

187 4496 305 4556 quaeso
327 4460 447 4540 1111661
469 4497 489 4540 6
514 4475 645 4539 6616166
669 4475 703 4539 16
732 4473 876 4539 16611661
896 4473 1075 4564 6161616111,
1104 4473 1138 4535 16
1160 4471 1254 4536 nulla
1273 4471 1471 4537 bibliotheca
1493 4472 1638 4551 obvium,
1665 4471 1725 4536 tali
1747 4469 1875 4536 vindice
1899 4470 2049 4554 genuinis
2071 4493 2189 4537 66666-

188 4585 291 4650 sebit?
337 4585 404 4667 Qui
425 4587 583 4668 plurimas
606 4606 701 4651 veras
723 4592 755 4650 61
778 4585 982 4650 authenticas
1004 4583 1178 4663 editiones,
1207 4590 1489 4667 argentoratenses
1517 4605 1677 4649 annorum
1702 4584 1959 4661 1543611545,
1987 4604 2189 4667 6666166666

192 4701 281 4760 1550.
308 4702 398 4762 1553.
427 4703 507 4761 1554
530 4719 630 4780 66616
652 4698 793 4780 ignoret,
822 4697 937 4760 morito
958 4695 1073 4761 dubiae
1094 4695 1171 4759 fidei
1199 4697 1338 4778 scriptor
1359 4696 1451 4762 nobis
1473 4697 1610 4763 videtur.
1656 4694 1796 4765 Minime
1817 4695 1918 4777 igitur
1940 4695 2091 4759 assentiri
2112 4715 2189 4777 pos·

189 4830 301 4874 sumus
323 4811 364 4874 iis
385 4832 468 4892 quac
488 4810 683 4876 recentiores
706 4830 747 4872 611
770 4806 968 4891 Sohultingii
991 4807 1136 4891 catalogo
1156 4808 1284 4872 efficere
1305 4808 1438 4872 volunt:
1460 4809 1562 4875 inscio
1586 4806 1708 4872 scilicet
1736 4813 1769 4869 61
1790 4806 1894 4871 invito
1912 4805 2057 4872 0611166
2082 4806 2189 4872 Rihe·

188 4921 270 4985 lium
298 4942 335 4985 eo
362 4923 432 5004 ipso
459 4943 545 4987 anno
573 4921 703 4985 tertiam
732 4941 825 4984 suam
853 4919 1027 4984 editionem
1050 4919 1220 5002 evulgasse
1248 4940 1310 5001 quo
1340 4927 1434 4984 66161
1456 4920 1612 4986 (1666166
1639 4938 1774 4984 novam·
1789 4918 1961 4983 curaverit.
2007 4918 2110 4984 Addit
2131 4919 2189 4987 ille

189 5054 283 5097 suam
302 5034 400 5097 istam
423 5033 596 5098 editionem
616 5052 781 5096 annexum
804 5031 924 5096 habere
946 5030 1179 5096 catechismum
1201 5052 1418 5115 genevensem
1440 5032 1495 5115 qui
1522 5033 1558 5095 in
1580 5030 1651 5094 aliis
1674 5028 1883 5095 desideretur.
1928 5028 2001 5093 Iam
2022 5029 2076 5095 hic
2097 5051 2189 5095 erro-
2266 5035 2281 5044 ”

189 5146 234 5209 116
256 5144 380 5208 1661616
400 5145 503 5209 latere
525 5146 729 5209 arbitramur.
775 5140 1001 5208 Oatechismus
1024 5143 1111 5207 enim
1133 5163 1248 5206 revera
1270 5164 1355 5207 anno
1385 5147 1466 5207 1545
1490 5142 1645 5208 Genevae
1666 5141 1768 5205 latine
1789 5141 1909 5224 prodiit
1932 5138 1989 5205 sed
2011 5142 2189 5223 separatim

190 5262 224 5319 ot
244 5257 350 5321 forma
370 5257 498 5336 minori,
520 5256 687 5320 Institutio
707 5255 821 5319 maiori
844 5253 901 5320 sed
920 5254 1146 5338 Argentorati,
1173 5254 1221 5318 ita
1241 5260 1279 5318 ut
1308 5254 1452 5319 confirsio
1480 5253 1588 5335 aliqua
1615 5252 1708 5319 166116
1734 5254 1812 5318 61111
1845 5253 1987 5336 66166111
2015 5259 2048 5318 61
2079 5252 2188 5318 fraudi
