4770 6030
190 339 251 401 osi
827 326 927 394 oar.
950 328 1064 394 xvn.
1089 330 1181 415 (111.)
1226 332 1290 395 nn
1312 330 1559 398 asrrrsuo.
2133 343 2197 404 ase

189 429 671 602 iiiiii,⁴²cqii1i4siiitifiect
699 537 778 599 quos
805 518 914 582 visum
941 517 1053 597 firerit,
1085 538 1164 601 quo-
1218 539 1292 587 ccrtc
1323 519 1460 584 Domini
1493 520 1610 586 faciem
1648 519 1948 602 praesentissimam
1981 523 2195 605 recipiuntur.

191 609 286 675 modo
315 607 404 672 hune
430 605 661 682 sanctificavit,
689 602 819 686 quando
847 603 932 667 nihil
960 605 1029 668 eius
1051 604 1165 670 virtuti
1218 601 1310 684 Quos
1331 625 1409 688 ergo
1431 604 1528 686 pleno
1548 605 1632 672 lucis
1654 627 1732 670 suae
1752 605 1878 689 fulgore
1898 607 2123 675 illustraturus
2144 619 2196 678 est
2289 637 2292 642 ·

192 694 339 762 decessit.
1217 689 1396 769 Dominus,
1424 711 1485 755 cur
1505 711 1571 755 non
1592 692 1633 757 iis
1653 712 1780 774 quoque
1800 692 1838 755 in
1859 713 2028 774 praesens,
2054 712 2078 763 si
2100 712 2141 764 ita
2163 714 2194 766 li·

280 784 329 843 37.
374 777 420 841 Et
441 797 519 841 sane
538 775 611 840 ideo
629 775 771 856 aprima
790 774 930 839 infantia
946 776 1166 840 sanctificatus
1218 792 1322 857 tacut,
1346 777 1466 860 exigua
1487 776 1629 842 scintilla
1649 775 1843 842 irradiaret?
1876 777 1954 843 Non
1975 777 2061 862 quod
2080 779 2196 847 eadem

191 868 255 932 fuit
277 863 445 940 Christus,
474 869 512 925 ut
532 883 574 926 ex
596 867 701 926 aetate
722 860 866 942 qualibet
887 862 957 925 sinc
980 860 1166 926 discrimine
1218 881 1289 925 esse
1310 860 1375 926 fide
1394 862 1557 944 praeditos
1579 870 1702 928 temere
1722 863 1886 928 affirmare
1907 864 2017 944 velim,
2040 886 2139 948 quam
2160 869 2195 932 in

193 953 311 1019 electos
333 970 409 1014 suos
427 949 464 1012 in
485 968 520 1012 se
540 949 611 1029 ipso
633 946 858 1011 sanctificaret
902 946 990 1011 Nam
1010 945 1165 1029 quemad·
1217 947 1310 1011 nobis
1327 950 1524 1030 experimur,
1543 969 1591 1017 aut
1608 965 1717 1018 omnino
1739 964 1839 1018 habere
1856 966 1982 1019 notitiam
1999 967 2063 1022 fidei
2079 970 2195 1024 similem

192 1037 325 1103 modum
348 1034 389 1099 ad
412 1033 583 1098 delendam
604 1031 843 1097 inobedientiae
864 1032 1003 1114 culpam,
1026 1053 1108 1113 quae
1130 1033 1166 1094 in
1217 1030 1319 1115 (quod
1335 1034 1370 1097 in
1391 1054 1548 1117 suspenso
1570 1033 1753 1117 relinquere
1775 1033 1896 1119 malo);
1920 1057 2035 1101 verum
2055 1043 2094 1101 ut
2115 1039 2194 1104 isto-

192 1145 290 1189 carne
317 1128 431 1185 nostra
456 1124 644 1204 perpetrata
669 1118 790 1193 fuerat,
813 1138 886 1182 eam
906 1117 1012 1198 ipsam
1033 1138 1165 1182 carnem
1217 1139 1292 1182 rum
1314 1118 1466 1184 stolidam
1489 1121 1712 1203 arrogantiam
1733 1120 1904 1203 paululum
1925 1143 2091 1188 coerceam
2098 1146 2106 1202 ;
2128 1126 2192 1205 qui,

193 1211 254 1274 sibi
276 1207 396 1285 induit,
419 1207 456 1269 in
482 1226 547 1288 qua
568 1204 745 1286 perfectam
772 1223 871 1268 causa
894 1205 1028 1286 viceque
1054 1209 1166 1268 nostra
1216 1211 1314 1286 prout
1338 1204 1453 1270 inflata
1474 1205 1540 1270 illis
1569 1206 1672 1272 bucca
1698 1206 1812 1284 fuerit,
1840 1228 1953 1272 secure
1981 1207 2110 1290 quidvis
2137 1216 2196 1275 aut

192 1293 410 1359 obedientiam
430 1296 625 1373 praestaret,
653 1290 700 1352 ita
720 1288 837 1370 spiritu
857 1296 970 1354 sancte
992 1296 1165 1371 conceptus
1217 1297 1343 1374 negant
1365 1297 1422 1355 aut
1442 1297 1601 1356 asserunt
1638 1351 1644 1362 ,

192 1381 269 1458 fuit,
297 1385 336 1443 ut
364 1378 433 1442 eim
460 1377 632 1442 sanctitate
658 1375 694 1438 in
721 1380 888 1456 assumpta
912 1395 1011 1440 carne
1032 1373 1074 1438 ad
1096 1374 1164 1457 ple-
1304 1378 1353 1440 39,
1398 1376 1612 1459 Verumque
1640 1375 1748 1441 adhuc
1769 1374 1911 1443 validius
1940 1376 2002 1445 hac
2029 1387 2122 1463 parte
2142 1380 2194 1444 in-

192 1464 451 1615 nimgggiffusus·
476 1459 731 1612 izslgnmsgdhnsss
751 1459 1002 1610 transfugiideret
1048 1457 1087 1526 Si
1097 1459 1164 1559 'ab-
1217 1461 1351 1540 sistant,
1380 1462 1578 1611 atgrlllrlrlreetunt
1599 1461 1797 1543 baptismum
1818 1463 2095 1615 poemttggtiaewac
2115 1465 2195 1617 ἓξὲξ
2277 1526 2280 1531 .

191 1573 261 1615 sou
322 1570 478 1613 rmumm
667 1566 687 1610 a
727 1566 879 1628 musgra
905 1565 1164 1610 arumommum
1217 1567 1387 1612 sacramen
1476 1568 1562 1627 esse;
1601 1568 1719 1612 uarum
1758 1569 1919 1613 uumneu
1986 1571 2022 1613 1n
2072 1572 2115 1616 ne

190 1636 374 1717 exemplar,
397 1634 514 1717 quibus
535 1633 621 1697 filios
648 1651 724 1695 suos
745 1631 837 1696 Deus
858 1631 1079 1714 prosequitur,
1101 1631 1164 1697 hac
1214 1632 1387 1697 infantiam
1407 1632 1518 1713 cadat,
1544 1568 1757 1713 sciendum,q
1764 1653 1806 1698 ne
1827 1633 1913 1699 siin
1933 1634 1976 1699 ba
1997 1635 2086 1701 tismi
2107 1658 2194 1703 com·

190 1740 324 1805 quoque*
337 1727 430 1803 parte
452 1719 576 1785 scilieet
592 1716 785 1782 documento
803 1715 895 1781 nobis
913 1718 985 1794 erit,
1005 1717 1164 1782 infantiae
1216 1718 1407 1784 munionem
1435 1718 1644 1798 admittatur,
1673 1719 1782 1784 inanis
1809 1726 1843 1784 et
1870 1655 2010 1786 evanida
2037 1721 2194 1789 reddatur

191 1814 332 1872 aetatem
352 1827 421 1870 non
442 1826 544 1888 usque
566 1803 646 1868 adeo
668 1823 688 1866 a
707 1803 961 1868 sanctificatione
979 1803 1163 1868 abhorrere.
1217 1803 1419 1887 significatio.
1474 1804 1522 1868 At
1552 1805 1641 1869 enim
1673 1803 1755 1869 haec
1785 1804 1852 1869 tela
1881 1805 1919 1869 in
1944 1806 2056 1871 Deum
2087 1811 2193 1894 magis

190 1893 375 1975 Utcunque,
398 1891 460 1956 hoc
480 1899 592 1955 tamen
613 1894 708 1954 extra
728 1889 983 1954 controversiam
1003 1889 1164 1972 ponimus,
1217 1910 1316 1972 quam
1343 1891 1379 1954 in
1400 1910 1460 1955 nos
1490 1888 1686 1973 diriguntur.
1732 1887 1905 1974 Siquidem
1925 1898 1959 1956 et
1977 1893 2194 1960 circumcisio·

190 1979 357 2043 neminem
384 1977 560 2041 aleatorum
591 1996 608 2039 e
635 1975 801 2056 praesenti
834 1975 904 2039 vita
930 1975 1075 2054 evocari,
1108 1975 1165 2057 qui
1217 1996 1295 2040 nem
1322 1976 1423 2042 firisse
1450 1975 1671 2057 poenitentiae
1698 1975 1845 2058 signum,
1873 1977 1986 2042 multis
2015 1980 2194 2045 scriturae

190 2086 256 2129 non
282 2065 373 2146 prius
401 2063 621 2127 sanctificetur
649 2081 687 2125 ae
714 2067 926 2142 regeneretur
947 2061 1012 2124 Dei
1038 2061 1163 2143 spiritu.
1217 2061 1411 2127 testimoniis
1437 2060 1733 2146 compertissimum
1765 2067 1823 2126 est
1879 2062 2010 2128 Deinde
2043 2085 2064 2128 a
2119 2066 2193 2130 aulo

190 2149 288 2231 Quod
309 2157 424 2215 contra
444 2147 621 2226 obiectant,
652 2146 831 2227 scripturae
853 2146 1026 2211 veritatem
1038 2146 1064 2232 ¹)
1091 2146 1165 2211 nul-
1219 2146 1328 2232 (Rem.
1353 2152 1383 2226 4,
1412 2145 1467 2231 ll)
1506 2151 1716 2227 nuncupatur
1753 2146 1899 2230 sigillum
1929 2149 2075 2214 iustitiae
2107 2150 2192 2216 fidei

189 2236 257 2300 lam
279 2235 343 2299 nisi
366 2255 407 2298 ex
429 2231 667 2315 incorruptibili
690 2231 822 2308 semine,
845 2229 880 2294 id
902 2238 952 2296 est
972 2232 1038 2296 Dei
1055 2232 1164 2311 verbo,
1217 2232 1272 2297 Ab
1293 2233 1363 2314 ipso
1382 2233 1493 2316 itaque
1513 2232 1587 2297 Deo
1609 2232 1693 2296 ratio
1715 2232 1882 2314 exigatur,
1911 2255 2064 2299 caream
2086 2237 2194 2301 infan-

190 2321 470 2405 regenerationem
509 2337 699 2402 agnoscere,
740 2337 913 2399 perperam
949 2317 1041 2381 illam
1072 2318 1166 2383 Petri
1217 2318 1302 2382 tium
1329 2318 1516 2401 corporibus
1543 2317 1678 2383 inscribi
1711 2317 1852 2382 iusserit
1895 2319 2073 2403 Postquam
2106 2324 2194 2387 enim

189 2407 385 2472 sententiam
405 2407 662 2487 interpretantur
684 2402 716 2488 (l
733 2404 822 2469 Petr.
848 2407 874 2479 l,
892 2401 946 2487 18)
968 2423 1033 2484 qua
1052 2402 1165 2468 fideles
1217 2404 1253 2468 in
1274 2402 1389 2468 eadem
1410 2409 1487 2469 sunt
1509 2423 1608 2469 causa
1628 2403 1811 2486 baptismus
1832 2409 1866 2467 et
1884 2405 2094 2485 circumcisio,
2118 2408 2194 2473 huic

189 2492 284 2556 modo
326 2489 585 2572 comprehendit,
627 2489 700 2570 qni
719 2487 882 2570 evangelii
924 2488 1165 2575 praedicatione
1217 2489 1301 2553 nihil
1329 2489 1407 2554 dare
1434 2495 1572 2572 possunt
1593 2488 1680 2571 quod
1711 2509 1780 2553 non
1807 2488 1856 2552 illi
1877 2490 1975 2555 simul
2004 2492 2193 2558 concedant.

189 2577 296 2642 edocti
322 2577 461 2640 fucrant.
513 2575 648 2639 Talibus
674 2573 821 2655 quidem,
848 2575 1005 2652 fatemur,
1027 2575 1165 2639 verbum
1218 2572 1257 2641 si
1279 2574 1321 2641 ad
1343 2575 1474 2640 solitum
1502 2574 1690 2641 cuniculum
1712 2581 1914 2656 respectant,
1942 2576 2100 2659 figuratos
2122 2586 2193 2643 tum

188 2663 324 2729 Domini
354 2662 533 2744 spiritualis
562 2682 633 2725 esse
667 2659 922 2744 regenerationis
949 2680 1062 2725 semen
1090 2661 1164 2724 uni-
1217 2661 1317 2726 fuisse
1339 2682 1398 2743 per
1415 2661 1576 2726 infantiae
1594 2666 1735 2725 aetatem
1753 2658 1937 2742 spirituales
1954 2662 2104 2741 infantes,
2128 2665 2195 2729 iam

189 2770 280 2828 cum;
314 2746 372 2812 scd
399 2770 441 2812 ex
469 2768 506 2812 eo
533 2766 693 2830 negamus
717 2744 954 2828 colligendum,
982 2766 1049 2810 non
1070 2765 1164 2828 posse
1217 2747 1384 2812 obstructa
1416 2753 1467 2812 est
1498 2746 1563 2811 illis
1591 2747 1654 2811 via
1698 2745 1847 2811 Dicimus
1875 2766 1969 2831 ergo,
2003 2768 2104 2829 quum
2132 2751 2194 2814 cir-

187 2835 252 2900 Dei
273 2836 395 2899 virtute
416 2833 605 2917 regenerari
626 2832 776 2909 infantes,
800 2852 882 2913 quae
903 2831 952 2895 illi
974 2835 1043 2895 tam
1059 2831 1165 2897 facilis
1217 2833 1450 2898 cumcisionem
1476 2832 1696 2915 poenitentiae
1717 2829 1857 2915 fideique
1878 2839 2121 2899 sacramentum
2143 2834 2195 2897 in·

188 2926 223 2983 et
243 2926 396 3002 prompta
418 2928 481 2996 est,
511 2939 609 3001 quam
637 2918 732 2982 nobis
758 2917 1029 2999 incomprehensa
1052 2925 1086 2983 et
1107 2917 1164 2981 ad-
1216 2918 1360 2984 fantibns
1381 2918 1474 2983 Deus
1504 2917 1766 2998 communicarit,
1795 2938 1862 2982 non
1883 2918 1988 2984 videri
2015 2918 2228 2993 absurdum„

188 3005 356 3069 mirabilis.
406 3003 535 3069 Deinde
556 3025 623 3068 non
653 3003 732 3068 satis
761 3008 869 3067 tutum
891 3003 991 3068 fuerit
1011 3004 1073 3069 hoc
1095 3003 1164 3068 adi-
1215 3005 1245 3069 si
1277 3026 1365 3069 nunc
1397 3004 1552 3087 baptismi
1583 3003 1758 3087 participes
1790 3005 1886 3082 fiant;
1918 3004 1983 3070 nisi
2019 3006 2128 3086 palam
2157 3007 2194 3069 in

189 3111 279 3154 mere
301 3090 462 3169 Domino,
491 3112 533 3153 ne
555 3111 625 3155 sese
653 3089 719 3153 illis
742 3088 987 3171 quoquomodo
1009 3089 1164 3154 exhibere
1216 3091 1281 3156 Dei
1301 3090 1538 3155 institrtionem
1560 3088 1754 3159 debacchari
1780 3088 1894 3171 placet
1938 3090 2066 3154 Verum
2093 3112 2195 3174 quum

188 3175 450 3259 cognoscendum
471 3184 577 3258 queat.
1216 3175 1252 3240 in
1273 3176 1339 3241 Dei
1359 3175 1453 3239 facfis
1475 3174 1636 3253 omnibus,
1658 3181 1730 3238 tum
1750 3175 1787 3238 in
1809 3174 1871 3241 hoc
1893 3196 2018 3258 quoque
2039 3177 2118 3259 ipso,
2141 3199 2194 3242 sa-

275 3264 324 3324 38.
359 3262 406 3324 At
426 3261 516 3338 fides,
535 3261 697 3342 inquiunt,
720 3280 778 3342 per
797 3260 952 3339 auditum,
971 3262 1064 3326 cuius
1082 3282 1164 3325 non·
1216 3262 1260 3325 tis
1285 3261 1481 3343 sapientiae,
1510 3261 1666 3338 iustitiae,
1695 3261 1843 3326 veritatis
1854 3259 1880 3344 ¹)
1908 3260 1951 3325 ad
1971 3262 2194 3328 retundendas

189 3342 268 3409 dum
289 3367 387 3411 usum
408 3346 517 3429 adepti
539 3353 625 3411 sunt
652 3346 722 3410 Nec
739 3347 811 3409 Deo
829 3346 1052 3430 cognoscendo
1069 3368 1164 3429 pares
1216 3347 1391 3430 impiorum
1414 3347 1662 3412 obtrectationes
1682 3346 1815 3412 relucet
1853 3346 1941 3410 Nam
1962 3348 2024 3412 etsi
2041 3348 2192 3426 infantes,

188 3438 420 3514 essequeunt,
443 3432 621 3513 quosboni
647 3432 800 3496 simulet
826 3432 906 3496 mali
926 3434 1044 3497 notitia
1065 3433 1164 3498 desti·
1217 3453 1280 3516 quo
1317 3431 1632 3498 circumcidebantur
1669 3438 1847 3510 momento,
1888 3430 1967 3516 quid
2000 3432 2062 3497 sibi
2094 3433 2194 3499 vellet

188 3523 276 3581 tutos
304 3517 396 3582 docet
422 3518 532 3583 Moses
556 3517 668 3602 (Deut.
691 3521 717 3596 l,
738 3518 802 3600 39).
847 3518 975 3584 Verum
1000 3539 1066 3584 non
1092 3520 1164 3584 ani·
1216 3519 1349 3602 signum
1379 3516 1477 3598 illud,
1510 3518 1616 3593 intelli
1639 3519 1730 3582 entia
1766 3538 1833 3582 non
1864 3517 2192 3599 comprehendebant,

188 3603 401 3668 madvertunt
428 3601 623 3685 apostolum,
651 3623 753 3686 quum
775 3602 924 3667 auditum
945 3604 1022 3669 fidei
1043 3605 1164 3686 princi·
1216 3625 1295 3671 vere
1319 3611 1429 3669 tamen
1457 3539 1771 3670 circumcidebantur
1797 3604 1833 3666 in
1861 3611 2000 3668 naturae
2021 3625 2100 3668 suae
2123 3626 2194 3670 cor·

188 3689 280 3770 pium
301 3689 394 3767 facit,
415 3688 615 3753 ordinariam
636 3695 766 3752 tantum
788 3689 923 3754 Domini
944 3690 1164 3756 oeconomiam
1216 3696 1332 3773 ruptae
1350 3711 1388 3756 ac
1405 3690 1646 3755 contaminatae
1662 3689 1955 3768 mortificationem,
1973 3710 2073 3772 quam
2089 3689 2194 3755 adulti

189 3781 223 3837 et
255 3774 545 3857 dispensationem,
579 3795 678 3856 quam
709 3781 820 3839 tenere
845 3776 881 3839 in
908 3775 1062 3841 vocandis
1089 3769 1163 3840 suis
1214 3782 1328 3859 postea
1348 3775 1595 3842 meditarentur.
2061 3837 2063 3840 Α

189 3860 279 3939 solet,
303 3860 484 3925 describere
491 3883 499 3938 ;
519 3880 585 3925 non
606 3867 716 3925 autem
733 3868 925 3943 perpetuam
946 3861 1089 3926 Domino
1111 3883 1163 3927 re-
1300 3865 1352 3925 40.
1396 3861 1471 3927 Hac
1484 3861 1702 3948 responsione
1723 3859 1825 3925 semel
1845 3860 2012 3939 evertitur,
2035 3859 2193 3944 quidquid

189 3945 302 4027 gulam
323 3947 546 4028 praestituere,
569 3967 612 4010 ne
632 3946 698 4010 alia
719 3949 767 4009 uti
784 3947 910 4012 ratione
926 3949 1036 4029 possit
1072 3945 1162 4028 Quo-
1215 3947 1389 4014 adversum
1411 3968 1472 4012 nos
1492 3952 1646 4031 torquent
1667 3967 1687 4010 a
1707 3945 1860 4028 baptismi
1877 3946 2116 4030 significatione
2132 3968 2190 4029 pe·

188 4031 285 4095 modo
312 4038 399 4096 certe
425 4032 463 4095 in
488 4032 667 4096 multorum
692 4033 861 4098 vocatione
887 4054 967 4098 usus
989 4040 1051 4098 cst:
1080 4053 1163 4116 quos
1215 4035 1321 4098 titum
1365 4031 1472 4113 Quale
1493 4039 1544 4098 est
1564 4032 1722 4116 elogium,
1745 4052 1809 4115 quo
1830 4053 1850 4097 a
1870 4032 1976 4098 Paulo
1997 4033 2187 4115 insignitur,

188 4115 342 4181 interiore
368 4117 479 4194 modo,
510 4118 644 4199 spiritus
672 4117 921 4197 illuminatione,
949 4119 1041 4185 nulla
1061 4121 1162 4184 inter·
1214 4119 1271 4184 ubi
1297 4126 1393 4184 vocat
1425 4119 1594 4185 lavacrum
1625 4117 1880 4202 regenerationis
1909 4124 1943 4183 et
1968 4119 2189 4183 renovationis
2241 4132 2245 4136 ’

188 4200 324 4267 cedente
348 4202 602 4286 praedicatione,
630 4224 709 4269 vera
736 4204 786 4269 sui
813 4206 997 4288 cognitione
1013 4200 1160 4270 'donarit
1215 4203 1293 4290 (rit
1318 4209 1347 4284 3,
1373 4204 1417 4290 5).
1466 4205 1564 4270 Unde
1591 4204 1843 4282 ratiocinantur,
1871 4204 2010 4283 nemini,
2040 4203 2105 4268 nisi
2134 4223 2188 4267 ea-

189 4285 355 4367 Quoniam
377 4296 487 4352 autem
504 4288 600 4354 valde
622 4288 801 4354 absurdum
821 4291 890 4356 fore
911 4297 1039 4373 putant,
1062 4293 1090 4357 si
1110 4291 1162 4355 in·
1214 4311 1290 4356 rum
1310 4311 1423 4355 rerum
1444 4291 1569 4373 capaci,
1597 4287 1837 4355 eonferendum.
1882 4285 1952 4354 Sed
1979 4289 2068 4353 enim
2094 4287 2188 4354 nobis

124 4376 127 4381 ’
187 4372 333 4438 fantibns
358 4374 531 4438 tribuatur·
553 4375 622 4438 ulla
649 4376 788 4458 cognitio
815 4377 881 4441 Dei
909 4397 989 4460 quos
1020 4377 1098 4443 boni
1130 4383 1164 4441 et
1214 4399 1257 4442 ex
1288 4375 1425 4442 adverso
1458 4377 1607 4458 excipere
1638 4375 1728 4441 lieet:
1768 4395 1873 4458 neque
1910 4373 2190 4440 circumcisionem

187 4459 266 4522 mali
287 4459 506 4543 intelligentia
527 4461 637 4526 Moses
658 4462 780 4542 privat,
804 4462 1023 4545 respondeant
1043 4483 1162 4546 quaeso
1215 4462 1288 4528 aliis
1320 4483 1419 4545 quam
1456 4461 1658 4546 regeneratis
1688 4461 1789 4526 firisse
1821 4460 2065 4538 conferendam,
2105 4479 2189 4541 quae

187 4544 271 4607 mihi
293 4544 371 4626 quid
392 4546 527 4626 periculi
550 4548 606 4623 sit,
636 4548 664 4611 si
686 4547 829 4630 aliquam
850 4549 919 4613 eius
942 4551 1066 4631 gratiae
1086 4569 1162 4631 par·
1214 4549 1498 4632 regenerationem
1526 4548 1726 4632 designabat
1771 4548 1879 4629 Atque
1904 4547 1952 4610 ita
1972 4545 2038 4610 Dei
2058 4545 2188 4609 institu-

188 4636 255 4694 tem
282 4652 371 4695 nunc
399 4633 544 4713 accipere
570 4631 737 4710 dicantur,
766 4634 858 4699 cuius
885 4633 984 4716 plena
1009 4635 1162 4719 largitate
1214 4640 1286 4699 tum
1307 4656 1328 4699 a
1347 4635 1441 4699 nobis
1462 4632 1741 4700 condemnabitur.
1773 4629 1917 4697 Proinde
1938 4629 2024 4714 quod
2045 4631 2112 4695 iam
2129 4629 2189 4695 ali-
2227 4631 2239 4640 ’

187 4715 284 4797 paulo
316 4722 390 4798 post
420 4717 650 4799 perfruentur?
695 4719 781 4783 Nam
814 4721 842 4784 si
872 4721 960 4785 vitae
993 4718 1163 4802 plenitudo
1214 4720 1339 4803 quoties
1371 4721 1557 4804 attigimus,
1592 4738 1802 4804 quaecunque
1834 4715 1878 4782 ad
1909 4715 2191 4799 quatefaeiendam

187 4802 331 4882 perfecta
357 4802 422 4866 Dei
447 4804 633 4887 cognitione
654 4811 795 4884 constat,
822 4826 924 4888 quum
945 4826 1059 4870 eorum
1079 4826 1163 4870 non·
1215 4806 1493 4872 circumcisionem
1526 4814 1720 4890 argumenta
1750 4803 1926 4882 inclinant,
1964 4803 2033 4868 vim
2064 4801 2192 4868 nullam

187 4887 288 4967 nulli,
317 4889 373 4970 qui
401 4890 509 4971 prima
535 4890 648 4953 statim
675 4891 814 4955 infantia
840 4891 918 4958 hinc
945 4890 1161 4974 abripiuntur,
1214 4891 1338 4956 habent
1357 4893 1394 4956 in
1414 4890 1634 4977 oppugnando
1654 4889 1824 4974 baptismo.
1869 4888 1983 4970 Neque
2005 4887 2189 4966 elabuntur,

187 4971 223 5034 in
254 4974 358 5038 vitam
390 4981 557 5041 aeternam
585 4983 768 5054 trameant,
803 4976 846 5042 ad
877 4976 1162 5061 contemplandam
1215 4977 1243 5042 si
1270 4975 1428 5056 dixerint,
1458 4983 1580 5044 statum
1600 4997 1671 5042 esse
1692 4973 1786 5040 nobis
1808 4994 1846 5039 ac
1868 4973 1988 5053 fixum,
2018 4972 2106 5058 quod
2126 4973 2192 5040 Dei

258 5246 287 5313 1)
306 5247 437 5314 Spiritum
455 5250 482 5301 11
501 5251 642 5318 scripturis
660 5248 729 5304 1550
745 5265 813 5322 seqq.
1286 5250 1315 5319 1)
1333 5252 1457 5305 vertatis
1474 5250 1558 5304 cata.
1578 5246 1646 5301 1⁶43
1663 5263 1732 5320 aar·
1933 5334 1969 5390 62

1975 5337 1988 5365 .
