4770 6030
89 418 99 440 ‚
188 334 247 395 971
769 326 1034 392 INSTITUTIO
1057 328 1160 391 REL.
1185 326 1366 391 uflslsr.
1392 329 1621 398 1539-1554.
1933 378 1937 384 -
2130 334 2199 394 972

1825 441 2200 512 1616666661.

187 520 230 586 ad
251 518 418 602 spirituale
439 538 516 581 vcro
533 517 727 598 mysterium
744 524 887 580 mentem
904 515 1074 581 advertere
1094 537 1160 580 non
1213 512 1399 576 testamenti
1423 521 1580 595 tempore,
1607 430 1885 583 circumcisiolrcm
1907 518 2088 584 instituisse
2111 541 2195 586 con-

188 603 366 672 sustineat?
417 602 519 666 Cuius
547 603 574 665 si
602 622 666 682 qua
693 600 853 666 habeatur
875 602 972 678 ratio,
1001 602 1161 665 constabit
1211 596 1372 662 firmando
1395 620 1453 661 suo
1476 599 1612 678 foederi;
1635 624 1773 667 cavero
1795 603 1959 687 abrogata,
1983 626 2116 670 manere
2139 617 2195 671 ta

187 690 299 775 616661
321 689 432 764 dubie,
454 685 632 752 infantibus
658 689 774 752 merito
796 686 1016 751 administrari
1038 687 1160 768 baptis·
1211 704 1289 747 men
1319 704 1447 765 semper
1474 684 1611 750 eandem
1640 688 1853 753 confirmandi
1882 691 2057 769 rationem,
2087 713 2193 773 quam

187 798 293 854 mum,
316 775 430 856 utqui
456 773 521 837 illis
549 771 713 836 debeatur.
758 773 832 836 Non
860 773 948 836 enim
970 794 1024 837 eos
1046 773 1160 837 Domi·
1212 789 1287 832 curu
1308 767 1439 833 Iudaeis
1460 791 1665 837 communem
1684 775 1849 840 habemus.
1884 775 2027 841 Proinde
2045 776 2188 860 diligen-

187 885 249 928 nus
276 861 353 924 olim
381 859 633 924 circmncisionis
661 861 887 923 commuuione
918 858 1070 941 dignatis
1101 867 1160 937 est,
1212 860 1263 917 ter
1283 860 1439 935 perpetuo
1461 856 1582 920 intueri
1604 862 1756 924 convenit
1777 861 1854 942 quid
1876 863 2022 943 utrisque
2040 864 2192 929 6116616-

188 948 266 1031 quin
298 967 411 1010 eorum
444 946 589 1008 omnium
616 945 790 1027 participes
817 945 953 1021 faceret,
988 965 1071 1025 quac
1093 966 1162 1026 per
1212 961 1319 1012 mune,
1343 939 1422 1021 quid
1444 940 1492 1003 illi
1510 952 1697 1024 separatum
1714 967 1734 1009 a
1751 947 1843 1011 nobis
1862 947 2012 1011 habeant.
2057 949 2192 1016 Foedus

187 1033 468 1099 circumcisionem
488 1030 710 1112 signabantur.
751 1023 882 1112 Alioqui
903 1031 1002 1093 meris
1024 1031 1161 1111 praesti-
1213 1046 1384 1088 commune
1417 1035 1479 1104 est;
1513 1033 1695 1095 communis
1728 1033 1798 1096 eius
1831 1033 2045 1097 confirmandi
2080 1056 2190 1101 causa.

188 1120 250 1203 giis
281 1117 465 1182 ludificatus
498 1124 583 1180 esset
614 1116 770 1197 populum
799 1137 909 1192 suum,
939 1116 966 1180 si
993 1115 1161 1180 fallacibus
1213 1110 1332 1174 Modus
1354 1112 1569 1176 confirmandi
1591 1123 1719 1179 tantum
1746 1117 1894 1182 diversus
1917 1129 1979 1197 est;
2009 1120 2193 1202 quoderat

189 1203 343 1289 symbolis
365 1225 420 1267 eos
444 1201 605 1277 lactasset,
628 1202 714 1282 quod
736 1202 803 1266 6616
826 1201 939 1266 auditu
961 1200 1162 1265 horrendum
1213 1195 1278 1259 illis
1305 1197 1521 1274 circumcisio,
1553 1201 1587 1262 iu
1619 1202 1710 1267 66166
1742 1204 1849 1268 vicem
1881 1205 2063 1284 baptismus
2096 1207 2192 1273 nobis

189 1298 246 1354 661.
282 1289 413 1353 Diserte
433 1309 573 1370 namque
595 1289 795 1369 pronuntiat,
818 1287 1094 1352 circumcisionem
1111 1288 1161 1350 in-
1213 1283 1374 1346 successit.
1419 1282 1552 1365 Alioqui
1574 1286 1601 1348 si
1619 1289 1841 1352 testimouium
1858 1310 1922 1370 quo
1939 1290 2055 1356 Iudaei
2075 1292 2117 1357 'de
2139 1316 2192 1358 se·

188 1375 307 1440 fantuli
327 1374 397 1439 loce
418 1374 517 1457 sigilli
536 1373 690 1451 futuram,
714 1373 755 1436 ad
772 1371 1008 1457 obsignandam
1024 1372 1162 1438 foederis
1213 1368 1312 1432 minis
1340 1368 1391 1432 sui
1417 1367 1520 1432 salute
1548 1373 1730 1436 continuati
1756 1376 1890 1438 fuerunt
1918 1378 2011 1441 nobis
2042 1378 2190 1460 eripitur,

212 1461 443 1538 remissionem.
499 1457 596 1539 Quod
627 1460 654 1522 si
685 1458 797 1523 foedus
829 1460 962 1523 firmum
994 1467 1027 1522 et
1058 1459 1162 1522 fixum
1214 1451 1337 1516 Christi
1360 1452 1504 1518 adventu
1525 1456 1648 1520 factum
1676 1458 1788 1537 fuerit,
1816 1468 1853 1524 ut
1880 1461 2046 1550 obscurior
2073 1477 2105 1527 et
2126 1467 2192 1529 mi·

224 1554 308 1624 auct,
331 1545 594 1610 Christianorum
615 1544 726 1609 liberis
747 1566 813 1608 non
830 1545 940 1609 minus
962 1544 1162 1609 1161166616-
1212 1561 1276 1602 nus
1296 1540 1479 1636 1681111611
1500 1541 1593 1605 nobis
1615 1544 1678 1607 Dei
1701 1546 1815 1627 gretia,
1839 1568 1938 1628 quam
1965 1556 2042 1612 ante
2058 1550 2193 1616 Iudaeis

188 1634 284 1716 petit,
317 1651 416 1713 quam
443 1630 505 1695 sub
532 1631 635 1694 veteri
664 1638 857 1694 testamento
891 1629 933 1694 ad
965 1628 1162 1694 Iudaeorum
1213 1631 1292 1688 erat.
1337 1622 1378 1687 Id
1399 1645 1427 1688 s1
1449 1625 1512 1689 dici
1534 1648 1600 1690 666
1625 1637 1732 1711 661661
1758 1632 1840 1696 61116
1862 1640 2043 1697 extremam
2065 1634 2192 1700 Christi

188 1719 329 1783 infantes
351 1715 525 1798 spectabat.
570 1717 681 1798 Atqui,
705 1717 799 1793 sirei
821 1717 967 1799 signatae
989 1727 1066 1779 sunt
1086 1737 1162 1797 par·
1213 1710 1452 1806 contumeliam,
1476 1732 1654 1809 66166661
1673 1716 1803 1780 infinita
1824 1719 1927 1799 patris
1949 1719 2075 1785 bonitas
2094 1721 2189 1786 lucu-

188 1805 316 1886 tioipes,
346 1824 408 1868 cur
426 1825 446 1866 a
472 1803 565 1884 signo
588 1801 807 1868 arcebuntur?
836 1803 865 1866 si
886 1802 1057 1866 veritatem
1080 1800 1161 1865 obti-
1212 1794 1332 1859 16611116
1355 1817 1392 1860 ao
1414 1795 1586 1879 benignius
1609 1821 1708 1881 quam
1728 1824 1873 1884 unquam
1899 1805 1934 1868 16
1956 1812 2060 1870 terras
2082 1806 2190 1872 effusa

189 1896 278 1969 nent,
301 1911 359 1954 cur
381 1911 400 1952 6
421 1890 528 1971 figura
550 1886 774 1969 depellentur?
811 1885 1007 1969 Quanquam
1030 1887 1162 1970 signum
1211 1880 1274 1943 fuit
1283 1889 1324 1978 'et
1340 1880 1530 1977 'hominibus
1553 1882 1717 1951 declarata
1723 1889 1854 1980 „fateri
1880 1911 2012 1955 necesse
2034 1900 2095 1968 est,
2117 1914 2188 1958 non

189 1976 333 2041 exterius
361 1976 396 2036 in
424 1980 626 2038 sacramento
651 1973 699 2036 ita
726 1995 800 2037 6616
822 1972 920 2037 verbo
947 1973 1099 2038 cohaeret
1125 1980 1163 2036 ut
1212 1966 1388 2049 mahgmus
1410 1967 1526 2031 saltem
1551 1973 1835 2052 supprimendam,
1863 1997 1924 2040 nec
1951 1977 2078 2042 minore
2095 1979 2189 2043 testi·

190 2060 300 2126 divelli
318 2067 471 2142 nequeat;
493 2060 521 2122 si
539 2066 649 2122 tamen
667 2057 877 2136 discernatur,
896 2066 1015 2136 utrum,
1034 2081 1161 2140 quaeso,
1212 2053 1321 2116 monio
1339 2051 1576 2132 illustrandam,
1595 2077 1693 2137 quam
1711 2060 1771 2124 sub
1789 2061 1933 2126 obscuris
1951 2062 2032 2145 legis
2051 2064 2187 2130 umbris.

189 2148 294 2229 pluris
322 2143 543 2210 censebimus?
589 2141 678 2208 Sane
705 2165 806 2225 quum
832 2145 964 2228 signum
993 2144 1163 2209 videamus
1301 2142 1350 2201 25-
1396 2136 1617 2219 QuamObrem
1638 2143 1803 2208 Dominus
1824 2145 1917 2211 Iesus
1936 2149 2099 2229 specimen
2117 2148 2189 2214 edi-

189 2233 290 2297 161116
313 2231 444 2305 servire,
467 2228 597 2294 subesse
619 2230 667 2293 illi
689 2229 842 2308 dicemus,
865 2238 899 2295 et
920 2231 1072 2295 inferiore
1094 2231 1163 2295 loeo
1215 2233 1320 2301 turus,
1345 2223 1434 2287 unde
1455 2224 1598 2289 mundus
1619 2227 1782 2314 intelligat
1803 2232 1911 2312 ipsum
1940 2234 2191 2317 amplificandae

15 2374 20 2386 ,
136 2369 140 2377 «
191 2325 380 2382 statuemus.
425 2313 536 2395 Quum
558 2336 635 2397 ergo
656 2314 697 2379 ad
718 2317 860 2381 infantes
882 2315 1063 2381 destinetur
1083 2315 1162 2398 bap·
1213 2311 1447 2392 potiusquam
1473 2310 1663 2377 liffliifflldass
1690 2316 1793 2398 patris
1820 2318 2061 2384 misericordiae
2088 2321 2189 2386 adve-

136 2475 139 2480 ,
189 2404 279 2468 116611
299 2402 444 2478 verbum,
467 2422 526 2464 cur
547 2401 688 2484 signum,
713 2402 774 2467 hoc
796 2409 854 2480 661,
876 2401 968 2466 verbi
990 2401 1161 2484 appendix,
1214 2396 1310 2473 nisse,
1333 2396 1468 2460 comiter
1479 2395 1613 2461 ,oblatos
1635 2400 1696 2464 sibi
1717 2402 1860 2466 infantes
1886 2405 2103 2486 amplectitur,
2127 2405 2196 2472 ‹lis›

94 2550 97 2555 .
191 2488 232 2554 ab
252 2488 317 2553 illis
339 2485 561 2553 averteretur?
596 2487 688 2551 Haec
710 2509 776 2551 una
793 2489 884 2565 ratio,
908 2489 935 2551 si
953 2487 1063 2552 nullae
1080 2487 1163 2551 aliae
1215 2481 1339 2563 cipulos
1361 2481 1552 2564 obiurgans,
1582 2485 1638 2566 qui
1667 2485 1759 2561 aditu
1788 2488 1861 2553 11166
1893 2490 2066 2571 prohibere
2095 2513 2194 2558 cona-

190 2579 408 2656 suppeterent,
432 2572 560 2637 abunde
582 2574 745 2637 sufficeret
762 2573 803 2636 ad
821 2572 1033 2638 confutandos
1051 2595 1162 2636 omnes
1214 2567 1336 2632 bantur
1358 2566 1492 2651 (Matth.
1516 2574 1564 2647 19,
1588 2568 1658 2652 14),
1682 2573 1811 2654 quaudo
1839 2596 1907 2651 eos,
1936 2597 2077 2657 quorum
2104 2590 2192 2644 esset

189 2661 245 2742 qui
277 2660 453 2725 reclamare
484 2658 657 2723 voluerint.
713 2657 810 2739 Quod
843 2659 1006 2736 obiicitur,
1041 2664 1163 2723 statum
1214 2675 1354 2737 regnum
1375 2652 1547 2732 coelorum,
1571 2675 1643 2720 ase
1661 2658 1871 2738 abducebant,
1894 2682 2068 2743 perquem
2086 2664 2193 2729 solum

189 2746 289 2810 fuisse
309 2744 408 2810 ’diem
441 2745 690 2824 circumcisioni,
732 2745 830 2827 plane
862 2745 1163 2829 tergiversatorium
1199 2747 1305 2822 ‘patet
1326 2740 1361 2803 in
1381 2739 1508 2803 coelum
1528 2741 1704 2824 ingressus.
1749 2745 1877 2810 Verum
1898 2746 1976 2829 quid
1998 2743 2111 2829 simile,
2139 2749 2192 2814 di-

188 2838 247 2897 est.
288 2831 356 2896 Nos
377 2831 444 2894 iam
465 2831 562 2895 certis
585 2830 697 2895 dicbus
719 2851 786 2895 non
808 2852 878 2896 6666
895 2830 1092 2895 Iudaeorum
1113 2831 1163 2894 ira
1213 2826 1299 2891 xerit
1320 2825 1490 2908 quispiam,
1512 2825 1673 2909 baptismo
1695 2851 1771 2895 cum
1792 2830 1854 2896 hoc
1873 2831 1998 2898 Christi
2017 2834 2198 2917 amplexu?

189 2925 259 2982 star
281 2917 430 3000 alligatos
452 2915 671 2994 concedimus,
700 2938 816 2981 verum
836 2916 966 3000 quando
987 2917 1162 2995 Dominus,
1213 2911 1328 2994 Neque
1350 2912 1439 2975 66161
1460 2911 1642 2993 baptizasse
1664 2915 1737 2982 illos
1753 2924 1921 2997 narratur;
1942 2919 1999 2983 sed
2017 2923 2193 3003 excepisse,

189 3007 355 3085 utcunque
385 3001 472 3066 diem
496 3001 625 3065 nullum
646 3002 860 3085 praescribat,
887 3002 1031 3068 declarat
1053 3010 1164 3066 tamen
1215 2997 1386 3080 amplexus
1408 3018 1493 3076 esse,
1528 3000 1651 3064 stillis
1679 3001 1761 3066 bene
1793 3011 1952 3085 precatus.
1997 3006 2197 3074 Proindesi

189 3088 251 3153 sibi
276 3089 418 3170 placere,
453 3093 490 3150 ut
517 3087 643 3151 solenni
670 3090 736 3152 ritu
762 3090 797 3152 in
824 3110 921 3153 suum
947 3088 1059 3152 foedus
1081 3089 1163 3153 reci·
1215 3085 1284 3148 eius
1307 3083 1494 3165 exemplum
1514 3085 1638 3149 imitari
1661 3086 1749 3166 libet,
1772 3090 1921 3237 61666666
1938 3090 2081 3157 16166166
2100 3092 2196 3158 adiu-

189 3175 323 3256 piantur
343 3173 493 3251 infantes,
516 3172 593 3255 quid
615 3173 703 3238 ultra
724 3173 931 3256 quaerimus?
1215 3190 1343 3248 vemus;
1366 3189 1433 3232 non
1454 3176 1564 3233 661661
1585 3171 1798 3255 baptizemus.
1877 3196 1971 3239 erum
1988 3198 2048 3242 666
2066 3176 2196 3245 Christi

276 3262 326 3322 24.
371 3255 569 3339 Quanquam
595 3261 755 3343 scriptura
781 3261 952 3325 certiorem
979 3258 1086 3324 adhuc
1108 3281 1164 3324 ve·
1216 3262 1308 3339 gesta
1335 3253 1432 3336 paulo
1460 3256 1618 3322 attentius
1642 3266 1845 3340 reputemus,
1878 3283 1976 3343 66661
1999 3262 2065 3327 1616
2087 3285 2197 3347 genus

190 3345 295 3409 ritatis
317 3344 464 3408 notitiam
486 3342 579 3407 nobis
605 3347 718 3427 aperit.
763 3343 934 3428 Siquidem
960 3344 1164 3423 evidentissi-
1215 3341 1394 3405 homiuum
1438 3340 1552 3421 Neque
1574 3344 1662 3407 enim
1684 3344 1744 3410 hoo
1766 3344 1882 3411 leviter
1909 3353 1960 3412 est
1980 3356 2218 3429 6166161666·

189 3452 281 3494 61616
303 3436 362 3509 661,
382 3428 468 3511 quod
490 3430 590 3493 semel
613 3453 689 3496 curn
706 3432 896 3496 Abrahame
913 3432 1076 3496 Dominus
1098 3431 1164 3495 foe-
1217 3427 1311 3506 dum,
1332 3426 1419 3515 quod
1438 3427 1581 3493 infantes
1603 3430 1664 3495 sibi
1693 3430 1803 3496 offerri
1816 3430 1976 3498 'Christus
1997 3434 2103 3514 iubet,
2134 3437 2196 3501 ad·

189 3514 250 3580 dus
267 3515 437 3599 percussit,
460 3537 527 3579 non
543 3516 653 3582 minus
674 3516 772 3581 hodie
790 3515 1164 3595 Christianisconstare,
1218 3512 1287 3576 dita
1305 3513 1445 3591 ratione,
1472 3515 1626 3595 quoniam
1645 3516 1761 3580 talium
1787 3517 1831 3581 sit
1857 3539 1996 3602 regnum
2018 3520 2196 3588 coelorum

188 3623 286 3683 quam
313 3602 392 3666 olim
418 3601 544 3666 iudaice
570 3603 703 3684 populo,
738 3602 880 3685 adeoquo
907 3602 1045 3670 verbum
1077 3603 1165 3666 istud
1217 3600 1267 3664 Ac
1288 3606 1400 3680 666166
1421 3598 1623 3664 voluntatem
1644 3623 1737 3666 suam
1754 3624 1851 3684 opere
1874 3611 2021 3685 testatur,
2045 3606 2123 3670 dum
2142 3608 2196 3690 ip-

189 3706 257 3750 666
274 3689 384 3751 161666
401 3686 605 3753 Christianos
627 3689 797 3771 respicere,
820 3711 919 3771 quam
937 3689 1076 3753 Iudaeos
1094 3696 1165 3752 tum
1218 3706 1270 3749 666
1301 3685 1470 3765 amplexus
1521 3688 1683 3751 reeatione
1710 3688 1996 3771 benedictioneque
2023 3714 2083 3756 sua
2105 3695 2196 3773 patri

190 3773 391 3854 respiciebat.
446 3772 518 3837 Nisi
545 3775 627 3838 forte
659 3775 872 3853 arbitramur,
904 3774 1077 3839 Christum
1107 3796 1165 3838 suo
1218 3769 1431 3835 commendat.
1489 3707 1528 3836 Ci
1560 3772 1678 3838 adduci
1707 3772 1839 3839 Christo
1877 3776 2019 3841 infantes
2051 3798 2194 3859 aequum

191 3857 336 3921 adventu
366 3859 468 3939 patris
491 3861 631 3942 gratiam
658 3861 860 3925 imminuisse
883 3866 940 3924 aut
969 3859 1163 3937 decurtasse,
1216 3862 1278 3934 est,
1313 3877 1373 3920 cur
1404 3877 1472 3920 non
1504 3866 1537 3920 61
1559 3857 1600 3921 ad
1631 3859 1831 3941 baptismum
1858 3862 1974 3943 recipi,
2005 3863 2194 3946 symbolum

191 3943 277 4025 quod
296 3944 486 4008 exsecrabili
503 3943 707 4027 blasphemia
724 3969 790 4011 non
803 3954 906 4011 vacat.
933 3944 1163 4025 Quamobrem,
1215 3949 1347 4006 6661166
1385 3962 1460 4007 6661
1494 3941 1626 4028 Christo
1664 3947 1900 4011 communionis
1937 3968 1974 4012 66
2007 3949 2193 4016 societatis?

191 4037 229 4093 ut
246 4027 442 4092 Iudaeorum
459 4030 561 4107 liberi,
574 4031 660 4111 quod
672 4033 741 4096 eius
759 4032 898 4097 foederis
911 4030 1068 4096 haeredes
1086 4031 1162 4095 facti
1217 4025 1255 4092 Si
1277 4048 1390 4091 eorum
1418 4036 1468 4092 661
1490 4050 1628 4112 regnum
1649 4031 1827 4111 6661616111,
1856 4054 1915 4097 661
1936 4033 2067 4116 signum
2090 4056 2194 4120 nega·

191 4113 232 4177 ab
253 4115 428 4195 impiorum
449 4114 559 4180 liberis
581 4115 858 4194 discernerentur,
882 4139 994 4183 semen
1016 4123 1165 4182 sanctum
1216 4113 1312 4190 bitur,
1336 4135 1398 4195 quo
1421 4114 1512 4178 velut
1533 4115 1641 4180 aditus
1663 4118 1808 4199 aperitur
1829 4118 1865 4181 in
1887 4118 2066 4195 ecclesiam,
2096 4135 2134 4184 ut
2156 4123 2194 4186 iu

190 4199 399 4278 vocabantur,
422 4200 534 4264 eadem
557 4202 738 4266 etiamnum
761 4206 885 4269 ratione
903 4203 1008 4269 saneti
1030 4223 1164 4267 consen·
1216 4220 1289 4263 eam
1317 4200 1455 4281 cooptati
1483 4199 1677 4267 haeredibus
1704 4204 1799 4285 regni
1829 4204 1974 4269 coelestis
2003 4204 2193 4271 adscriban-

193 4291 247 4349 tur
270 4284 535 4350 Christianorum
556 4286 665 4367 liberi,
688 4290 741 4354 vel
763 4290 865 4355 altero
892 4291 1055 4354 duntaxat
1075 4287 1165 4352 fideli
1217 4284 1292 4348 tur?
1337 4283 1448 4365 Quam
1468 4286 1572 4367 iniqui
1594 4288 1725 4367 erimus,
1748 4289 1775 4353 si
1799 4290 1968 4372 abigamus
1991 4311 2070 4372 quos
2092 4290 2193 4356 Chri·

190 4379 325 4453 pareute
358 4372 461 4453 geniti
495 4369 671 4455 (lCor.7,
695 4377 763 4462 14),
797 4384 831 4441 61
864 4377 1044 4458 scripturae
1071 4373 1164 4437 testi·
1218 4381 1287 4435 stus
1310 4371 1351 4434 ad
1373 4392 1408 4435 66
1429 4371 1569 4435 invitat?
1601 4374 1730 4455 siquos
1753 4376 1820 4439 suis
1843 4375 2194 4458 donisornatspolie-

192 4459 301 4520 monio
325 4457 572 4541 distinguuntur
593 4460 633 4523 ab
655 4461 824 4527 immundo
845 4462 1092 4526 idololatrarum
1114 4480 1164 4521 se·
1217 4456 1311 4521 mus?
1335 4458 1363 4521 si
1385 4456 1596 4522 excludamus
1618 4480 1698 4541 quos
1715 4461 1784 4543 ipse
1802 4460 1887 4525 ultro
1907 4461 2070 4526 admittit?
2094 4461 2196 4542 Quod

191 4543 288 4607 mine.
344 4544 416 4607 Iam
455 4565 556 4625 quum
589 4545 766 4625 Dominus,
805 4549 916 4613 statim
948 4552 1022 4629 post
1053 4543 1165 4608 foedus
1217 4543 1245 4606 si
1267 4550 1420 4608 excutere
1434 4541 1457 4625 ¹)
1483 4543 1648 4622 volumus,
1681 4556 1840 4628 quantum
1866 4568 1886 4611 6
1914 4548 2074 4629 baptismo
2107 4548 2196 4614 absit

191 4649 265 4692 cum
283 4628 691 4711 Abrahamopercussum,
715 4633 822 4715 ipsum
839 4635 875 4697 in
891 4631 1071 4698 infantibus
1088 4650 1164 4693 con·
1217 4629 1303 4710 quod
1329 4629 1396 4693 illic
1422 4630 1490 4711 egit
1518 4628 1685 4709 Christus,
1719 4640 1840 4713 quanto
1869 4639 1980 4697 166166
2007 4634 2128 4698 1661616
2156 4636 2195 4698 16

192 4715 317 4796 signari
344 4715 497 4778 exteriori
525 4725 727 4782 sacramento
762 4720 965 4802 praeceperit
992 4715 1092 4800 (Gen.
1116 4719 1163 4794 17,
1216 4716 1320 4796 pretio
1351 4714 1543 4780 habebimus
1570 4716 1784 4799 baptismum,
1813 4739 1876 4800 quo
1903 4720 2115 4785 testificamur
2141 4721 2194 4784 in-

197 4799 260 4881 12),
283 4799 360 4881 quid
378 4821 495 4865 causae
516 4801 627 4866 dicent
649 4803 839 4882 Christiani,
858 4805 1030 4885 quominus
1052 4800 1165 4864 hodie·
1217 4799 1323 4865 fantes
1357 4801 1391 4864 in
1424 4801 1489 4865 Dei
1521 4800 1649 4866 foedere
1679 4803 1853 4885 contineri,
1887 4826 1986 4886 quam
2017 4807 2195 4886 susceptio-

192 4905 254 4966 que
276 4886 383 4966 ipsum
404 4888 633 4966 testificentur,
664 4897 759 4972 atque
780 4890 952 4974 obsignant
977 4890 1011 4951 in
1035 4887 1103 4950 suis
1124 4887 1166 4951 li·
1219 4906 1305 4964 nem,
1317 4885 1514 4967 amplexum,
1530 4908 1689 4952 manuum
1700 4890 1946 4970 impositionem,
1962 4892 2194 4972 precationem,
2238 4930 2244 4938 ·

192 4969 302 5035 heris?
346 4970 459 5055 Neque
481 4973 562 5036 mihi
585 4975 770 5054 obiiciatur,
794 4997 861 5040 non
881 4975 958 5052 6116,
982 4994 1080 5057 66661
1101 4973 1165 5037 oir-
1219 4972 1335 5053 quibus
1357 4971 1509 5037 Christus
1535 4974 1606 5054 ipse
1627 4995 1781 5056 praesens
1811 4982 1844 5039 et
1871 4997 1946 5039 suos
1969 4986 2135 5042 6666616
2159 4999 2196 5043 66

193 5056 399 5120 cumcisionis
422 5059 585 5138 symbols,
608 5061 693 5142 quod
713 5061 906 5144 iampridem
927 5059 1083 5124 abolitum
1104 5066 1163 5135 est,

192 5139 373 5204 Dominum
392 5145 594 5226 praecepisse
615 5147 728 5212 foedus
751 5169 847 5212 suum
867 5145 1060 5211 confirmari.
1096 5144 1164 5207 Re-
1355 5186 1360 5192 ·
1469 5212 1474 5220 .

193 5225 351 5306 spondere
369 5229 457 5291 66116
473 5236 662 5313 promptum
679 5242 742 5298 est:
761 5233 949 5311 Dominum,
967 5253 1026 5314 pro
1044 5229 1163 5296 veteris
1288 5244 1318 5310 1)
1336 5245 1469 5298 discutere
1489 5244 1557 5298 1545
1575 5260 1645 5315 seqq.
