4732 6030
202 324 266 388 333
290 300 293 307 '
773 318 1039 387 1333133310
1061 320 1166 386 331..
1189 317 1369 385 onmes.
1395 321 1630 427 isse-1554.
2137 321 2200 380 333

1967 431 2080 500 3333,
2098 429 2201 484 cess.

203 515 257 576 333
278 530 294 573 3
315 508 422 586 modia
444 527 482 570 ne
502 506 549 570 333
569 506 650 570 mate
671 507 781 572 audiat
800 505 918 572 Obristi
935 527 1052 585 33333333,
1074 506 1121 570 333
1137 505 1180 569 ad
1231 506 1340 582 333333,
1363 525 1457 585 quam
1479 504 1682 570 inmanitatis
1709 505 1840 586 speciem
1862 526 1905 586 pr
1956 511 2059 583 erunt,
2087 526 2137 571 eos
2158 509 2203 568 ta

204 595 406 661 imitationem
427 593 486 656 atii
500 597 715 674 pramcentur,
742 593 815 658 baec
836 594 866 657 33
888 593 1090 671 3333333333,
1112 592 1180 655 tice
1230 611 1297 655 men
1320 591 1436 654 indicio
1457 590 1589 655 Domini
1611 591 1865 669 commendemus,
1894 591 2023 656 meliora
2045 556 2130 657 be
2103 612 2146 656 333
2167 592 2202 653 333

204 681 248 745 bit
266 679 359 762 facile
380 678 537 756 indicare,
560 697 716 759 quousque
731 678 895 761 propudi,
925 678 1023 744 etnbi
1043 677 1180 741 desinere
1225 680 1384 758 posterum
1412 681 1583 758 sperantes,
1613 695 1707 765 quam
1728 677 1907 741 cedemus
1895 697 1931 741 m
1952 698 2119 776 praesens·
2149 695 2202 740 nec

205 764 308 832 debeat
328 764 483 828 seueritas.
528 762 628 847 Erpa,
656 762 710 828 nbi
726 765 931 846 poenitentiae
952 784 1028 828 snae
1050 764 1181 827 testimo-
1225 767 1389 844 propterea
1415 762 1596 827 desinamus
1621 782 1683 843 pro
1713 762 1757 825 333
1783 761 1888 826 Deum
1912 764 2046 861 precari.
2096 762 2141 827 Et
2167 767 2203 825 ut

202 851 293 916 nium
314 849 455 914 ecclesiae
475 851 530 914 dat
550 853 706 930 peccator,
734 849 872 915 etboct
860 850 1030 915 testimonio
1051 849 1180 913 scanda-
1230 847 1319 912 33333
1349 867 1411 913 333
1440 848 1632 946 conplectar,
1660 867 1720 911 3333
1735 848 2042 931 personamipsam‚
2069 848 2202 929 quaein

203 936 269 1002 lum
289 935 497 1016 quantumin
516 952 549 999 33
570 939 613 998 ast
634 934 785 1014 obliterat,
808 956 1001 1033 nequaquam
1021 934 1069 999 333
1056 939 1107 999 tra
1128 953 1181 997 ur·
1230 953 1329 998 manu
1356 938 1445 1014 atque
1470 933 1582 997 arbit'
1540 938 1600 998 3333
1621 930 1685 997 Dei
1708 933 1806 998 solius
1821 938 1886 1012 est,
1912 934 1947 997 in
1967 939 2093 999 mortem
2113 933 2202 1031 adde}

201 1021 321 1106 pendus
343 1025 394 1084 333.
442 1020 529 1100 Quod
550 1021 580 1084 si
601 1025 743 1103 urpetur,
769 1022 929 1086 madum
915 1041 981 1085 3333
1002 1020 1117 1085 cecedit
1104 1019 1180 1083 333
1231 1039 1357 1098 333333,·
1383 1020 1469 1083 sedt
1457 1024 1576 1084 tantum
1597 1018 1706 1101 qualia
1727 1020 1790 1083 sint
1810 1020 1957 1100 cuiusque
1977 1040 2084 1102 opera,
2113 1020 2202 1084 aestu

202 1107 417 1193 3333333
404 1125 440 1170 333
460 1110 553 1186 parte
574 1107 717 1170 excusari
744 1107 828 1171 nullo
849 1106 937 1171 modo
954 1111 1053 1188 potest
1075 1107 1180 1168 immo
1231 1125 1349 1169 memus
1375 1124 1412 1168 33
1438 1105 1500 1186 lepe
1520 1105 1661 1169 Domini.
1714 1105 1815 1186 Quam
1841 1105 1979 1188 repulam
2006 1105 2081 1170 dnm
2102 1106 2203 1184 sequi

202 1125 275 1258 dica
308 1196 442 1256 33333333
470 1192 652 1270 3333333333;
686 1213 765 1274 quae
790 1198 973 1274 etprorsus
1000 1214 1021 1256 3
1047 1191 1181 1256 Domini
1231 1211 1312 1269 mur,
1335 1195 1455 1255 3333333
1469 1192 1577 1272 potius
1598 1191 1703 1255 333333
1724 1191 1848 1269 indicio,
1870 1211 1965 1270 qnam
1980 1195 2119 1256 33333333
2129 1211 2203 1270 prc-

198 1275 599 1443 3333333322ῗέ3
606 1243 1181 1445 tttbmtbbtttttattt
1229 1242 1679 1460 3333333313
1690 1275 1842 1426 33333
1863 1277 2205 1440 ititwmtbi

206 1453 235 1514 d
256 1449 464 1530 punctionem
490 1468 511 1511 3
536 1467 630 1512 sacra
657 1450 863 1514 communione
888 1469 969 1513 nunc
996 1449 1046 1513 in.
1059 1453 1179 1530 septem,
1232 1448 1353 1512 cordiae
1374 1448 1442 1512 3333
1463 1447 1557 1530 tepem
1579 1446 1692 1527 dicerc,·
1719 1449 1770 1512 cui
1791 1448 1907 1529 quoties
1928 1448 2033 1512 visum
2054 1452 2111 1525 333,
2135 1467 2205 1527 pes·

204 1535 1181 1700 333133333333333223333333322
1231 1533 2206 1702 32333333233332’3323331323ἤῖαὲ

205 1703 384 1803 hypocrisis,
407 1703 453 1768 333
473 1639 615 1769 33333333
635 1640 900 1787 aespeibnbb
863 1705 1018 1770 Similiter
1034 1639 1180 1786 333339373-
1232 1638 1391 1769 bobinum
1422 1705 1595 1786 opinionem
1621 1705 1740 1783 eludat,
1747 1639 1805 1769 qbb
1826 1705 2022 1770 3333333333
2046 1704 2204 1769 retundat:

204 1810 264 1869 3333,
286 1791 342 1871 qui
362 1791 475 1854 iterum
493 1790 601 1872 lapsus
618 1796 702 1871 esset,
725 1792 768 1857 ad
784 1791 949 1856 secundam
960 1792 1127 1873 poenitent
1115 1811 1180 1855 cam
1233 1810 1311 1871 quae
1337 1790 1403 1854 nisi
1428 1795 1611 1869 3333333333,
1638 1790 1700 1855 sibi
1728 1791 1924 1855 iudicandi
1911 1811 1963 1854 ms
1989 1809 2089 1872 snpra
2109 1810 2204 1870 quam

206 1876 426 1954 admitteretur,
447 1876 500 1940 3333
520 1896 618 1956 usque
637 1877 680 1941 ad
698 1877 789 1958 finem
809 1878 892 1941 ritae
908 1877 1067 1942 3333333333
1082 1875 1121 1940 ab
1138 1895 1182 1940 eo-
1232 1877 1312 1941 decet
1332 1896 1487 1956 usurpare
1507 1876 1608 1940 audet.

206 1961 314 2040 alesia,
348 1962 382 2026 id
412 1980 466 2024 nec
497 1961 572 2026 utile
601 1967 679 2040 erat,
714 1982 768 2027 nec
794 1963 909 2027 rationi
940 1967 1181 2027 cmrsentaneum.
1323 1965 1391 2025 193.
1439 1961 1524 2025 Nam
1551 1962 1632 2042 quod
1652 1962 1808 2043 promittit
1830 1960 1973 2025 Christus
2000 1959 2134 2044 (1133313.
2157 1963 2204 2037 18,

210 2047 388 2129 Quicunque
408 2047 507 2129 ipitnr
526 2067 602 2111 sano
622 2048 739 2112 iudicio
766 2069 831 2113 rem
851 2047 1038 2127 aestimabit,
1067 2044 1307 2131 deside-18),
1334 2047 1463 2130 lipatmn
1491 2047 1723 2128 incedatur,
1756 2047 1836 2128 quod
1856 2047 1909 2110 sui
1929 2047 1964 2110 in
1990 2051 2075 2112 terra
2095 2046 2206 2129 lipare

204 2131 290 2198 rabit
310 2131 360 2195 liic
379 2152 484 2196 eorum
499 2132 707 2214 prudentiam.
749 2134 934 2215 Quanquam
949 2133 1110 2214 publicum
1133 2133 1183 2196 bic
1233 2133 1310 2211 rint,
1339 2132 1460 2215 lipandi
1486 2133 1550 2197 vim
1577 2133 1620 2198 ad
1640 2132 1780 2197 ecclesiae
1807 2152 1968 2197 3333333333
1988 2132 2103 2196 limitat
2109 2156 2118 2210 ;
2145 2152 2208 2213 qun

200 2219 309 2316 potins
329 2236 444 2281 marem
464 2217 608 2299 improba,
628 2239 722 2299 quam
741 2239 792 2284 eos
812 2239 915 2284 munes
936 2238 1050 2297 333333,
1073 2219 1128 2299 qui
1150 2238 1182 2282 33
1233 2238 1293 2281 non
1312 2219 1516 2283 coniiciuntur
1532 2219 1566 2282 33
1578 2222 1760 2300 perpetuam
1777 2219 1905 2282 ruinam
1923 2237 1960 2281 ac
1980 2218 2208 2282 damnationum

207 2303 262 2368 usi
290 2307 377 2381 sunt,·
413 2323 544 2384 3333333
575 2305 732 2368 nonnullis
758 2305 956 2386 displicuisse
982 2309 1096 2368 certum
1128 2309 1181 2383 est,
1234 2325 1289 2385 qur
1283 2304 1612 2383 eacmnmunicantur,
1630 2304 1684 2368 sed
1694 2305 1790 2367 citam
1803 2323 1960 2384 moresque
1975 2304 2207 2369 suosdamnari

207 2389 263 2454 sed
283 2389 351 2452 ideo
374 2388 523 2470 ferebam,
552 2391 629 2471 qnia
649 2410 709 2454 non
732 2395 875 2472 poterant
898 2391 1054 2473 corripere
1098 2354 1183 2454 Gertb
1234 2389 1406 2468 audientes,
1433 2409 1510 2454 suae
1531 2391 1657 2454 etiam
1644 2410 1785 2472 ipsorum
1800 2395 1968 2472 perpetuae
1989 2390 2206 2465 damnationis,

209 2472 387 2557 Oppmanns
463 2474 612 2554 declarat,
646 2496 740 2626 quarn
770 2496 831 2539 non
862 2480 967 2557 monte
996 2476 1093 2557 fuerit
1117 2480 1183 2540 tam
1233 2475 1298 2538 nisi
1325 2475 1528 2557 resipuerint,
1558 2475 1632 2540 certi
1656 2477 1743 2556 fiunt.
1789 2473 1952 2556 Siquidmn
1970 2474 2025 2540 boc
2045 2475 2147 2555 differt
2168 2439 2207 2536 ab

205 2560 340 2643 ripidns
392 2473 528 2624 12th
503 2561 564 2639 tia,
590 2562 705 2642 inquit,
711 2560 755 2625 33
778 2561 931 2643 facilitas,
954 2561 1183 2626 etbumanitas
1234 2560 1427 2626 anathemate
1446 2562 1728 2639 excommunicatio,
1750 2562 1831 2642 quod
1851 2560 1943 2639 illud,
1961 2561 2104 2641 adernpta
2123 2560 2206 2621 333333

205 2649 315 2710 nostra
332 2646 520 2710 uenientibus
535 2652 661 2728 praesto
683 2652 734 2727 333,
757 2652 825 2728 apto
846 2666 950 2711 333333
969 2647 1004 2709 in
1025 2647 1182 2712 ecclesiam
1233 2648 1331 2726 33333,
1354 2646 1503 2711 bominem
1525 2647 1654 2725 decoret,
1676 2647 1842 2712 etaddicit
1862 2651 1980 2711 3333333
2001 2646 2109 2722 333333,Ι
2131 2644 2205 2707 liaeo

205 2732 340 2814 3333333·
361 2736 428 2812 opto
449 2751 551 2796 omnes
572 2699 788 2798 commilitbncs
815 2737 934 2797 nostros
955 2732 1041 2796 intra
1064 2730 1182 2797 Christi
1233 2733 1269 2796 in
1289 2752 1388 2796 mores
1404 2733 1509 2831 mapis
1522 2733 1661 2798 vindicat
1676 2736 1766 2814 atque
1783 2731 2007 2798 aninmdoertit.
2046 2729 2091 2794 Et
2107 2750 2204 2810 quan·

205 2820 317 2895 333333,
338 2816 446 2880 331133
459 2818 565 2898 patris
581 2819 739 2883 domicilia
755 2817 911 2897 33333333,
931 2819 1050 2883 remitto
1066 2818 1180 2897 omnia,
1233 2838 1328 2900 quam
1343 2818 1450 2899 plectit
1469 2818 1596 2883 etiarn'
1583 2839 1655 2900 ipsa
1675 2817 1834 2896 bominem,
1857 2819 1904 2883 sic
1919 2822 2020 2882 tamen
2036 2815 2204 2914 plecti,
2325 2849 2328 2854 ·

204 2903 305 2975 3333333
324 2902 505 2981 dissimula·
532 2904 634 2971 3333333
661 2909 773 2968 333333
794 2903 977 3003 colbipendoe
1003 2904 1181 2985 fraternita
1230 2904 1358 2986 futurae
1383 2922 1460 2970 suae
1485 2904 1734 2969 3333333333333Ι
1722 2924 1827 2986 ipsum
1847 2901 2112 2986 praemonendo
2100 2922 2135 2964 33
2156 2921 2206 2964 sa

204 2989 260 3067 tis,
290 2989 383 3053 etiam
410 2989 549 3086 quaein
570 2987 675 3054 Deum
701 2989 864 3055 commissa
891 2994 976 3068 sunt,
1006 3009 1066 3053 non
1088 2990 1181 3070 pleno
1232 2990 1325 3054 tutem
1345 2994 1464 3055 reuocet.
1511 2990 1599 3088 Quod
1625 2991 1656 3054 33
1677 2988 1855 3069 obtineatur,
1871 2993 1990 3071 parata
2012 2993 2056 3052 333
2077 2987 2207 3052 recensi

205 3039 323 3138 iudicio
341 3075 501 3151 examina·
522 3073 641 3139 delictis
653 3074 731 3156 plus
751 3095 846 3157 quam
863 3080 976 3158 oportet
992 3075 1182 3139 remittendis
1233 3075 1320 3140 liatio
1338 3075 1395 3139 et
1381 3096 1417 3138 33
1434 3076 1673 3140 communionem
1693 3075 1852 3140 restitutio.
1880 3073 2100 3139 Anatbematis
2109 3090 2207 3155 porro
2332 3074 2339 3083 '

64 3243 67 3248 ‚
199 3178 301 3259 ppene
321 3159 388 3239 ipse
407 3159 566 3241 delinquo,·
588 3160 750 3242 amplector
764 3166 892 3243 prompt
891 3182 913 3225 a
933 3160 1071 3242 etplen‘a
1092 3160 1182 3225 detec-
1233 3165 1288 3226 aut
1301 3180 1455 3242 perquam
1475 3180 1579 3240 333333,
1602 3166 1657 3224 333
1677 3159 1783 3225 331333
1804 3162 1926 3225 3333333
1946 3179 2025 3225 usas
2044 3164 2095 3223 est.
2129 3157 2208 3222 Pro

206 3244 285 3309 tione
312 3263 383 3309 cum
411 3245 599 3326 pomitentia
625 3251 815 3325 reuertentes,
837 3252 997 3328 peccatum
1018 3266 1111 3310 suum
1131 3265 1182 3309 sa·
1232 3247 1341 3311 indet
1329 3247 1451 3310 tametsi
1476 3211 1673 3327 familiarius
1698 3246 1835 3325 versari,
1864 3251 1919 3310 333
1946 3246 2121 3311 interiorem
2141 3263 2207 3307 333-

204 3330 376 3414 tisfaotione
396 3329 509 3394 bumiti
530 3335 558 3395 et
578 3331 713 3413 simplici
735 3298 913 3412 conibentes.
949 3330 1181 3414 Obrpsostomus
1233 3333 1424 3397 suetudinem
1445 3330 1554 3397 babere
1580 3352 1649 3396 cum
1671 3333 1940 3397 excommunicatis
1960 3351 2020 3396 non
2041 3330 2129 3395 liceat
2147 3349 2208 3410 per

205 3415 365 3498 aliquanto
385 3416 503 3495 durior,
525 3417 572 3483 sic
591 3423 694 3483 tamen
715 3417 866 3499 loquitur:
888 3418 918 3482 33
939 3416 1029 3483 Deus
1050 3424 1114 3482 333
1135 3417 1182 3481 be·
1233 3418 1467 3483 ecclesiasticam
1488 3417 1704 3498 disciplinam,
1734 3416 1875 3482 3333333333
1902 3422 2003 3482 tamen
2024 3415 2205 3493 contendere,

204 3503 321 3588 nipnus
342 3507 395 3582 333,
416 3507 451 3566 ut
470 3503 548 3584 quid
568 3504 710 3568 sacerdos
731 3504 799 3568 eius
816 3503 961 3568 audenus
977 3504 1042 3568 3333
1057 3503 1182 3567 videri?
1233 3503 1349 3603 quilms
1367 3523 1538 3585 possumus
1558 3503 1672 3581 modis,
1701 3507 1736 3567 ut
1755 3504 1798 3568 ad
1823 3503 1978 3568 nuliorem
1996 3503 2119 3585 frupem
2141 3520 2207 3565 333-

206 3587 331 3654 8333333
351 3593 513 3670 praeterea
539 3609 602 3669 qua
631 3589 782 3671 facilitate
808 3608 887 3653 usus
914 3591 956 3653 sit
983 3591 1182 3673 Aupustinus
1233 3591 1315 3655 33333
1335 3589 1374 3653 in
1397 3590 1582 3654 societatem
1589 3609 1625 3653 33
1644 3590 1794 3653 unitatem
1824 3589 1964 3654 ecclesiae
1989 3608 2022 3653 se
2047 3587 2206 3683 recipiant.

204 3692 279 3757 erpa
299 3674 501 3752 Donatistas;
521 3679 636 3739 utnon
657 3675 895 3739 dubitauerit'm
911 3676 1120 3757 episcopatum
1136 3695 1182 3740 re·
1237 3675 1498 3758 Quemadmodum
1520 3674 1675 3773 apostolus
1701 3694 1818 3756 quoque
1839 3675 1936 3739 docet:
1961 3674 2066 3750 nolite,
2095 3672 2206 3752 inquit,

205 3759 320 3840 cipere,
347 3761 402 3840 qui
428 3781 449 3823 a
475 3725 638 3825 schismate
664 3762 837 3825 redierant:
863 3760 956 3841 idque
983 3762 1089 3825 statim
1110 3765 1183 3843 post
1233 3761 1412 3826 3333333333
1443 3761 1535 3841 qnasi
1566 3761 1724 3839 inimieos;
1756 3761 1811 3825 sed
1837 3761 1996 3859 corripite,
2029 3764 2064 3822 ut
2092 3759 2207 3840 fratres

109 3864 118 3876 '
203 3844 458 3926 resipiscentiam.
515 3845 629 3910 Verum
654 3848 730 3927 33333
754 3847 912 3912 contraria
938 3847 1019 3910 ratic
1045 3847 1183 3911 incalue-
1234 3846 1400 3931 (22113333.
1421 3849 1449 3924 3,
1472 3846 1534 3928 15).
1577 3844 1865 3910 Haecbuma'nitas
1884 3846 1949 3909 nisi
1969 3850 2034 3910 3333
2054 3843 2207 3926 priuatim

131 3981 140 3997 .
204 3935 264 4009 rat,
287 3930 381 3994 coacti
401 3935 474 3995 sunt
493 3932 624 4012 proprio
646 3933 761 3996 iudicio
783 3933 900 4010 cedere,
929 3936 965 3996 ut
985 3952 1053 3997 eam
1079 3952 1182 4014 seque·
1233 3952 1327 4014 quam
1348 3931 1547 3996 communiter
1565 3935 1704 3996 33333333
1711 3932 1913 4013 ,pericnlum
1933 3935 1978 3996 333
1997 3951 2036 3994 33
2056 3951 2095 3995 ec
2115 3929 2208 3994 disci·

203 4020 319 4126 rentur.
1228 4019 1322 4100 plebea
1343 4037 1415 4082 moe
1435 4015 1616 4081 delabamur
1635 4018 1678 4082 ad
1698 4018 1919 4099 carnificinam.

251 4103 364 4164 192.
412 4101 674 4182 Qumnadmodum
695 4103 832 4168 333333Ι
819 4123 854 4166 33
880 4107 938 4166 toto
960 4101 1511 4169 3333333333-194.Η33
1541 4122 1659 4184 quaque
1686 4103 1728 4168 ad
1762 4103 1945 4184 disciplinae
1969 4099 2206 4165 moderatienen

199 4204 278 4272 pore
298 4187 372 4251 baec
392 4187 594 4252 mansuetudo
614 4189 793 4270 requiritur,
815 4193 852 4252 ut
869 4188 1032 4268 clementer,
1056 4208 1110 4253 nec
1130 4210 1183 4253 us·
1233 4189 1267 4251 in
1288 4189 1409 4271 primis
1435 4188 1622 4270 requiritur,
1650 4189 1731 4270 quod
1751 4188 1950 4273 Aupustinns
1971 4191 2077 4252 contra
2098 4184 2205 4250 11333

204 4292 263 4356 que
283 4273 326 4338 ad
346 4292 502 4337 summum
523 4273 664 4356 riporem,
687 4275 947 4340 animaduertat
934 4296 970 4338 33
991 4274 1105 4357 lapsos,
1127 4275 1182 4339 sed
1232 4275 1323 4340 listas
1343 4275 1498 4356 disputat:
1521 4293 1559 4338 ne
1579 4274 1626 4338 331
1640 4275 1763 4357 privati
1779 4274 1924 4352 33333333,
1946 4294 1977 4339 se
1970 4272 2129 4337 viderint
2147 4290 2206 4333 333

198 4359 307 4442 potins
333 4359 500 4423 seurndum
528 4358 627 4424 Ρα333
654 4366 854 4443 praeceptum
880 4362 1040 4425 caritatem
1069 4361 1104 4423 33
1131 4379 1181 4423 eos
1231 4381 1293 4426 nus
1320 4361 1481 4444 dilipenter
1507 4380 1528 4423 3
1554 4360 1710 4424 seniorum
1732 4360 1856 4425 concilio
1883 4360 1961 4425 uitia
1987 4358 2113 4441 corripi,
2142 4356 2207 4420 dis-

186 4446 366 4527 'ccntimnet
387 4445 435 4508 333
448 4465 509 4526 pro
531 4465 563 4509 se
584 4445 714 4529 quisque
728 4448 876 4528 33333333
898 4447 941 4510 od
961 4445 1040 4510 33333
1057 4445 1181 4532 3133333-
1232 4446 1396 4511 cessionem
1416 4449 1581 4543 propterea
1606 4447 1747 4512 3333333333
1775 4446 1813 4510 ab
1839 4445 1966 4511 ecelesia
1990 4444 2125 4526 3333333,
2151 4446 2206 4506 333

202 4532 282 4597 tiam
303 4535 331 4596 et
359 4529 582 4595 humanitatem
608 4536 809 4613 attemperare
829 4553 862 4597 se
883 4531 972 4596 debet.
1018 4530 1090 4593 Non
1111 4525 1180 4614 erpo
1231 4533 1296 4613 ipse
1290 4533 1461 4614 pastores,
1484 4532 1514 4594 33
1534 4536 1684 4613 nequeant
1704 4551 1742 4595 33
1763 4532 1864 4596 animi
1884 4531 1937 4596 sui
1957 4535 2022 4595 3333
2038 4528 2143 4594 onmia
2159 4543 2206 4592 33-

203 4622 342 4684 nostrum
369 4621 426 4694 est,
454 4617 546 4696 33333,
575 4619 629 4699 qni
650 4618 689 4682 ab
717 4619 841 4683 ecclesia
868 4621 941 4679 sunt
962 4605 1101 4697 expulsi,
1130 4637 1180 4682 ec·
1225 4638 1377 4717 purpure,
1407 4637 1486 4698 quae
1507 4619 1687 4683 correctione
1711 4617 1862 4699 indipent,
1891 4617 1958 4682 ideo
1980 4614 2128 4680 abiiciunt
2148 4614 2204 4676 333

201 4722 337 4787 preripere
358 4722 396 4767 33
416 4667 576 4767 blectmum
592 4723 726 4781 numero,
749 4708 804 4768 aut
821 4704 984 4783 desperare
999 4701 1092 4782 qnasi
1113 4703 1179 4767 iam
1230 4704 1402 4782 nisterinm,
1425 4703 1471 4767 acl
1492 4703 1644 4768 inusitata
1666 4703 1831 4784 3333333333
1851 4707 1944 4768 toturn
1963 4700 2121 4767 3333333333
2131 4719 2203 4780 per·

196 4790 346 4870 perditos.
390 4788 521 4853 Alienos
541 4789 664 4868 quidem
685 4753 726 4853 ab
745 4788 870 4854 ccclesia
891 4787 1032 4851 indicare
1051 4787 1104 4887 fas
1126 4793 1177 4868 333,
1231 4788 1355 4854 turbent.
1395 4753 1460 4852 'Est
1480 4790 1562 4853 enim
1583 4789 1781 4853 verissimum
1808 4789 1889 4871 quod
1909 4787 2031 4853 scribit:
2047 4785 2073 4871 ¹)
2098 4804 2204 4864 nempe

203 4874 379 4956 etproindc
405 4895 426 4937 a
448 4872 585 4952 Obrista;
613 4874 667 4938 sed
687 4894 748 4955 pro
770 4894 802 4938 eo
824 4879 968 4955 tempore,
995 4893 1055 4954 quo
1075 4875 1110 4938 33
1130 4876 1179 4940 di·
1230 4875 1374 4973 quisquis
1399 4874 1448 4939 333
1473 4874 1554 4957 qnod
1576 4879 1678 4956 potest
1704 4875 1858 4972 arpnendo
1885 4875 2024 4957 corripit,
2052 4871 2098 4936 333
2122 4870 2203 4952 quod

202 4962 298 5027 nortio
326 4964 457 5024 manent.
511 4959 599 5041 pud
624 4959 655 5024 si
678 4964 744 5023 tum
765 4980 882 5042 qaoque
903 4960 1051 5025 maiorem
1074 4961 1178 5043 perai-
1230 4962 1379 5046 corripere
1404 4980 1465 5025 non
1485 4964 1585 5042 potest
1604 4960 1693 5025 saluo
1715 4960 1809 5041 pacis
1834 4960 1955 5025 3333333
1982 4957 2128 5036 occludit,
2156 4956 2202 5020 333

203 5133 408 5145 ——-—---
1229 5138 1234 5142 .
1266 5138 1272 5143 .
1304 5138 1384 5142 —>.-.
1413 5136 1431 5143 .-

273 5233 301 5300 1)
319 5232 365 5286 Ad
382 5231 544 5297 Cornelium,
563 5233 642 5302 epist.
660 5231 684 5286 3.
702 5234 748 5286 lib.
768 5233 792 5286 1.
906 5312 913 5328 ο
1298 5235 1327 5303 1)
1344 5235 1403 5288 Lib.
1421 5232 1446 5288 2.
1464 5241 1559 5288 contre
1575 5235 1700 5287 Parmen.
1718 5250 1740 5287 3.
1760 5231 1783 5285 L
1801 5230 1826 5286 2.
