4770 6030
229 362 292 423 779
458 419 461 424 ,
806 346 1071 415 msulvuulo
1094 347 1197 412 RDL.
1221 347 1401 413 CHRIST.
1430 352 1660 413 lota-1554.
2168 353 2233 415 780

1850 449 2105 537 [16161666
2125 462 2231 518 caco.

226 553 289 625 tur,
313 543 475 610 61661611
497 540 561 605 Dei
578 540 834 606 misericordiam
851 536 1103 621 confrigiendum
1120 557 1199 600 esse.
1254 557 1336 619 6166
1358 537 1542 617 perculsam
1564 544 1598 602 et
1625 545 1866 603 consternatam
1894 539 2125 603 conscientiam
2147 539 2230 604 sole-

226 631 469 711 06616166166
491 627 533 692 ad
553 633 761 708 peccatorum
782 625 1006 690 remissionem
1027 622 1199 705 pertinent,
1254 630 1309 686 tur
1331 628 1364 688 et
1391 624 1510 706 erigat,
1543 622 1680 687 liberam
1709 622 1799 687 illam
1826 623 2000 688 ostendens
2029 646 2048 688 a
2074 625 2231 691 maledic-

227 739 269 783 61
290 716 395 798 capite
416 734 502 779 nono
515 711 539 796 ¹)
561 719 723 794 petantur.
1253 708 1342 773 tione
1364 729 1402 774 ac
1424 707 1640 788 damnatione,
1664 730 1729 791 qua
1749 709 1841 773 111611
1863 709 1917 774 161
1935 710 2079 776 vinctam
2097 732 2134 777 66
2151 732 2230 776 661-

313 806 363 863 61.
407 798 505 864 Nunc
526 819 760 882 persequamur
777 797 843 861 alia
863 816 989 878 quoque
1007 800 1200 877 argumenta
1253 795 1401 860 strictam
1429 794 1606 878 premebat.
1651 795 1791 860 Hanca
1819 796 2017 861 subiectione
2045 796 2127 879 legis
2148 796 2230 862 libe·

225 887 342 971 quibus
363 893 467 963 satan,
485 906 545 968 per
564 905 639 949 snos
657 883 822 961 satellites,
843 881 920 946 fidei
937 880 1201 945 iustificationem
1254 881 1429 959 rationem,
1458 889 1491 944 61
1515 887 1550 944 11
1579 880 1626 944 116
1647 880 1752 946 dicam
1774 882 2064 947 manumissionem
2086 884 2230 965 assequi-

226 980 283 1038 aut
304 971 434 1036 diruere
456 977 513 1035 aut
534 969 680 1034 deterere
704 970 847 1033 molitur.
890 966 979 1031 Illud
1000 968 1066 1030 iam
1086 973 1200 1030 excus-
1252 988 1337 1044 mur,
1360 987 1461 1049 quum
1482 987 1541 1048 per
1562 966 1662 1030 fidem
1683 968 1939 1032 miscricordiam
1956 967 2020 1032 Dei
2042 969 2077 1031 in
2096 968 2230 1034 Christo

225 1080 300 1124 sum
327 1079 398 1123 esse
422 1061 501 1140 puto
528 1055 830 1132 calumniatoribus,
860 1075 902 1118 ne
930 1054 1100 1117 nobiscum
1126 1073 1201 1134 per·
1254 1050 1544 1135 apprehendimus,
1578 1073 1643 1134 616
1675 1054 1781 1117 securi
1813 1055 1956 1135 certique
1988 1052 2156 1118 reddimur
2189 1054 2229 1119 de

224 1143 302 1208 inde
323 1149 437 1227 agant,
466 1149 563 1225 atque
589 1142 748 1207 bonorum
770 1161 904 1223 operum
924 1139 1078 1202 inimicis:
1102 1137 1200 1219 siqui·
1253 1145 1459 1223 peccatorum
1479 1138 1677 1216 remissione,
1702 1160 1840 1221 quorum
1862 1160 1959 1204 sensu
1981 1141 2148 1223 pungebat
2168 1161 2229 1205 nos

226 1229 301 1295 dem
334 1229 484 1311 operibus
517 1226 702 1292 detrahitur
728 1226 927 1303 iustificatio,
957 1241 1023 1289 non
1045 1230 1082 1287 ut
1108 1223 1201 1287 nulla
1252 1224 1308 1289 161
1330 1245 1367 1289 66
1389 1223 1566 1288 mordebat.

224 1316 313 1381 bona
329 1316 413 1379 fiant
428 1334 535 1397 opera,
555 1320 612 1378 aut
628 1314 715 1378 bona
731 1334 801 1377 esse
820 1319 984 1394 negentur
1001 1330 1084 1392 quae
1101 1310 1200 1388 fiunt;
1341 1313 1390 1374 62.
1435 1309 1508 1374 Hac
1530 1311 1656 1373 ratione
1678 1316 1710 1373 et
1731 1330 1814 1390 quae
1835 1310 1872 1373 in
1899 1311 1972 1394 lege
1994 1311 2089 1376 nobis
2111 1312 2227 1376 offere-

225 1401 284 1466 sod
305 1421 347 1464 ne
369 1401 435 1465 illis
456 1399 610 1477 fidamus,
639 1420 681 1463 ne
703 1398 895 1481 gloriemur,
917 1418 960 1461 ne
981 1395 1122 1460 salutem
1143 1393 1201 1458 61-
1253 1398 1372 1462 bantur
1398 1396 1627 1478 promissiones
1654 1395 1837 1461 inefficaces
1864 1396 1972 1461 forent
1993 1417 2106 1462 omnes
2130 1407 2163 1461 61
2184 1399 2230 1461 11-

225 1486 413 1552 scribamus.
448 1484 586 1550 Fiducia
607 1485 695 1548 enim'
717 1485 798 1548 haec
819 1491 931 1548 nostra
952 1488 1009 1559 661,
1033 1479 1114 1545 haec
1132 1481 1201 1563 glo·
1253 1483 1351 1559 ritae,
1382 1483 1445 1546 nisi
1467 1481 1531 1545 Dei
1553 1482 1681 1545 bonitas
1704 1502 1764 1564 per
1784 1482 1994 1565 evangelium
2016 1491 2229 1549 succurreret.

225 1570 276 1636 ria
307 1579 341 1636 et
368 1572 464 1637 unica
491 1570 605 1636 salutis
630 1570 789 1649 anchora,
823 1568 909 1652 quod
936 1566 1088 1632 Christus
1115 1565 1201 1630 filius
1253 1569 1346 1633 Haec
1373 1568 1461 1632 enim
1490 1567 1649 1644 conditio,
1675 1577 1713 1629 ut
1740 1567 1847 1650 legem
1873 1569 2094 1650 perficiamus,
2124 1591 2229 1652 aqua

223 1658 289 1723 Dei
321 1663 433 1722 noster
463 1663 526 1734 661,
561 1678 599 1721 66
631 1677 690 1720 166
719 1656 851 1738 inipso
880 1654 1023 1720 vicissim
1051 1652 1110 1715 filii
1136 1652 1202 1716 Dei
1253 1656 1343 1737 ipsae
1364 1653 1521 1736 pendent,
1556 1660 1589 1716 et
1616 1673 1721 1734 66116
1743 1652 1874 1718 demum
1895 1654 2111 1736 praestandae
2141 1662 2228 1732 sunt,

224 1744 382 1827 regnique
409 1742 556 1808 coelestis
585 1741 757 1820 haeredes,
793 1741 857 1805 Dei
884 1740 1101 1822 benignitate,
1135 1758 1201 1800 non
1253 1761 1422 1822 nunquam
1448 1738 1644 1821 implebitur.
1697 1736 1753 1803 Sic
1776 1746 1886 1803 autem
1909 1741 2087 1822 opitulatur
2111 1741 2227 1805 Domi-

224 1836 337 1894 nostra
364 1827 535 1912 dignitato,
566 1827 603 1890 in
624 1848 716 1908 spem
738 1835 889 1891 aeternae
910 1823 1121 1891 beatitudinis
1144 1843 1200 1887 vo-
1253 1848 1331 1903 nus,
1360 1847 1426 1889 non
1456 1829 1583 1907 partem
1610 1824 1753 1888 iustitiae
1780 1826 1814 1889 in
1836 1827 1986 1907 operibus
2009 1827 2101 1891 nobis
2127 1826 2228 1891 relin-

226 1915 298 1981 oati.
343 1909 1201 1995 8616116611166166161661166111116,1111611111
1253 1910 1396 1994 quondo,
1419 1917 1548 1993 prutem
1570 1931 1612 1974 61
1633 1931 1693 1974 616
1714 1910 1920 1994 indulgentia
1942 1912 2145 1978 sufficiendo:
2169 1912 2228 1977 661

225 2007 284 2079 661,
307 2021 367 2064 166
389 2001 559 2082 impetunt,
584 2019 653 2081 age,
677 1999 711 2061 in
735 1997 801 2061 illis
822 2019 948 2080 quoque
970 1994 1200 2080 propulsandis
1253 1997 1329 2061 dam
1360 1997 1494 2062 unicum
1527 1994 1697 2060 Christum
1725 2018 1784 2078 pro
1817 1998 1961 2062 iustitiae
1991 1999 2227 2080 complemento

223 2106 408 2168 pergamus.
459 2085 610 2150 Primum
636 2084 775 2148 redeunt
802 2082 843 2146 ad
870 2083 991 2166 legales
1014 2081 1200 2163 promissio·
1254 2084 1408 2165 assignat.
1458 2081 1545 2146 Nam
1573 2081 1736 2164 apostolus
1759 2081 1898 2167 (Gala,
1921 2082 1974 2168 16)
2000 2085 2166 2166 praefatus
2193 2106 2228 2149 se

224 2193 292 2248 166,
315 2193 396 2253 6166
417 2169 499 2254 legis
522 2191 599 2236 suae
621 2169 798 2236 cultoribus
821 2168 922 2234 edidit
944 2169 1114 2232 Dominus.
1154 2167 1200 2229 ut
1253 2169 1396 2251 aliosque
1425 2167 1578 2244 Iudaeos,
1613 2168 1750 2232 scientes
1783 2168 1869 2250 quod
1897 2191 1939 2234 ex
1965 2170 2047 2253 legis
2076 2171 2228 2253 operibus

224 2264 351 2340 rogant,
374 2256 555 2321 velimusne
581 2256 689 2320 irritas
710 2276 779 2320 esse
801 2276 949 2339 prorsus,
977 2275 1021 2317 an
1043 2253 1199 2318 efficaces.
1253 2276 1321 2318 non
1348 2255 1542 2319 iustificetur
1569 2252 1684 2331 homo,
1717 2255 1752 2317 in
1781 2253 1892 2319 Iesum
1919 2255 2090 2320 Christum
2124 2255 2228 2321 credi·

227 2341 344 2406 Irritas
374 2342 480 2406 dicere
505 2341 658 2423 quoniam
688 2341 847 2406 absonum
870 2363 907 2406 ac
935 2338 1110 2404 ridiculum
1130 2339 1200 2402 fue·
1253 2339 1348 2419 disse,
1372 2341 1531 2404 rationem
1553 2340 1696 2403 subiicit:
1720 2361 1786 2403 non
1808 2349 1845 2403 ut
1862 2340 2097 2407 adiuvarentur
2115 2341 2157 2406 ad
2178 2343 2229 2405 iu-

224 2429 283 2505 rit,
312 2448 370 2510 pro
393 2428 539 2492 confesso
561 2435 747 2504 assumunt,
778 2427 913 2492 alicuius
936 2446 1006 2490 esse
1028 2425 1198 2489 efficaciae.
1253 2427 1362 2490 6111166
1390 2446 1565 2502 summam,
1596 2447 1637 2489 ex
1663 2424 1735 2488 fide.
1750 2424 1891 2506 Ohristi;
1920 2427 1977 2492 sod
1998 2435 2036 2491 ut
2057 2427 2114 2491 illa
2136 2429 2230 2493 iusti·

223 2512 573 2591 Hincratiooinantur,
596 2513 749 2597 1616616
770 2512 835 2578 116
853 2534 912 2577 166
930 2511 1108 2576 iustificari.
1143 2506 1199 2574 Sic
1253 2513 1437 2589 ficarentur,
1460 2533 1527 2575 non
1551 2532 1591 2574 ex
1614 2510 1764 2592 operibus
1785 2511 1875 2594 legis.
1922 2511 1960 2577 Si
1981 2513 2131 2578 fidelesa
2156 2514 2228 2596 lege

225 2599 314 2664 enim
340 2599 503 2662 Dominus
530 2598 687 2680 loquitur:
717 2599 857 2681 critque,
886 2599 914 2663 si
938 2597 1079 2662 audieris
1106 2616 1200 2677 prae-
1253 2598 1289 2660 in
1317 2597 1416 2662 fidem
1442 2596 1640 2679 demigrant,
1671 2597 1766 2660 utin
1793 2597 1854 2663 hac
1877 2600 2034 2663 iustitiam
2056 2600 2228 2663 inveniant

223 2690 318 2765 cepta
343 2691 377 2747 et
405 2683 523 2748 iudicia
546 2683 642 2762 haec,
671 2684 926 2766 custodierisque
955 2705 994 2748 66
1015 2687 1048 2746 61
1074 2682 1198 2760 feceris,
1253 2704 1351 2766 61611
1374 2684 1486 2748 abesse
1509 2683 1549 2747 ab
1571 2682 1628 2746 1116
1651 2681 1776 2760 vident,
1800 2692 1887 2748 certe
1908 2686 2050 2750 iustitiae
2072 2685 2152 2768 legis
2175 2706 2227 2748 re·

222 2767 383 2836 custodiet
408 2769 506 2833 611611
535 2770 594 2833 tibi
616 2771 779 2835 Dominus
806 2776 937 2852 pactum
958 2778 991 2833 et
1018 2768 1200 2833 misericor·
1252 2771 1414 2834 nuntiant
1463 2768 1579 2850 Itaque
1608 2768 1785 2851 amplificet
1810 2791 1898 2836 1116
1925 2773 1980 2853 qui
2013 2771 2100 2836 volet
2132 2772 2228 2834 retri-

223 2854 320 2933 diam,
341 2875 440 2936 quam
462 2855 584 2919 iuravit
604 2856 751 2937 patribus
772 2856 838 2920 tuis
843 2879 853 2936 ;
875 2855 989 2938 diliget
1010 2861 1043 2918 te
1061 2876 1098 2919 66
1115 2853 1200 2918 mul·
1253 2854 1411 2932 butiones,
1434 2875 1517 2937 quae
1538 2854 1621 2937 legis
1643 2853 1885 2920 observatorem
1903 2878 2037 2922 manere
2060 2855 2214 2922 dicuntur
2220 2880 2228 2935 ;

224 2940 397 3023 tiplieabit,
420 2946 454 3004 et
472 2940 643 3005 benedicet
661 2942 735 3020 tibi,
759 2948 818 3008 etc.
864 2941 965 3005 Item:
989 2940 1017 3005 si
1045 2940 1128 3005 bene
1151 2939 1200 3003 di·
1252 2940 1347 3005 modo
1369 2941 1465 3006 simul
1488 2939 1740 3017 animadvertat,
1765 2946 1876 3007 nostra
1896 2944 2060 3025 pravitate
2080 2943 2162 3022 1611,
2187 2964 2230 3008 16

226 3026 378 3092 rexeritis
400 3026 471 3090 vias
493 3031 620 3092 vestras
642 3033 675 3091 et
696 3027 804 3093 studia
823 3033 942 3105 vestra,
965 3048 1031 3091 non
1053 3025 1200 3090 ambula·
1251 3027 1395 3092 fructum
1417 3026 1493 3091 inde
1515 3027 1619 3091 ullum
1642 3027 1834 3107 sentiamus,
1858 3027 1960 3094 donec
1982 3029 2079 3093 aliam
2102 3051 2145 3093 ex
2165 3028 2230 3094 116

222 3112 338 3177 veritis
360 3119 434 3195 post
457 3110 533 3176 deos
556 3112 687 3192 alienos,
711 3113 869 3179 iudicium
880 3113 1020 3179 feceritis
1043 3112 1128 3176 inter
1150 3111 1199 3176 vi·
1251 3113 1411 3178 iustitiam
1437 3113 1596 3177 fuerimus
1619 3111 1736 3194 adepti
1781 3109 1838 3178 816
1859 3114 1984 3192 David,
2009 3115 2065 3179 ubi
2088 3116 2228 3179 retribu-

223 3218 299 3261 rum
321 3203 354 3261 61
374 3197 499 3275 virum,
527 3198 643 3262 necin
666 3199 827 3264 malitiam
848 3199 1061 3275 recesseritis,
1085 3197 1199 3262 61111111-
1250 3199 1349 3263 tionis
1369 3199 1528 3276 meminit,
1551 3200 1879 3280 quampraeparavit
1900 3201 2004 3265 servis
2026 3202 2093 3265 suis
2115 3201 2229 3265 Domi·

222 3282 298 3348 labo
326 3283 362 3347 in
388 3282 496 3346 medio
526 3285 628 3348 vestri
657 3281 1197 3368 (Ι)611.7,12.161.7,36123).
1251 3306 1323 3362 116,
1347 3285 1459 3349 statim
1481 3283 1522 3348 61
1544 3291 1752 3366 peccatorum
1774 3286 2029 3368 recognitionem
2052 3285 2228 3364 descendit,

223 3368 307 3434 Nolo
335 3367 426 3433 mille
453 3367 599 3434 eiusdem
626 3370 750 3434 formae
786 3370 907 3435 frustra
934 3370 1086 3447 recitare,
1116 3390 1206 3453 quae.
1251 3371 1367 3452 quibus
1390 3370 1447 3434 illa
1468 3370 1664 3434 exinanitur.
1698 3369 1831 3434 Psalmo
1848 3372 1943 3436 etiem
1970 3376 2017 3450 19,
2040 3376 2077 3435 12
2100 3372 2229 3457 magni-

222 3455 353 3537 quando
378 3454 465 3518 nihil
487 3476 586 3520 sensu
608 3455 778 3534 diffenmt,
800 3457 938 3521 istarum
959 3456 1119 3521 solutione
1141 3476 1198 3519 ex·
1249 3458 1310 3521 166
1332 3455 1394 3520 le'
1435 3456 1594 3521 beneficia
1615 3454 1835 3537 depraedicat;
1863 3458 1920 3522 661
1943 3459 2097 3524 continuo
2120 3457 2228 3523 61616

221 3539 441 3622 plicabuntur.
494 3537 646 3620 8111116,
682 3543 882 3625 propositam
916 3548 1056 3606 testatur
1088 3541 1198 3606 Moses
1250 3548 1330 3607 mat:
1385 3542 1481 3608 elicta
1501 3542 1573 3624 quis
1595 3539 1778 3624 intelliget?
1807 3541 1848 3606 ab
1871 3545 2005 3609 occultis
2027 3546 2108 3610 meis
2130 3566 2228 3608 mun-

115 3664 117 3668 ,
221 3625 257 3688 in
279 3624 350 3709 lege
371 3624 630 3691 benedictionem
653 3633 686 3691 et
707 3627 981 3694 maledictionem:
1006 3634 1146 3692 mortem
1165 3634 1199 3691 et
1251 3628 1293 3693 16
1320 3649 1372 3691 me
1399 3628 1550 3692 Domine.
1589 3626 1675 3691 Item
1704 3626 1782 3691 alibi
1795 3627 1818 3712 ¹)
1847 3628 2020 3714 (Ρ661.25,
2043 3630 2096 3712 10)
2124 3651 2227 3712 quum

222 3711 325 3776 vitam
347 3712 460 3795 (Dent.
484 3716 531 3788 11,
552 3710 616 3796 26).
670 3711 815 3798 8166196
843 3718 1200 3798 619616661661611611
1251 3713 1386 3778 dixisset
1403 3719 1536 3778 cunctas
1557 3713 1628 3777 vias
1649 3714 1785 3777 Domini
1807 3713 1985 3780 bonitatem
2003 3725 2036 3779 61
2052 3717 2231 3782 veritatem

221 3795 479 3860 benedictionem
495 3799 593 3863 istam
610 3799 747 3863 otiosam
764 3801 1061 3883 infructuosamque
1077 3797 1197 3883 16111)
1250 3799 1442 3864 timentibus
1476 3820 1566 3876 eum,
1600 3799 1776 3864 subnectit:
1814 3808 1946 3883 propter
1978 3822 2098 3865 nomen
2130 3808 2226 3863 tuum

222 3886 280 3945 aut
301 3902 367 3944 non
389 3881 488 3947 solius
511 3904 581 3947 esse
600 3883 678 3949 fidei
699 3886 969 3952 iustificationem.
1009 3886 1083 3950 Iam
1100 3907 1199 3967 supra
1250 3886 1391 3951 Domine
1429 3884 1657 3968 propitiaberis
1692 3885 1848 3967 pravitati
1887 3908 1994 3966 meae,
2034 3885 2138 3949 multa
2176 3894 2228 3950 661

221 3964 437 4045 ostendimus,
461 3968 629 4051 quomodo,
654 3971 682 4035 si
709 3971 743 4034 in
767 3971 839 4056 lege
869 3973 1079 4049 haereamus,
1108 3972 1198 4034 omni
1251 3973 1346 4036 enim
1392 3968 1449 4036 816
1471 3979 1504 4035 61
1525 3992 1584 4035 166
1604 3991 1833 4055 recognoscere
1856 3972 2019 4051 debemus,
2043 3972 2227 4054 expositam

220 4050 445 4116 benedictione
468 4052 601 4120 defectis
624 4057 691 4121 sola
713 4057 806 4122 nobis
829 4057 1012 4124 maledictio
1038 4058 1196 4134 imminet,
1251 4057 1382 4140 quidem
1411 4078 1482 4122 esse
1509 4057 1602 4121 nobis
1632 4057 1668 4120 in
1702 4057 1774 4140 lego
1801 4058 1865 4123 Dei
1895 4058 2169 4134 benevolentiam,
2199 4056 2228 4121 si

221 4158 305 4221 quae
343 4139 506 4204 universis
546 4144 839 4225 transgressoribus
870 4143 976 4209 edicta
1009 4150 1066 4208 est.
1122 4142 1198 4206 Non
1251 4143 1403 4225 operibus
1430 4164 1502 4207 eam
1530 4142 1689 4207 demereri
1723 4132 1834 4223 liceat}
1868 4144 1926 4209 661
1952 4145 2084 4209 illorum
2110 4144 2227 4208 merito

221 4224 309 4288 enim
331 4225 492 4306 promittit
511 4227 674 4292 Dominus
696 4228 871 4311 quidpiam,
894 4231 958 4294 nisi
979 4229 1130 4311 perfectis
1151 4227 1198 4292 le-
1250 4250 1419 4311 nunquam
1441 4229 1483 4293 ad
1504 4250 1563 4293 nos
1584 4230 1763 4310 pervenire.

222 4310 273 4391 gis
295 4331 373 4374 suae
396 4310 588 4390 cultoribus,
619 4314 724 4396 qualis
751 4336 846 4379 nemo
868 4317 1037 4397 reperitur.
1082 4314 1198 4379 Manet
1338 4319 1386 4378 63.
1433 4313 1522 4396 Quid
1544 4313 1643 4397 ergo?
1672 4337 1714 4380 an
1737 4314 1831 4381 datae
1853 4323 1943 4394 sunt,
1968 4324 2006 4381 nt
2028 4317 2098 4382 sine
2117 4316 2225 4379 fructu

167 4467 174 4495 Ι
221 4394 323 4477 igitur
344 4395 435 4475 illud,
459 4403 565 4461 totum
586 4398 757 4464 hominum
773 4422 877 4483 genus
894 4423 953 4483 per
970 4400 1076 4484 legem
1093 4400 1196 4482 argui,
1250 4399 1504 4467 evanescerent?
1549 4400 1622 4464 Iam
1648 4423 1754 4484 nuper
1781 4408 1919 4467 testatus
1947 4424 2036 4482 sum,
2065 4422 2132 4466 non
2154 4421 2224 4464 esse

222 4480 442 4546 maledictioni
464 4489 498 4547 et
525 4484 594 4548 irae
622 4485 686 4549 Dei
709 4487 899 4551 obnoxium:
930 4509 950 4551 6
978 4508 1042 4569 616
1067 4492 1104 4549 61
1133 4485 1196 4548 sol·
1249 4486 1283 4550 id
1304 4509 1397 4551 meae
1419 4487 1608 4552 sententiae.
1653 4488 1737 4553 Dico
1758 4509 1846 4566 sane,
1869 4488 2047 4554 efficaciam
2067 4509 2160 4553 61611
2182 4485 2224 4550 61

221 4574 352 4645 vantur,
375 4589 393 4633 6
415 4574 574 4650 potestate
602 4570 684 4654 legis
705 4573 794 4636 exire
817 4593 949 4637 necesse
971 4578 1029 4648 est,
1052 4579 1086 4634 et
1106 4568 1197 4635 velut
1248 4594 1309 4638 nos
1337 4594 1403 4638 non
1430 4573 1589 4655 proferre,
1618 4573 1773 4656 quamdiu
1800 4573 1842 4637 ad
1870 4594 2005 4655 operum
2032 4574 2150 4639 merita
2173 4594 2224 4636 re-

222 4651 263 4716 ab
285 4653 355 4718 eius
373 4655 530 4720 servitute
548 4656 582 4720 in
602 4655 786 4721 libertatem
804 4657 919 4721 asseri:
943 4677 1011 4720 non
1031 4655 1197 4722 carnalem
1249 4659 1391 4740 spiciunt
1396 4683 1404 4738 ;
1448 4680 1537 4738 1616,
1560 4660 1588 4724 61
1605 4659 1640 4722 in
1662 4681 1697 4724 66
1713 4658 1968 4739 considerentur,
1988 4656 2224 4741 quodammodo

222 4737 353 4820 quidem
381 4739 488 4818 111611,
518 4762 601 4822 quae
624 4742 664 4807 ab
686 4742 909 4806 observatione
934 4741 1017 4825 legis
1039 4762 1098 4807 nos
1120 4743 1196 4807 sub·
1249 4745 1379 4809 aboleri.
1425 4681 1482 4810 816
1508 4745 1711 4827 praeclaram
1738 4744 1830 4811 111611
1855 4745 2102 4828 promissionem
2126 4743 2222 4826 (Lov.

223 4819 336 4901 ducat,
366 4823 408 4887 ad
436 4847 548 4890 rerum
569 4827 715 4890 omnium
738 4825 902 4891 licentiam
923 4829 1054 4906 invitet,
1078 4850 1196 4894 concu·
1253 4835 1301 4909 18,
1322 4834 1349 4894 5.
1373 4831 1430 4894 111.
1452 4834 1502 4909 20,
1526 4831 1591 4911 11);
1616 4830 1691 4895 dedi
1713 4830 1803 4895 vobis
1824 4831 1910 4895 bona
1931 4835 2117 4912 praecepta,
2141 4848 2225 4908 quae

221 4908 414 4989 piscentiam
437 4920 593 4989 nostram,
616 4911 706 4976 velut
727 4912 834 4993 ruptis
855 4913 1020 4997 repagulis
1037 4922 1094 4981 611
1115 4916 1195 4979 6111-
1249 4917 1304 4999 qui
1337 4916 1463 4995 fecerit,
1497 4919 1587 4982 vivet
1618 4917 1653 4980 in
1684 4916 1764 4998 ipsis
1771 4939 1779 4996 ;
1812 4915 1934 4980 1111116
1966 4914 2122 4977 momenti
2154 4934 2225 4978 esse

203 4993 267 5084 'sis
301 4994 438 5060 habenis
479 4997 630 5062 lascivire
661 4997 843 5078 permittat:
884 4998 942 5066 sed
982 5000 1195 5082 spiritualem,
1250 5003 1414 5084 apostolus
1442 5001 1535 5067 docet
1562 5001 1672 5086 (Rom.
1696 5007 1748 5080 10,
1773 4999 1809 5085 b)
1836 5000 1925 5066 siin
1952 5021 1992 5064 66
2018 4999 2225 5078 resistamus;

292 5266 321 5335 1)
340 5268 435 5336 quinto
455 5265 528 5322 1139.
599 5268 631 5336 1)
647 5270 775 5326 1661611116
793 5280 903 5340 oportet
920 5271 996 5328 1539.
1016 5271 1091 5328 1548.
1320 5276 1349 5343 1)
1367 5276 1482 5330 Prorsus
1499 5275 1543 5330 hio
1553 5277 1628 5330 locus
1641 5292 1703 5328 61111
1717 5274 1857 5343 superiore
1871 5275 1996 5344 congruit
2011 5275 2057 5328 nbi
2076 5273 2144 5330 loco
2156 5290 2229 5344 seqq.
