4770 6030
155 367 218 429 865
404 359 503 425 OAP.
526 356 764 443 x1v.(v1]1)
805 359 870 424 DE
891 353 1363 423 PRAEDusuntauIONa
1384 355 1445 420 ΕΤ
1466 353 1789 424 ΡΒΟῊΒΕΝΤΙΔ
1811 355 1902 420 DEI.
2094 356 2159 418 866

156 472 523 542 inaestimata.

156 573 256 634 quam
277 560 352 613 ante
374 571 410 614 se
431 459 538 630 positti
558 569 635 612 vere
656 549 824 612 intueatur
845 569 883 611 ae
903 554 1024 611 cernat
1069 545 1131 608 At-
1184 544 1396 610 convertisse:
1432 551 1470 607 ut
1496 549 1652 626 tanquam
1679 566 1720 608 ex
1753 546 1823 610 eius
1852 568 1983 629 corpore
1996 553 2161 617 omembra

155 658 218 719 que
248 636 329 701 haec
355 635 570 718 praescientia
599 634 640 698 ad
668 634 857 698 universum
885 631 999 696 mundi
1029 631 1131 695 ambi·
1183 629 1328 712 eligeret,
1348 650 1428 711 quos
1449 630 1484 693 iu
1506 631 1593 695 vitae
1614 632 1812 695 consortium
1835 642 2061 715 assumpturus
2079 646 2157 703 erat

155 729 282 785 tumet
311 720 352 785 ad
380 741 492 784 omnes
512 727 677 784 creaturas
705 718 900 783 extenditur.
945 716 1131 782 Praedesti·
1183 715 1304 779 Valeat
1329 716 1431 797 igitur
1458 716 1544 797 apud
1571 716 1684 780 fideles
1712 716 1792 782 haec
1816 720 1914 795 ratio,
1945 720 2016 784 ideo
2045 744 2102 786 uos
2122 726 2159 787 in

155 809 322 872 nationem
355 827 508 871 vocamus
546 814 715 870 aeternum
749 805 813 869 Dei
855 800 1035 881 decreffim,
1069 822 1131 884 quo
1185 799 1317 865 Christo
1339 801 1438 865 fuisse
1460 802 1496 864 in
1518 801 1690 867 coelestem
1720 802 1955 868 haereditatem
1979 805 2157 889 adoptatos,

156 883 314 976 apud‘se
321 893 534 970 constitutum
555 892 669 956 habuit
693 890 771 973 quid
793 890 833 954 de
860 909 1051 971 unoquoque
1073 887 1132 952 ho-
1184 888 1261 968 quia
1289 887 1323 950 in
1351 886 1444 951 nobis
1472 887 1551 970 ipsis
1576 909 1642 951 non
1663 908 1793 953 eramus
1814 898 1925 955 tantae
1947 893 2158 959 excellentiae

156 981 246 1042 mine
267 979 340 1042 fieri
361 977 468 1042 vellet
513 977 588 1041 Non
607 978 696 1041 enim
717 977 789 1058 pari
812 974 994 1040 conditione
1017 995 1132 1039 crean-
1183 993 1326 1054 capaces.
1379 970 1476 1052 Quod
1503 981 1536 1037 et
1564 973 1641 1038 alibi
1666 994 1792 1056 quoque
1818 985 1911 1040 notat
1938 976 2022 1126 gleb
2046 984 2071 1056 l,
2094 980 2157 1064 12),

140 1070 212 1128 *tur
238 1085 366 1141 emnes3
400 1062 456 1126 sed
490 1062 561 1127 aliis
588 1064 658 1127 vita
685 1072 831 1138 aeterna,
864 1060 937 1125 eliis
964 1060 1132 1124 damnatio
1183 1078 1284 1139 quum
1307 1058 1458 1122 hortatur
1484 1057 1527 1123 ad
1554 1060 1734 1142 gratiarum
1757 1062 1916 1125 actionem

157 1157 290 1214 aeterna
310 1147 568 1231 praeordinatur.
613 1148 728 1231 ltaque
758 1155 854 1229 prout
880 1148 916 1209 iu
937 1146 1131 1210 alterutrum
1183 1164 1225 1206 cx
1247 1165 1285 1208 eo
1306 1141 1392 1225 quod
1414 1165 1433 1208 a
1452 1145 1594 1209 Domine
1615 1144 1734 1209 redditi
1755 1147 1877 1210 fuerint
1897 1147 2005 1212 idonei
2024 1149 2065 1213 ad
2082 1172 2158 1233 par-

156 1237 257 1300 finem
285 1236 419 1316 quisque
445 1234 598 1299 conditus.
620 1240 685 1311 est,
714 1234 761 1296 ita
782 1232 835 1298 vel
863 1231 904 1296 ad
926 1232 1044 1308 vitam,
1079 1230 1131 1296 vel
1183 1229 1384 1311 ticipandam
1416 1237 1538 1294 sortem
1571 1237 1766 1299 sauctorum.
1818 1231 1857 1297 Si
1890 1235 2031 1316 gratiam
2058 1237 2157 1302 istam

157 1321 199 1385 ad
221 1329 359 1384 mortem
380 1319 658 1401 praedestinatum
687 1318 834 1383 dicimus.
877 1316 967 1382 Usus
992 1316 1133 1382 invaluit
1182 1314 1326 1393 Domini,
1348 1322 1387 1379 ut
1406 1315 1514 1380 idonei
1535 1316 1577 1381 ad
1599 1316 1737 1400 gloriam
1758 1319 1887 1382 futurae
1905 1320 1992 1384 ritae
2009 1321 2157 1387 obtinen-

157 1414 195 1471 ut
222 1405 461 1488 providentiam
492 1426 656 1481 vocemus,
685 1426 783 1485 quam
809 1404 844 1466 in
866 1402 983 1466 mundi
1004 1424 1131 1466 rerum-
1184 1398 1261 1464 dam
1281 1401 1472 1480 reddamur,
1494 1402 1660 1484 praecedit
1682 1403 1808 1469 electio:
1830 1404 1908 1486 quid
1929 1406 1995 1469 iem
2018 1410 2158 1488 reperiet

157 1513 219 1573 que
241 1492 386 1555 omnium
415 1490 650 1573 gubernatione
673 1490 893 1554 oeconomiam
915 1489 1006 1553 Deus
1032 1495 1130 1552 tenet
1183 1487 1220 1550 in
1251 1487 1344 1551 nobis
1369 1488 1474 1565 Deus,
1508 1509 1571 1570 quo
1598 1487 1640 1552 ad
1673 1510 1732 1553 nos
1765 1489 1931 1573 eligendos
1964 1494 2155 1557 moveatur?

156 1579 209 1642 De
226 1576 521 1659 praedestinatione
539 1577 582 1640 sit
600 1576 692 1640 nobis
709 1573 1011 1657 primadisputatio.
1035 1572 1131 1654 Quod
1183 1572 1339 1653 Apertius
1361 1574 1542 1637 etiamnum
1569 1573 1685 1651 altera
1701 1575 1771 1638 eius
1792 1577 1954 1640 sententia
1975 1578 2061 1659 quod
2084 1580 2158 1644 velo

157 1685 234 1745 ergo
256 1663 418 1743 scriptura
435 1661 521 1725 clare
541 1661 690 1737 ostendit,
709 1661 846 1725 dicimus
864 1660 1052 1738 Dominum,
1077 1680 1131 1724 ae·
1184 1659 1392 1739 exprimetur.
1437 1659 1549 1742 Elegit
1573 1662 1650 1738 rios,
1672 1660 1791 1741 iuquit,
1815 1669 1990 1743 antequam
2012 1665 2157 1729 iaceren-

158 1755 251 1812 terno
273 1769 310 1811 ac
332 1747 528 1811 immutabili
550 1748 682 1812 consilio
704 1746 805 1811 semel
826 1746 1030 1811 constituisse
1051 1766 1131 1826 quos
1183 1750 1239 1806 tur
1259 1743 1374 1808 mundi
1395 1744 1618 1822 fundamenta,
1641 1745 1819 1810 seeundum
1842 1748 2079 1829 beneplacitum
2100 1772 2158 1815 vo-

1968 1063 2156 1145 olossenses,
2259 1130 2266 1142 ,

157 1833 234 1897 olim
256 1840 436 1897 assumeret
463 1833 673 1909 insalutes,
700 1830 1131 1915 quosrursumexitiode·
1183 1827 1319 1893 luntatis
1347 1851 1440 1906 suae,
1470 1838 1508 1894 ut
1535 1851 1679 1896 essemus
1709 1833 1816 1897 sancti
1843 1839 1877 1897 et
1901 1834 2102 1900 immaculati
2125 1843 2158 1901 et
2269 1876 2279 1894 κ
2328 1846 2332 1855 ’

156 1927 298 1986 voveret.
349 1917 440 1998 Quos
466 1920 582 1984 salutis
608 1918 856 2000 participatione
883 1917 1053 2001 dignabar,
1077 1938 1131 1982 eos
1183 1914 1485 1996 irreprehensibiles
1512 1917 1546 1979 in
1568 1926 1743 1999 conspeetu
1768 1918 1879 2000 ipsius.
1932 1919 1997 1984 Ubi
2016 1921 2082 1985 Dei
2102 1923 2158 1987 be-

158 2006 302 2087 gratuita
323 2004 393 2068 eius
414 2005 651 2080 misericordia,
679 2004 770 2069 nulle
791 2004 941 2085 propriae
963 2002 1131 2086 dignitatis
1183 1999 1383 2083 neplacitum
1405 2002 1602 2083 quibuslibet
1622 2004 1742 2067 nestris
1763 2005 1889 2068 meritis
1911 2008 2051 2087 opponit.

158 2097 321 2171 respectu,
349 2089 487 2155 dicimus
512 2091 663 2172 cooptari.
708 2088 799 2169 Quos
826 2090 861 2151 in
888 2088 1131 2153 damnationem
1271 2090 1299 2150 7.
1343 2086 1537 2168 Ubicunque
1559 2089 1647 2152 enim
1675 2096 1793 2171 regnat
1817 2089 1879 2156 heo
1900 2091 1965 2154 Dei
1992 2092 2156 2174 placitum,

159 2175 274 2252 tradit,
298 2176 352 2251 iis,
380 2176 465 2238 iusto
491 2175 621 2258 quidem
644 2183 677 2239 et
701 2174 979 2256 irreprehensibili
1001 2173 1058 2239 sed
1071 2174 1131 2238 in·
1182 2171 1275 2235 nulla
1295 2171 1331 2235 in
1353 2173 1643 2250 considerationem
1665 2175 1804 2238 veniunt
1824 2197 1930 2258 opera.
1965 2178 2158 2244 Antithesis

158 2261 443 2342 comprehensibili
469 2263 571 2344 ipsius
600 2261 733 2338 iudicio,
768 2261 856 2325 vitae
883 2259 1009 2324 aditum
1036 2280 1130 2341 prae·
1182 2256 1314 2338 quidem
1341 2257 1396 2323 hie
1422 2279 1489 2323 non
1514 2260 1737 2340 prosequitur,
1767 2261 1824 2325 sed
1845 2262 2071 2328 subaudienda
2098 2273 2156 2345 est,

158 2346 253 2411 cludi.
303 2346 377 2411 Iam
405 2367 483 2411 vere
513 2348 549 2411 in
583 2347 693 2411 electis
718 2346 920 2412 vocationem
947 2347 1129 2424 statuimus,
1183 2342 1289 2423 qualis
1320 2343 1398 2408 alibi
1429 2344 1611 2426 explicatur
1633 2345 1683 2409 ab
1715 2346 1854 2427 ipsomet
1886 2347 1920 2429 (2
1944 2349 2026 2412 Tim.
2055 2355 2086 2427 1,
2112 2351 2156 2436 9).

142 2432 323 2496 “ο1θοιιοοιι
345 2432 614 2497 testificationem.
648 2432 917 2497 iustificationem
935 2430 1059 2509 deinde,
1084 2431 1138 2496 al·‘
1183 2428 1324 2494 Vocavit
1351 2450 1424 2509 nos,
1458 2431 1587 2512 inquit„
1606 2431 1775 2506 vocatione
1797 2440 1925 2509 saneta,
1954 2455 2019 2497 non
2042 2457 2158 2502 secun·

158 2525 267 2582 terum
289 2519 358 2582 eius
380 2518 637 2583 manifestandae
658 2518 850 2602 symbolum,
874 2517 975 2582 donec
998 2517 1040 2581 ad
1061 2516 1130 2601 gle-
1175 2512 1262 2578 *dum
1283 2535 1382 2597 opera
1403 2523 1531 2595 nostra;
1552 2516 1610 2581 sed
1632 2515 1810 2581 secuudum
1832 2519 2033 2599 propositum
2051 2543 2156 2602 suum,

158 2605 242 2668 riam
264 2605 299 2666 in
321 2624 384 2685 qua
406 2604 475 2669 eius
497 2605 769 2686 complementum
794 2610 909 2679 exstat,
931 2604 1129 2684 pervenitur.
1183 2606 1216 2663 et
1238 2602 1378 2683 gratiam
1399 2623 1483 2684 quae
1504 2601 1581 2666 data
1602 2610 1653 2668 est
1673 2602 1766 2667 nobis
1788 2602 1958 2668 aOhriste
1980 2611 2056 2669 ante
2074 2616 2159 2672 teru-

159 2689 443 2770 Quemadmodum
482 2698 591 2754 autern
628 2691 796 2754 vocatione
834 2697 867 2753 et
904 2688 1131 2753 iustificatione
1181 2705 1262 2766 pora
1283 2686 1470 2752 saecularia.
1515 2685 1612 2767 Quod
1634 2695 1744 2753 autem
1766 2690 1926 2770 sequitur,
1954 2696 1993 2753 ut
2013 2712 2157 2758 essemus

77 2814 87 2838 ι
158 2777 276 2841 οιοοιοι
298 2798 373 2840 suos
390 2776 553 2840 Dominus
575 2777 692 2858 signat,
714 2777 762 2839 ita
779 2775 942 2857 reprobos,
965 2774 1018 2840 vel
1036 2795 1056 2838 a
1073 2795 1131 2839 no-
1183 2773 1287 2836 eaneti
1320 2781 1353 2836 et
1383 2773 1600 2851 immaculati,
1640 2774 1828 2856 scrupulum
1869 2796 1998 2839 omnem
2032 2776 2155 2843 adimit

160 2862 233 2925 titia
260 2863 310 2926 sui
338 2862 495 2939 neminis,
525 2862 578 2926 vel
600 2883 620 2926 a
641 2862 775 2943 spiritus
797 2861 846 2924 sui
875 2860 1131 2925 sanctificatione
1182 2857 1247 2923 Dio
1268 2858 1371 2935 enim,
1399 2860 1554 2941 quoniam
1575 2860 1701 2924 futuros
1727 2860 1890 2941 praevidit
1911 2868 2054 2941 sanctos,
2083 2863 2156 2927 ideo

159 2946 376 3025 excludendo,
399 2948 493 3029 quale
513 2957 646 3011 maneat
668 2968 723 3012 θοι
745 2945 914 3025 iudicium,
936 2946 1007 3010 istis
1027 2946 1130 3010 veluti
1182 2942 1293 3026 elegit:
1327 2950 1361 3007 et
1385 2944 1534 3010 ordinem
1561 2945 1659 3010 Pauli
1685 2946 1837 3011 invertes.
1883 2944 1939 3012 Sic
1966 2968 2044 3030 erge
2066 2948 2156 3013 colli·

159 3032 244 3096 notis
273 3033 385 3113 aperit.
435 3033 543 3098 Multa
566 3034 619 3098 hie
639 3034 822 3114 praeteribo
848 3034 1020 3115 figmenta,
1047 3053 1130 3113 quae
1182 3048 1259 3111 gere
1290 3037 1360 3093 tuto
1387 3037 1493 3111 potes:
1529 3031 1558 3095 si
1586 3031 1686 3115 elegit
1713 3053 1772 3095 nos
1799 3039 1838 3095 ut
1869 3033 1974 3098 saneti
2000 3055 2154 3113 essemus,

159 3118 201 3182 ad
234 3118 444 3184 evertendam
481 3119 811 3202 praedestinationem·
847 3119 1021 3182 commenti
1053 3123 1131 3182 sunt
1181 3134 1248 3177 non
1270 3113 1377 3198 elegit,
1400 3116 1477 3197 quia
1497 3116 1624 3181 futuros
1645 3116 1727 3182 tales
1744 3118 1964 3199 praevidebat
1997 3119 2157 3203 Pugnant

158 3203 251 3267 stulti
288 3203 444 3268 homines.
499 3205 573 3269 Non
610 3206 697 3269 enirn
736 3204 928 3268 refutatione
970 3202 1128 3287 indigent,
1181 3201 1270 3263 enim
1295 3201 1382 3264 iuter
1409 3222 1444 3264 se
1466 3201 1547 3266 haec
1570 3201 1647 3267 duo:
1677 3202 1797 3268 habere
1823 3204 1894 3285 pios
1923 3205 1964 3269 ab
1987 3204 2152 3285 electione,

159 3311 251 3371 quae,
284 3289 379 3352 simul
413 3311 450 3355 ac
476 3292 699 3372 proferuntur,
733 3312 826 3354 suam
856 3290 927 3371 ipsa
954 3288 1130 3353 falsitatem
1181 3292 1219 3349 ut
1237 3286 1342 3350 sancti
1360 3286 1440 3364 sint;
1463 3295 1496 3350 et
1513 3286 1555 3351 ud
1572 3309 1645 3352 eam
1663 3290 1789 3353 ratione
1805 3310 1940 3371 operum
1956 3292 2155 3371 pervenisse.

159 3373 288 3439 abunde
314 3374 523 3458 redarguunt.
573 3378 616 3440 In
642 3377 683 3440 iis
708 3383 838 3440 tantum
859 3374 1056 3438 immorabor
1077 3374 1130 3439 vel
1180 3371 1295 3452 Neque
1324 3371 1413 3437 valet
1439 3372 1493 3437 hie
1518 3374 1673 3439 cavillum
1697 3395 1761 3456 quo
1787 3374 1925 3439 subinde
1952 3376 2154 3459 confugiunt,

160 3460 200 3524 de
222 3459 338 3542 quibus
359 3460 446 3524 inter
466 3461 794 3544 doctosdisceptatur,
818 3461 869 3525 vel
891 3480 974 3542 quae
992 3459 1130 3525 difficul-
1182 3457 1281 3521 nullis
1313 3457 1581 3539 praecedentibus
1614 3460 1739 3525 meritis
1766 3460 1945 3524 Dominum
1977 3461 2156 3543 rependere

160 3553 263 3610 tatem
282 3545 482 3626 simplicibus
503 3547 630 3612 adferre
652 3549 785 3629 possint,
809 3547 862 3610 vel
884 3546 1130 3628 quaespeciose,
1182 3541 1346 3608 electionis
1368 3544 1524 3627 gratiam3
1546 3545 1664 3610 futuris
1685 3554 1796 3610 tamen
1818 3545 2001 3611 concedere.
2044 3544 2156 3626 Quum

157 3632 201 3695 ad
222 3631 441 3713 sugillandam
459 3633 523 3697 Dei
544 3634 713 3708 iustitiam,
737 3631 923 3714 praetendit
944 3632 1105 3714 impietas.
1182 3628 1270 3692 enim
1291 3628 1410 3694 dieitur
1436 3629 1555 3696 electos
1581 3630 1680 3696 frrisse
1708 3631 1820 3695 fideles
1847 3640 1886 3695 ut
1911 3632 2016 3696 sancti
2037 3640 2154 3713 essent,

247 3721 275 3781 6.
321 3716 418 3796 Quod
440 3717 480 3782 de
503 3720 646 3799 gratuita
672 3719 819 3783 fidelium
840 3718 995 3782 electione
1021 3717 1131 3798 posui·
1182 3713 1280 3777 simul
1306 3714 1469 3793 innuitur,
1491 3737 1574 3797 quae
1602 3716 1637 3780 in
1666 3717 1744 3798 ipsis
1765 3717 1877 3781 futura
1897 3725 1969 3781 erat
1989 3719 2155 3799 sanctitas,

159 3824 242 3880 mus,
266 3804 485 3868 controversia
507 3826 573 3866 non
595 3814 697 3882 carot;
721 3804 820 3886 vulgo
838 3804 925 3867 enim
943 3803 1133 3867 existimant
1182 3799 1223 3863 ab
1245 3799 1400 3865 electione
1422 3800 1575 3866 habuisse
1603 3802 1782 3866 exordium.
1826 3803 1873 3865 Et
1894 3803 2054 3885 quomodo
2075 3825 2155 3887 que-

159 3888 354 3964 Dominum,
377 3898 474 3970 prout
495 3890 648 3971 cuiusque
673 3891 791 3954 merita
810 3891 878 3953 lore
899 3887 1062 3971 providet,
1084 3889 1131 3953 ita
1182 3884 1290 3949 drabit
1314 3885 1403 3951 istud
1431 3886 1583 3964 verbum,
1612 3908 1695 3970 quae
1722 3888 1763 3952 ab
1785 3887 1941 3953 electione
1965 3888 2157 3954 derivantur

160 3974 246 4037 inter
279 3974 428 4038 homiues
457 3975 651 4040 discernere.
704 3974 794 4054 Quos
828 3996 905 4056 ergo
938 3997 998 4039 sua
1024 3975 1131 4058 gratia
1182 3969 1332 4035 electioni
1356 3992 1489 4037 eausam
1515 3971 1663 4038 dedisse?
1713 3972 1754 4037 Id
1779 3973 1888 4056 ipsum
1913 3974 2000 4056 quod
2027 3974 2156 4040 dixerat

159 4059 227 4122 fore
249 4080 314 4122 non
334 4060 485 4142 indignos
506 4063 763 4143 praecognoscit,
790 4062 900 4125 cosin
921 4060 1063 4124 filiorum
1084 4060 1131 4124 lo-
1183 4055 1313 4120 videtur
1333 4059 1439 4140 magis
1460 4068 1573 4140 postea
1593 4060 1794 4136 confirmare,
1817 4060 1874 4125 ubi
1897 4061 1952 4138 ait,
1975 4062 2154 4126 secundum

160 4165 236 4207 eum
257 4155 421 4225 coeptare;
449 4168 586 4227 quorum
615 4147 748 4228 ingenia
770 4146 811 4210 ad
838 4145 996 4211 malitiam
1015 4153 1049 4209 et
1069 4146 1131 4210 im·
1182 4143 1384 4224 propositum
1414 4143 1592 4210 veluntatis
1629 4165 1722 4221 suae,
1760 4144 1846 4227 quod
1877 4156 2089 4227 preposuerat
2120 4148 2155 4210 in

159 4230 314 4311 pietatem
336 4252 536 4312 propensura
557 4231 694 4313 dispicit,
721 4253 776 4295 eos
797 4233 910 4296 mertis
931 4231 1132 4295 damnationi
1182 4228 1369 4310 semetipso3
1393 4228 1552 4310 siquidem
1578 4230 1689 4296 Deum
1713 4231 1748 4294 in
1774 4252 1809 4295 se
1843 4231 1913 4313 ipse
1939 4232 2153 4315 proposuisse,

161 4315 329 4380 devovere.
374 4317 488 4399 Neque
511 4318 592 4382 haec
613 4317 712 4399 vulgo
735 4328 865 4399 recepta
886 4318 1009 4398 epini0,
1032 4317 1132 4382 solius
1183 4312 1319 4396 perinde
1340 4313 1442 4392 valet,
1465 4336 1503 4391 ac
1525 4315 1553 4380 si
1574 4314 1750 4393 diceretur,
1772 4315 1854 4380 nihil
1877 4331 1971 4381 extra
1993 4340 2027 4382 se
2049 4318 2154 4382 consi·

161 4401 252 4484 vulgi
273 4410 335 4465 est:
359 4402 474 4467 habuit
495 4405 582 4466 enim
599 4402 736 4466 saeculis
753 4404 902 4467 omnibus
919 4423 1056 4486 magnos
1074 4423 1132 4466 au·
1184 4399 1314 4464 derassa
1336 4400 1427 4464 cuius
1448 4401 1605 4466 rationem
1627 4404 1663 4466 iu
1684 4401 1887 4468 decernendo
1909 4404 2051 4468 haberet
2085 4402 2154 4467 Ita·

160 4497 257 4550 tores.
294 4485 389 4566 Quod
413 4490 552 4571 ingenue
573 4489 684 4561 fateor,
707 4510 749 4551 ne
771 4490 843 4570 quis
865 4509 981 4553 causae
1002 4494 1132 4552 nostrae
1184 4507 1246 4568 que
1268 4484 1418 4567 protinus
1445 4486 1589 4565 subiicit,
1618 4488 1683 4553 hue
1709 4488 1874 4570 pertinere
1903 4495 2002 4551 totam
2026 4488 2156 4553 electio-

161 4594 359 4656 magnoperc
388 4574 577 4638 obfuturum
604 4573 760 4651 confidat,
793 4575 822 4638 si
855 4595 967 4638 eorum
1000 4575 1133 4638 nomina
1184 4573 1235 4636 nis
1261 4579 1392 4637 nocuae
1418 4592 1594 4649 summam,
1623 4580 1662 4638 ut
1688 4574 1790 4639 simus
1811 4575 1847 4637 in
1873 4573 2003 4637 laudem
2025 4572 2157 4638 divinae

159 4667 275 4722 contra
296 4668 509 4741 opponantur.
554 4659 682 4724 Certior
703 4669 754 4724 est
775 4660 863 4724 enim
885 4660 939 4724 hio
960 4660 1025 4724 Dei
1046 4659 1133 4725 veri-
1185 4658 1317 4740 gratiae.
1367 4659 1466 4727 uerte
1492 4657 1628 4722 Domini
1656 4661 1761 4741 gratia
1787 4681 1853 4723 non
1882 4659 1950 4723 sola
1976 4658 2158 4740 praedicari

159 4751 211 4809 tas
235 4765 333 4825 quarn
355 4756 392 4808 ut
412 4747 631 4824 concutiatur3
657 4746 775 4810 clarior
801 4767 900 4828 quam
919 4753 958 4809 ut
978 4745 1134 4809 obruatur
1184 4744 1219 4806 in
1241 4742 1397 4808 electione
1424 4750 1537 4808 nostra
1557 4752 1716 4823 meretur,
1731 4745 1808 4808 ‘nisi
1835 4744 1917 4809 haec
1939 4745 2082 4826 gratuita
2103 4746 2155 4809 sit.

160 4828 333 4893 hominum
360 4833 541 4896 autoritate.
585 4830 711 4896 Paulus
738 4853 840 4914 quum
868 4831 962 4895 docet
983 4831 1083 4913 (Eph.
1105 4835 1132 4909 l,
1184 4829 1289 4893 Porro
1317 4828 1399 4894 haec
1427 4830 1571 4912 gratuite
1597 4851 1664 4895 uon
1682 4830 1761 4912 mit,
1790 4830 1819 4892 si
1846 4831 1881 4893 in
1908 4830 1976 4894 suis
1998 4829 2157 4913 eligendis

160 4915 198 4998 4)
226 4937 286 4980 nos
313 4916 349 4979 in
372 4916 505 4982 Christo
531 4918 649 4982 electos
675 4918 775 4982 irrisae
803 4924 879 4981 ante
907 4915 1021 4981 mundi
1044 4937 1134 4981 crea·
1185 4914 1356 4992 Dominus,
1379 4915 1489 4996 qualia
1509 4916 1576 4980 sint
1596 4916 1707 4979 lutura
1728 4915 1883 4996 cuiusque
1900 4937 1999 4998 opera
2016 4921 2155 4996 reputat

77 5013 83 5021 ’
161 4999 299 5079 tionem,
326 5021 457 5067 omnem
484 5013 570 5069 certe
599 5002 768 5086 dignitatis
792 5011 921 5067 nestrae
949 5010 1133 5084 respectum
1185 4999 1328 5065 Proinde
1347 4999 1434 5082 qued
1454 5001 1522 5066 suis
1545 5000 1710 5083 discipulis
1732 4998 1860 5064 dicebat
1877 4999 2030 5066 Christus
2050 5001 2156 5084 (Ioan.

162 5083 254 5148 tellit
298 5087 441 5153 Perinde
463 5091 552 5154 enirn
572 5098 630 5168 est,
654 5111 691 5153 ae
712 5090 740 5153 si
763 5089 895 5154 diceret:
924 5089 1077 5170 quoniam
1099 5089 1134 5151 in
1189 5091 1237 5162 15,
1259 5086 1329 5171 16),
1362 5085 1398 5150 in
1429 5088 1620 5152 universum
1648 5085 1758 5153 valere
1786 5086 1873 5150 inter
1900 5107 2012 5151 ornnes
2044 5086 2157 5152 fideles

67 5223 72 5240 ‚
162 5164 317 5235 uniterso
344 5174 437 5239 Adae
462 5176 585 5240 semine
618 5175 701 5238 nihil
724 5175 879 5240 electione
906 5196 965 5239 sua
997 5172 1135 5257 dignum
1186 5173 1397 5254 comperitur:
1431 5193 1499 5237 non
1530 5193 1588 5237 vos
1618 5193 1672 5236 me
1704 5171 1862 5254 elegistis,
1895 5172 1952 5238 sed
1985 5194 2045 5256 ego
2073 5173 2158 5256 elegi

162 5256 346 5338 reperiebat
366 5260 513 5335 coelestis
534 5269 636 5343 pater,
660 5261 696 5325 in
718 5259 889 5327 Christum
909 5280 1006 5326 suum
1026 5260 1137 5326 oculos
1186 5279 1259 5338 νοις
1280 5258 1338 5324 ubi
1357 5279 1424 5322 nou
1444 5258 1621 5341 praeterita
1640 5264 1770 5324 tantum
1786 5259 1904 5323 merita
1925 5257 2078 5339 excludit,
2099 5257 2159 5324 sed

236 5357 345 5412 Caluini
360 5376 452 5429 opera
493 5362 550 5417 Vol.
568 5361 593 5416 1.
1250 5391 1253 5401 ·
1919 5357 1953 5414 55
