4732 6030
220 342 281 404 707
792 336 1058 405 INSTITUTIO
1080 337 1185 404 REL.
1206 333 1386 403 CHRIST.
1412 336 1641 397 1539-1554.
2156 337 2216 397 708

1853 446 1967 514 1111
1984 447 2096 514 erem
2116 446 2219 502 caeo.

219 528 336 610 quibus
363 527 553 591 thesaurum
581 525 735 590 ecclesiae
763 525 907 590 obserari
935 524 1082 589 tradunt:
1115 545 1194 604 quos
1245 522 1324 586 satis
1356 521 1511 603 temporis
1542 520 1701 602 impendi,
1734 542 1800 585 non
1832 433 1918 586 111111
1943 542 2042 603 opera
2076 522 2217 600 incubui,

215 618 323 694 postea
344 631 400 675 suo
422 611 482 674 loco
505 612 699 675 excutiemus.
715 609 740 694 ¹)
1245 607 1350 672 multa
1376 626 1435 687 per
1460 606 1695 689 negligentiam
1720 609 1888 688 praeterii3
1922 614 1954 672 et
1987 608 2106 672 oblivio
2135 630 2217 690 quae

307 702 356 760 31.
388 688 454 760 'Ad
476 696 606 779 singula
627 697 739 778 paucis
760 694 968 778 respondebo.
1008 695 1193 759 11111111-
1246 715 1288 757 ex
1308 693 1435 756 incuria
1462 692 1621 773 provenit,
1645 713 1712 755 non
1734 700 1784 757 est
1804 693 2006 757 excusabilis.
2053 691 2217 777 Suggere-

220 790 287 848 tem
309 782 542 864 adpraesens,
573 803 636 865 quo
657 781 743 860 iure,
766 803 871 863 quave
891 781 1025 858 iniuria,
1048 779 1194 844 fidelium
1246 779 1366 843 bantur
1388 776 1495 843 adhuc
1517 777 1581 864 alia
1600 777 1787 859 pharmaca,
1809 800 1891 861 quae
1913 779 2071 844 eiusmodi
2092 779 2219 844 dolores

139 875 143 883 '
219 867 582 950 animassuislegibus
605 868 818 951 obstringant,
841 865 1025 949 quandoid
1048 865 1193 930 suoloco
1247 863 1489 928 demulcebant:
1525 885 1585 945 age
1613 863 1831 946 negligentiae
1862 872 1938 929 tuae
1970 866 2219 948 poenitentium

220 953 417 1035 dispiciatur.
448 951 545 1032 Quod
563 960 672 1017 autem
689 953 795 1036 legem
806 954 978 1034 imponunt
995 951 1035 1015 de
1048 951 1194 1016 omnium
1246 948 1341 1013 modo
1363 949 1480 1029 supina
1501 970 1568 1012 non
1589 950 1646 1025 sit,
1675 948 1918 1016 condonabitur.
1961 951 2088 1015 Verum
2110 952 2219 1015 omnia

218 1045 426 1123 peccatorum
443 1040 694 1116 enumeratione,
712 1038 798 1120 quod
813 1045 983 1120 peccatum
999 1036 1119 1101 dimitti
1136 1057 1194 1100 ne·
1245 1036 1309 1099 ista
1330 1034 1514 1099 cicatricem
1535 1033 1693 1100 obducere
1716 1056 1782 1099 non
1805 1043 1955 1117 possunt;
1977 1058 2036 1102 nec
2054 1045 2123 1101 tam
2140 1038 2219 1101 meli

220 1133 310 1209 gant,
332 1125 396 1189 nisi
416 1125 477 1188 sub
499 1123 689 1202 conditione,
717 1125 745 1188 si
761 1130 875 1189 votum
896 1121 1070 1188 confitendi
1091 1122 1194 1186 finni·
1246 1127 1323 1185 sunt
1343 1119 1543 1197 levamenta,
1566 1140 1665 1202 quam
1686 1143 1814 1186 venena
1840 1121 1937 1186 melle
1956 1123 2068 1199 oblita,
2098 1145 2140 1187 ne
2160 1145 2220 1188 sua

219 1216 272 1276 ter
293 1216 484 1291 conceptum
499 1209 610 1288 fuerit3
633 1209 718 1292 quod
735 1209 864 1273 nullum
880 1229 1048 1290 superesse
1068 1209 1194 1291 ingres·
1246 1205 1421 1272 aoerbitate
1442 1205 1586 1287 primum
1607 1212 1740 1289 gustum
1761 1207 1943 1284 offendant,
1971 1207 2085 1273 sedin
2103 1210 2220 1272 intima

220 1317 295 1362 sum
311 1295 454 1377 paradisi
471 1297 630 1378 garriunt,
652 1296 680 1360 si
697 1294 834 1360 facultas
854 1293 1029 1360 confitendi
1046 1293 1195 1376 neglecta
1246 1296 1431 1373 penetrent,
1460 1296 1635 1372 antequam
1668 1293 1859 1357 sentiantur.
1903 1294 2010 1377 Urget
2036 1315 2113 1377 ergo
2135 1316 2219 1359 sem-

220 1382 332 1447 fuerit:
350 1380 438 1445 istud
455 1402 532 1446 vero
550 1381 640 1445 nullo
657 1380 753 1444 modo
766 1379 1003 1445 ferendumest.
1029 1377 1194 1443 Omniane
1246 1397 1306 1459 per
1327 1375 1480 1441 terribilia
1501 1375 1559 1440 illa
1579 1398 1659 1456 vox,
1684 1385 1716 1442 et
1737 1379 1871 1444 auribus
1892 1379 2035 1444 insonat:
2066 1382 2220 1445 confitere

220 1475 354 1551 peccata
380 1465 602 1531 enumeranda
629 1465 728 1531 sunt?
772 1467 820 1530 At
846 1465 971 1540 David,
1000 1466 1056 1546 qui
1083 1485 1194 1528 secum
1247 1462 1356 1527 omnia
1385 1467 1517 1543 peccata
1544 1469 1617 1541 tua;
1650 1485 1710 1529 nec
1742 1471 1860 1546 potest
1874 1465 1991 1529 horror
2017 1467 2079 1531 iste
2100 1466 2219 1548 pacari,

220 1554 335 1636 probe,
363 1559 401 1616 ut
423 1552 576 1630 arbitror,
603 1552 778 1617 meditatus
800 1558 872 1616 erat
890 1557 1097 1633 peccaterum
1118 1570 1194 1615 oon·
1247 1549 1310 1613 nisi
1333 1558 1420 1612 certo
1443 1547 1566 1612 solatio.
2179 1570 2180 1574 ¹

219 1636 1043 1720 1111111111,11111111111111111(Ρ111.19,13);
1067 1656 1193 1700 errores
1333 1635 1383 1696 33.
1428 1630 1526 1712 Quod
1547 1640 1657 1698 autem
1683 1635 1768 1699 bona
1788 1656 1865 1717 pars
1887 1637 1973 1701 orbis
1991 1638 2111 1702 talibus
2128 1636 2220 1702 blan-

220 1725 293 1807 quis
312 1722 495 1806 intelliget?
517 1724 558 1788 ab
581 1723 715 1788 occultis
732 1724 813 1788 meis
830 1721 955 1787 munda
971 1743 1024 1786 me
1040 1722 1192 1786 Domine.
1247 1717 1416 1797 diruentis,
1446 1718 1562 1800 quibus
1589 1727 1657 1784 tam
1679 1721 1810 1786 exitiale
1831 1744 1995 1788 venenum
2017 1724 2221 1804 temperaba-

219 1809 266 1879 Et
287 1808 364 1874 alibi
392 1808 482 1892 (ibid.
504 1813 554 1887 38,
574 1808 625 1893 6);
657 1809 844 1892 iniquitates
874 1829 966 1872 meae
994 1809 1195 1872 transierunt
1245 1811 1317 1882 tur,
1346 1804 1520 1886 acquievit,
1550 1826 1616 1869 non
1643 1805 1687 1874 id,
1703 1808 1826 1872 factum
1847 1816 1898 1873 est
1925 1807 2011 1891 quod
2031 1809 2103 1873 Deo
2125 1809 2221 1873 satis·

220 1915 318 1977 super
346 1902 443 1976 caput
468 1917 593 1973 meum,
616 1902 663 1973 et,
686 1895 771 1960 sicut
791 1916 872 1959 onus
894 1915 1010 1976 grave,
1039 1899 1194 1976 gravatae
1245 1890 1368 1955 factum
1395 1888 1556 1970 crederet,
1590 1900 1648 1954 aut
1673 1893 1735 1956 sibi
1762 1895 1861 1959 etiam
1887 1894 1984 1976 plane
2006 1894 2220 1972 111111111111;

220 1987 298 2046 sunt
315 1980 403 2043 ultra
422 1981 510 2045 vires
532 2001 630 2045 meas.
671 1980 836 2044 Nimirum
852 1978 1055 2061 intelligebat
1071 1984 1194 2061 quanta
1246 1975 1304 2040 sed
1325 1982 1376 2053 ut,
1406 1976 1498 2057 quasi
1519 1976 1554 2040 in
1576 1976 1682 2041 medio
1704 1979 1788 2042 mari
1808 1981 1877 2044 fixa
1898 1980 2055 2059 anchora,
2085 1980 2221 2062 paulum

220 2074 305 2131 esset
331 2073 537 2147 peccatorum
563 2073 750 2131 nostrorum
771 2066 921 2150 abyssuS,
951 2086 1049 2147 quam
1071 2063 1194 2128 multae
1245 2062 1512 2143 interquiesceret
1540 2084 1560 2126 a
1587 2064 1813 2146 navigatione,
1848 2065 1901 2131 vel
1931 2067 2024 2147 quasi
2052 2066 2156 2130 fessus
2188 2072 2222 2129 et

219 2149 1194 2234 1111111111,1111111111111111111111111111
1245 2146 1399 2211 1111111111
1419 2147 1524 2211 viator
1546 2149 1581 2211 in
1603 2149 1657 2212 via
1678 2148 1892 2216 decumberet.
1926 2151 1968 2215 In
1987 2151 2136 2216 facienda
2152 2152 2221 2215 eius

219 2236 359 2304 caudam
379 2236 526 2301 traheret
553 2237 634 2302 haec
661 2236 775 2322 hydra.
821 2237 896 2302 Non
918 2256 995 2319 ergo
1018 2234 1060 2300 ad
1081 2256 1193 2300 recen·
1246 2233 1294 2296 rei
1321 2231 1385 2296 fide
1414 2253 1481 2297 non
1507 2233 1633 2298 laboro:
1662 2235 1723 2299 sibi
1749 2237 1837 2300 enim
1864 2237 1998 2319 quisque
2020 2239 2113 2302 testis
2134 2235 2222 2319 apud

221 2322 360 2389 sendum
388 2322 572 2406 catalogum
593 2325 634 2387 'se
662 2322 863 2399 conferebat,
897 2321 955 2386 sed
983 2343 1001 2385 e
1034 2319 1194 2402 profundo
1246 2338 1281 2382 se
1303 2338 1374 2383 esse
1395 2324 1510 2399 potest.
1542 2319 1661 2385 Dicam
1678 2321 1713 2384 in
1735 2343 1863 2386 summa
1880 2323 1984 2404 qualis
2005 2324 2060 2388 lex
2078 2324 2134 2388 illa
2151 2324 2221 2387 111-

219 2408 381 2473 malorum
408 2407 571 2474 clamabat
592 2407 633 2472 ad
653 2409 847 2486 Dominum,
876 2407 1011 2471 obrutus
1033 2427 1120 2485 eum,
1144 2428 1194 2470 se-
1247 2404 1299 2467 rit.
1350 2404 1501 2468 Primum
1533 2405 1722 2487 simpliciter
1754 2414 1804 2471 est
1835 2409 2050 2495 impossibih.
2105 2411 2221 2491 Itaque

242 2493 331 2558 ultus
353 2515 434 2573 sum,
456 2501 489 2558 et
510 2495 686 2560 suffocatus
693 2517 701 2572 ;
722 2494 899 2558 inferorum
921 2500 1033 2574 portae
1055 2493 1194 2557 circum·
1245 2489 1378 2553 nonnisi
1399 2489 1544 2570 perdere,
1568 2490 1733 2571 damnare,
1757 2493 1963 2572 confundere,
1985 2496 2022 2558 in
2039 2496 2168 2560 ruinam
2189 2502 2222 2558 et
2283 2555 2285 2558 Α

219 2514 380 2644 dederunt
400 2600 468 2658 me;
496 2580 688 2644 immersum
709 2580 775 2644 alto
795 2585 905 2661 puteo,
936 2575 1140 2642 deficientem
1161 2585 1195 2641 et
1246 2573 1505 2656 desperationem
1531 2577 1689 2642 couiicere
1717 2586 1832 2662 potest
1876 2580 2004 2645 Deinde
2036 2588 2221 2664 peccatores

218 2665 450 2730 moribundum
467 2686 585 2730 manus
602 2672 660 2729 tua
677 2665 839 2730 extrahat.
868 2662 952 2744 Quis
969 2684 1102 2729 suorum
1118 2684 1194 2745 pec·
1247 2681 1267 2724 a
1287 2680 1365 2725 vero
1387 2670 1593 2741 peccatorum
1614 2684 1747 2728 suorum
1772 2686 1870 2729 sensu
1892 2665 2047 2732 abductos
2068 2667 2219 2765 hypoqri-

219 2757 366 2816 oatorum
398 2772 486 2815 nunc
514 2750 776 2833 supputationem
798 2750 931 2833 cogitet,
954 2750 1010 2814 ubi
1031 2749 1195 2814 Davidem
1245 2753 1297 2810 tas
1318 2745 1404 2823 facit,
1426 2747 1552 2829 Deique
1575 2768 1613 2814 ac
1634 2749 1685 2812 sui
1706 2751 1851 2831 ipsorum
1872 2752 2069 2835 ignorantes
2109 2749 2220 2834 Siqui-

219 2836 310 2903 videt
331 2858 465 2901 suorum
486 2858 660 2901 numerum
679 2837 762 2901 inire
784 2858 851 2900 non
871 2835 986 2917 posse?
1246 2830 1330 2911 dem,
1359 2830 1438 2895 dum
1467 2833 1502 2897 in
1528 2841 1735 2915 peccatorum
1762 2839 2005 2902 enumeratione
2034 2840 2092 2904 toti
2126 2859 2219 2903 occu·

304 2925 354 2985 32.
399 2921 473 2987 Hac
500 2923 688 2988 carnificina
719 2922 793 3004 plus
814 2943 913 3005 quam
934 2920 1109 2986 crudeliter
1143 2920 1192 2984 di·
1244 2924 1380 3000 pantur,
1409 2918 1543 2983 interim
1570 2920 1808 2986 obliviscuntur
1836 2922 1993 2987 latentem
2015 2924 2106 2989 illam
2125 2925 2220 2988 vitio·

217 3014 356 3073 vexatae
386 3014 463 3073 sunt
490 3029 603 3072 eorum
630 3008 772 3088 animae,
800 3008 857 3090 qui
880 3007 986 3089 aliquo
1008 3008 1072 3071 Dei
1094 3028 1193 3071 sensu
1244 3024 1320 3066 rum
1341 3002 1482 3082 lernam,
1503 3004 1647 3070 occultas
1668 3027 1744 3071 suas
1765 3007 1967 3090 iniquitates,
1993 3020 2027 3074 et
2048 3012 2220 3074 interiores

217 3093 450 3156 afficiebantur.
495 3094 662 3176 Principio
683 3115 754 3159 sese
775 3094 936 3159 vocabant
958 3092 1000 3156 ad
1021 3093 1191 3170 calculum,
1244 3087 1370 3167 sordes,
1400 3111 1539 3172 quarum
1564 3092 1770 3173 potissimum
1797 3095 1914 3158 notitia
1939 3096 2106 3160 miseriam
2128 3117 2220 3160 suam

216 3185 350 3260 peccata
381 3178 417 3241 in
448 3179 598 3257 brachia,
629 3180 664 3243 in
690 3201 812 3258 ramos,
846 3180 881 3244 in
908 3177 1124 3258 ramusculos,
1157 3180 1193 3242 in
1244 3180 1397 3257 reputare
1419 3174 1607 3241 debuerant.
1652 3179 1699 3242 At
1720 3179 1902 3244 certissima
1923 3189 1994 3245 erat
2011 3182 2220 3247 confessionis

216 3262 365 3342 frondes,
395 3264 488 3329 iuxta
519 3265 657 3329 istorum
684 3265 840 3330 formulas
872 3265 1090 3343 dissecabant,
1122 3271 1193 3328 tum
1243 3260 1371 3344 regula,
1400 3262 1630 3326 tantam‘mali
1661 3265 1765 3329 nostri
1793 3265 1948 3349 abyssum
1979 3288 2154 3352 agnoscere
2182 3288 2220 3332 ac

217 3348 445 3432 appendebant
468 3351 654 3433 qualitates,
677 3352 889 3433 quantitates,
922 3352 1192 3430 circumstantias,
1244 3346 1354 3424 fateri,
1381 3367 1465 3428 quae
1487 3368 1619 3412 sensum
1641 3370 1767 3432 quoque
1794 3357 1943 3416 nocuum
1964 3362 2103 3436 superet.
2146 3353 2221 3418 Hac

217 3443 313 3518 atque
347 3435 586 3518 aliquantulum
618 3435 748 3519 quidem
780 3458 832 3501 res
870 3435 1072 3519 procedebat.
1126 3437 1193 3502 Ubi
1243 3431 1359 3514 regula
1379 3431 1528 3498 videmus
1556 3436 1767 3516 compositam
1793 3437 1960 3518 publicani
1987 3440 2221 3505 confessionem

216 3543 295 3587 vero
323 3521 452 3605 longius
479 3523 643 3606 progressi
671 3523 815 3600 fuerant,
850 3523 976 3588 coelum
995 3521 1137 3604 undique
1160 3530 1193 3586 et
1245 3516 1342 3603 (Luc.
1364 3522 1412 3596 18,
1435 3519 1505 3603 13):
1534 3519 1690 3600 Domine,
1718 3523 1877 3604 propitius
1905 3532 1973 3589 esto
2001 3526 2084 3590 mihi
2107 3546 2220 3607 peeca-

217 3605 359 3690 undique
387 3613 517 3689 pontus:
552 3608 662 3672 nullus
689 3616 817 3690 portus,
850 3609 942 3673 nulla
968 3609 1072 3673 statio.
1118 3606 1192 3687 Quo
1244 3604 1320 3682 tori3
1352 3605 1446 3685 quasi
1477 3604 1612 3670 diceret:
1652 3613 1794 3688 quantus
1827 3617 1969 3691 quantus
2009 3632 2097 3688 sum,
2132 3617 2220 3674 totus

217 3691 314 3773 plura
335 3694 601 3773 transmiserant,
629 3695 733 3758 maior
753 3715 882 3776 semper
904 3695 1071 3778 congeries
1090 3694 1192 3760 oculis
1243 3711 1317 3754 sum
1333 3696 1492 3770 peccator,
1510 3712 1571 3756 nec
1588 3692 1693 3773 ipsam
1709 3700 1916 3775 peccatorum
1927 3717 2075 3760 meorum
2092 3697 2220 3778 magni-

217 3776 441 3859 ingerebatur3
472 3780 538 3843 imo
569 3801 647 3846 vero
674 3780 765 3845 velut
792 3781 878 3845 altae
905 3781 1007 3845 moles
1040 3801 1191 3864 assurge·
1243 3773 1391 3840 tudinem
1408 3783 1466 3841 aut
1482 3785 1599 3854 mente,
1619 3785 1676 3842 aut
1692 3779 1806 3862 lingua
1819 3782 1947 3862 assequi
1955 3802 2101 3863 possum:
2121 3781 2219 3864 abys·'

217 3861 306 3940 bant,
335 3884 396 3928 neo
417 3885 490 3946 spes
512 3865 594 3944 ulla,
623 3866 677 3930 vel
705 3866 821 3932 saltem
848 3874 922 3949 post
941 3866 1057 3950 longas
1080 3867 1191 3932 amba·
1243 3882 1298 3926 sus
1329 3861 1570 3928 misericordiae
1600 3869 1676 3929 tuae
1708 3865 1793 3930 hano
1827 3867 1950 3949 peccati
1978 3866 2134 3952 abyssum
2162 3866 2218 3930 ab·

218 3969 290 4032 ges,
323 3948 481 4014 evadendi
514 3951 699 4033 apparebat
747 3952 939 4018 Haerebant
968 3953 1078 4035 itaque
1105 3953 1192 4017 inter
1243 3947 1380 4012 sorbeat

218 4053 351 4101 sacrum
372 4042 405 4099 et
426 4057 557 4116 saxum3
579 4060 639 4103 nec
661 4038 745 4103 alius
766 4038 900 4104 tandem
921 4040 1029 4104 exitus
1050 4039 1191 4121 reperie-
1329 4036 1379 4096 34.
1425 4032 1534 4113 Quid?
1556 4033 1693 4117 inquies,
1715 4057 1835 4120 ergone
1851 4036 2035 4104 confitenda
2054 4056 2121 4101 non
2140 4044 2220 4103 sunt

217 4119 323 4198 batirr,
346 4141 445 4202 quam
466 4121 655 4205 desperatio.
698 4124 749 4190 lbi
768 4125 857 4190 saevi
878 4126 933 4189 isti
954 4125 1131 4203 carnifices,
1154 4130 1192 4187 ut
1243 4118 1374 4202 singula
1399 4118 1539 4185 delicta?
1570 4141 1648 4205 ergo
1674 4121 1766 4186 nulla
1792 4125 1949 4190 confessio
1975 4125 2048 4189 Deo
2077 4131 2217 4205 accepta,

216 4205 356 4271 vulnera
383 4207 547 4287 levarent,
576 4231 659 4291 quae
686 4211 844 4289 fecerant,
867 4210 1011 4276 fomenta
1032 4209 1192 4293 quaedam
1243 4205 1307 4268 nisi
1332 4204 1466 4291 ¹duobus
1499 4205 1570 4271 istis
1598 4208 1707 4273 verbis
1734 4210 1901 4289 conclusa,
1939 4217 2091 4293 peccator
2123 4209 2217 4274 sum?

218 4290 452 4358 adhibuerunt:
486 4300 525 4358 ut
545 4295 666 4360 faceret
694 4296 817 4362 scilicet
836 4297 972 4379 quisque
993 4295 1079 4378 quod
1100 4297 1135 4359 in
1156 4316 1191 4359 se
1243 4289 1316 4355 Imo
1337 4313 1414 4356 vero
1437 4290 1547 4356 danda
1572 4295 1680 4377 potius
1701 4317 1800 4378 opera
1822 4302 1861 4360 ut
1881 4304 2042 4379 quantum
2068 4297 2104 4359 in
2125 4295 2218 4359 nobis

217 4386 310 4444 osset.
356 4377 424 4444 Sed
451 4401 556 4445 novae
583 4403 715 4446 rursum
736 4403 833 4448 curae
855 4383 1098 4464 obstrepebant3
1125 4382 1191 4445 imo
1243 4383 1307 4455 est,
1345 4384 1451 4442 totum
1489 4399 1544 4442 cor
1582 4379 1789 4446 effimdamus
1818 4402 1929 4447 coram
1960 4383 2116 4460 Domino;
2158 4402 2218 4446 nec

216 4467 294 4530 novi
325 4466 488 4531 cruciatus
520 4468 729 4533 excoriabant
758 4469 895 4533 miseras
927 4469 1061 4532 animas.
1116 4467 1192 4531 Non
1243 4462 1340 4527 modo
1371 4485 1431 4529 nos
1457 4471 1642 4546 peccatores
1670 4489 1735 4531 uno
1763 4467 1863 4532 verbo
1889 4469 2064 4546 fateamur,
2093 4466 2152 4532 sed
2181 4473 2220 4530 ut

1244 4548 1327 4614 tales
1358 4571 1418 4614 nos
1451 4571 1529 4616 vere
1562 4558 1595 4616 et
1628 4574 1670 4616 ex
1698 4553 1807 4618 auimo
1839 4574 2067 4637 agnoscamus3
2095 4560 2219 4635 quanta

1244 4635 1288 4700 sit
1308 4644 1341 4700 et
1360 4658 1459 4719 quam
1479 4638 1572 4702 varia
1591 4645 1798 4721 peccatorum
1814 4638 1913 4719 labes,
1936 4647 2005 4704 teta
2023 4639 2217 4722 cogitatione

405 4775 410 4785 .
477 4774 482 4784 .
523 4791 529 4803 ‚
1243 4743 1512 4807 recognoscamus
1519 4747 1528 4804 ;
1550 4744 1617 4788 non
1638 4724 1734 4789 modo
1755 4746 1815 4790 noe
1836 4724 2032 4804 immundos,
2058 4723 2115 4789 sed
2136 4743 2216 4805 qua·

218 4771 1191 4898 aitffttttf'at.ilt⁹tut.tramittam
1243 4808 1284 4873 lis
1306 4809 1364 4887 sit,
1392 4815 1426 4874 et
1446 4817 1582 4893 quana,
1610 4831 1771 4893 quamue
1793 4812 1829 4875 in
1856 4811 1968 4877 multis
1989 4810 2135 4894 partibus
2156 4829 2216 4872 110-

217 4911 402 4979 apostolorum
432 4918 636 4979 martyrumque
654 4912 752 4964 moritu
778 4927 866 4963 nuncu
886 4921 941 4963 ant.
986 4912 1074 4966 Huius
1100 4915 1191 4968 horrei
1244 4901 1312 4960 8180
1336 4896 1575 4975 immunditie&
1601 4917 1668 4961 non
1689 4896 1784 4961 modo
1807 4896 1984 4976 (1811110788,
2007 4895 2065 4962 Sed
2085 4895 2216 4977 quantis

217 4979 362 5031 radicalem
379 4979 528 5031 custodiam
545 4997 656 5033 romano
675 4982 831 5049 episeopot
882 4981 947 5032 item
965 4981 1082 5063 fingunt,
1108 4999 1190 5051 penes
1243 4979 1360 5046 debitis
1385 4983 1528 5064 gravati,
1562 4987 1595 5046 et
1626 4989 1705 5064 quot
1735 4984 1921 5048 nominibus
1958 4982 2120 5061 obst-riom
2151 5001 2217 5045 non

218 5047 1190 5188 11111111111111111111111111
1242 5067 1570 5145 111111,
1610 5066 1668 5133 se
1699 5089 1799 5151 quam
1830 5069 1944 5134 mus
1976 5076 2010 5134 a
2041 5066 2217 5133 rana.

218 5182 288 5234 nurfc
311 5184 448 5250 plenariae
466 5183 649 5251 indulgentiae
667 5203 683 5238 a
700 5203 783 5255 papa,
809 5204 879 5240 nunc
896 5193 1032 5240 curtorum
1050 5205 1188 5255 annornm,
1241 5154 1347 5237 Plagis
1369 5155 1470 5219 flauofi
1491 5154 1601 5218 Simus·
1647 5153 1721 5220 ΗΜ
1743 5161 1854 5220 tamen
1875 5155 2095 5254 800θὲ010000
2115 5173 2217 5253 quum

217 5267 234 5302 a
251 5251 431 5303 cardinalibus
450 5258 557 5304 aarum
575 5253 688 5320 dierum
707 5256 892 5325 coepiscopis
910 5257 1096 5326 quadraginta
1242 5262 1277 5307 se
1309 5245 1414 5304 11111111
1445 5247 1595 5322 peccator
1627 5259 1737 5305 coram
1764 5241 1836 5306 Deo
1863 5239 2030 5320 effuderit,
2064 5261 2149 5306 seno
2179 5259 2216 5302 ac
