4770 6030
187 361 254 423 423
771 354 1038 425 ΙΝΒΤΙΤΠΤῙΟ
1059 357 1165 424 REL.
1186 355 1367 424 CHRIS'P.
1392 360 1625 422 losa-1554.
1673 388 1678 395 ·
1858 376 1861 389 ’
2135 357 2199 418 424

1615 512 1617 517 s
1894 466 2200 536 lensenses.

193 548 403 631 perspicuum
431 553 494 624 est,
521 565 590 610 non
616 546 720 610 nostri
745 547 891 629 ipsorum
924 567 1084 625 amorem,
1112 544 1170 610 sed
1222 552 1294 611 tum
1316 547 1466 612 omnibus
1492 548 1528 611 in
1557 566 1728 611 commune
1750 457 1947 611 Christidnis
1974 544 2198 623 tradebantur,

193 635 259 700 Dei
290 640 323 696 et
347 632 505 716 proximi,
538 632 798 697 observationem
824 633 1055 698 mandatorum
1083 652 1168 711 esso;
1222 633 1357 698 consilia
1378 633 1537 710 fecerunt,
1568 632 1684 715 quibus
1706 652 1822 713 parere
1848 631 1902 696 vel
1923 652 1990 696 non
2017 651 2132 712 parere
2159 630 2199 694 li-

192 721 377 803 optimeque
399 740 438 783 ac
458 718 661 783 sanctissime
683 739 759 782 eum
775 719 895 798 vivere,
918 719 1090 801 quiquam
1107 718 1169 781 mi-
1222 719 1337 785 benrm
1364 726 1457 783 essct
1507 719 1633 783 Eorum
1661 727 1770 782 autem
1803 719 2021 783 necessariam
2045 715 2199 780 obedien·

193 806 321 870 nimum
349 805 421 868 fieri
447 810 555 886 potest
581 804 643 868 sibi
669 804 754 869 vivit
781 825 818 869 ac
847 805 969 882 studst;
1003 803 1169 868 neminem
1222 805 1303 869 tiam
1324 803 1367 868 ad
1387 806 1564 870 monachos
1585 804 1776 887 relegarunt
1783 827 1791 883 ;
1813 805 1869 885 qui
1885 804 1939 869 vel
1957 802 2019 868 hoc
2035 802 2199 866 0000101-

192 910 272 955 vero
297 909 336 953 00
362 891 455 972 peius
486 910 546 954 000
576 890 720 972 iniquius
748 891 874 969 vivere,
906 891 962 972 qui
994 890 1056 955 sibi
1084 888 1168 953 dun-
1221 890 1360 972 plioibus
1387 889 1584 956 Christianis
1611 897 1721 955 000000
1747 890 1913 965 iustiores,
1943 888 2028 972 quod
2055 888 2142 951 ultro
2164 910 2199 952 se
2259 970 2262 975 .

191 983 287 1040 taxat
313 976 397 1041 vivit
423 996 461 1040 ac
490 974 614 1054 studet,
642 997 765 1058 suaque
796 976 958 1041 duntaxat
983 976 1105 1059 cogitat
1131 996 1169 1040 ac
1222 975 1393 1042 servandis
1420 976 1563 1042 0011011110
1591 976 1840 1059 obstringerent.
1890 975 1937 1038 Et
1962 975 2124 1039 rationem
2146 995 2199 1038 as·

189 1061 326 1144 quaerit.
339 1060 366 1145 ¹)
411 1060 502 1142 Quin
522 1062 638 1138 etiam,
666 1082 729 1144 quo
747 1063 857 1146 magis
878 1063 1077 1145 exprimeret
1100 1061 1169 1126 Do-
1222 1063 1370 1145 signant,
1404 1084 1463 1127 cur
1490 1084 1529 1127 oa
1555 1083 1623 1126 non
1654 1053 1814 1143 recipiant
1846 1083 1905 1144 pro
1937 1060 2077 1144 legibus:
2112 1059 2199 1141 quod

189 1148 300 1211 minus
328 1154 452 1228 quanta
480 1147 695 1229 propensione
721 1168 782 1212 nos
808 1149 844 1212 in
867 1149 1092 1230 proximorum
1119 1146 1169 1210 di·
1221 1168 1359 1212 onerosa
1390 1149 1530 1213 nimium
1561 1156 1594 1212 ot
1631 1149 1746 1231 gravia
1777 1147 1965 1226 videantur,
2000 1145 2199 1211 Christianis

192 1233 367 1298 lectionem
401 1234 455 1316 agi
486 1238 664 1315 oporteret,
698 1232 740 1297 ad
772 1234 876 1298 nostri
901 1254 1046 1299 amorem
1078 1232 1169 1317 (quia
1220 1235 1423 1317 praesertim,
1446 1235 1502 1316 qui
1523 1242 1601 1300 sunt
1621 1235 1682 1299 sub
1703 1233 1776 1317 lege
1797 1234 1930 1317 gratiae
1974 1233 2069 1296 Ita-ne
2091 1232 2199 1315 legem

190 1319 321 1383 nullum
348 1318 491 1383 habebat
514 1318 794 1384 vehementiorem
820 1327 878 1384 aut
900 1318 1093 1385 validiorem
1121 1318 1169 1382 af-
1220 1320 1285 1384 Dei
1318 1327 1485 1384 aeternam
1518 1320 1559 1385 (10
1587 1318 1751 1404 diligendo
1782 1320 1945 1401 proximo,
1974 1318 2112 1402 refigere
2140 1339 2199 1382 au·

191 1403 329 1489 fectum)
351 1412 508 1487 tanquam
530 1405 572 1468 ad
591 1404 741 1488 regulam
762 1407 880 1489 exegit
925 1406 975 1471 Ao
995 1404 1169 1488 diligenter
1221 1403 1320 1469 dent?
1354 1407 1409 1470 An
1431 1406 1497 1470 tals
1518 1408 1553 1471 in
1574 1407 1683 1488 aliqua
1703 1406 1786 1488 legis
1807 1406 1930 1488 pagina
1947 1403 2122 1469 discrimen
2141 1425 2199 1468 ex·

189 1490 323 1573 quidem
350 1490 546 1573 pensitanda
573 1496 623 1555 est
643 1492 695 1556 vis
716 1489 921 1572 loquutionis.
965 1491 1042 1554 Non
1070 1491 1168 1568 enim,
1221 1490 1308 1556 stat?
1331 1513 1369 1557 ac
1391 1512 1458 1556 non
1478 1493 1585 1575 magis
1605 1492 1728 1575 passim
1749 1491 1816 1557 illic
1836 1499 2014 1556 occurrmrt
2032 1489 2198 1568 mandata,

184 1575 279 1659 quod
307 1576 423 1640 stolide
450 1577 655 1641 somnianmt
682 1577 846 1659 sophistae
868 1576 1015 1660 quidam,
1043 1577 1168 1658 priores
1220 1598 1305 1658 quae
1336 1577 1543 1643 inimicorum
1576 1577 1782 1643 dilectionem
1814 1598 1835 1641 a
1866 1577 1960 1641 nobis
1993 1576 2199 1641 severissime

190 1669 302 1745 partes
323 1663 361 1746 τῇ
381 1667 519 1751 colomp
539 1661 701 1741 coneedit,
731 1669 765 1727 00
785 1662 944 1728 secundas
966 1662 1094 1728 caritati
1116 1682 1168 1726 as·
1221 1663 1376 1747 exigant?
1428 1662 1535 1744 Quale
1561 1665 1649 1729 enim
1676 1670 1727 1728 est
1752 1662 1855 1741 istud,
1888 1661 1974 1744 quod
1999 1663 2199 1726 esurientem

192 1749 315 1833 signat:
338 1747 397 1813 sed
417 1749 526 1830 potius
546 1769 642 1830 quem
664 1749 860 1813 naturaliter
877 1750 997 1814 amoris
1015 1749 1169 1812 affectum
1221 1749 1372 1814 iubemur
1391 1751 1561 1814 inimicum
1582 1770 1715 1832 pascere
1737 1749 1849 1833 (Prov.
1870 1750 1920 1826 25,
1940 1746 2019 1832 2l)?
2049 1748 2119 1811 eius
2142 1748 2199 1811 bo-

190 1834 354 1899 trahimus
372 1834 414 1897 ad
433 1855 491 1898 nos
511 1834 606 1916 ipsos,
626 1856 701 1898 eum
720 1834 762 1898 ad
780 1834 861 1899 alios
877 1835 1042 1900 transfert.
1071 1833 1169 1899 Unde
1221 1856 1280 1900 ves
1307 1841 1341 1899 00
1362 1837 1471 1901 asinos
1497 1843 1645 1901 errantes
1671 1836 1707 1899 in
1728 1836 1818 1901 viam
1846 1834 2000 1918 dirigere,
2028 1842 2085 1898 aut
2105 1832 2198 1897 oneri

192 1920 358 2002 apostolus
378 1921 494 1984 asserit
512 1919 545 2004 (1
565 1919 640 1986 Gor.
663 1924 710 1999 13,
731 1918 776 2004 5),
798 1921 969 1986 0001000010
986 1942 1053 1984 000
1071 1940 1169 2003 quae·
1222 1922 1470 1986 succumbentes
1498 1922 1669 1987 sublevare
1695 1919 1815 2006 (Exod
1842 1924 1896 1998 23,
1921 1919 1979 2004 4)1
2029 1919 2199 1984 Βο1101000

192 2027 267 2069 rere
288 2026 371 2087 quae
392 2026 452 2070 sua
473 2013 559 2069 sunt.
603 2006 673 2071 Nec
690 2006 748 2088 pili
766 2006 969 2089 aestimanda
986 2014 1036 2071 est
1056 2026 1170 2070 corum
1221 2007 1258 2070 in
1280 2008 1350 2072 eius
1372 2009 1513 2091 gratiam
1533 2000 1781 2084 benefaciemus,
1804 2006 1896 2070 nulla
1916 2007 1952 2070 in
1970 2005 2079 2087 ipsum
2099 2004 2200 2068 bene-

194 2092 290 2155 ratio:
320 2091 507 2174 regulatum
536 2112 664 2174 semper
693 2112 764 2156 0000
796 2093 932 2157 inferius
959 2112 1019 2157 sua
1046 2091 1169 2174 regula
1221 2092 1388 2158 volentia?
1422 2091 1531 2173 Quid?
1566 2094 1688 2159 Annon
1709 2099 1879 2168 aeternum
1900 2100 1951 2158 est
1970 2091 2108 2156 verbum
2128 2090 2199 2154 Do-

194 2176 366 2257 Siquidem
389 2198 455 2240 non
477 2176 625 2259 regulam
648 2179 763 2243 statuit
787 2178 823 2241 in
845 2200 955 2243 amore
976 2179 1080 2242 nostri
1102 2177 1171 2241 Do·
1222 2179 1305 2242 mini
1327 2179 1439 2262 (Dent
1460 2183 1510 2259 32,
1531 2178 1600 2264 25):
1630 2179 1712 2243 mihi
1733 2178 1921 2255 vindictam,
1944 2185 1978 2241 00
1999 2198 2059 2260 ego
2080 2196 2199 2258 repen-

192 2263 319 2340 minus,
349 2263 401 2327 cui
423 2264 543 2328 caritas
565 2285 645 2346 erga
666 2263 746 2327 alios
767 2264 928 2345 subesset;
954 2264 1010 2329 sed
1033 2265 1090 2328 ubi
1111 2283 1171 2326 na-
1223 2262 1321 2328 dam?
1367 2264 1464 2346 Quod
1486 2266 1562 2331 alibi
1586 2262 1828 2348 (Lev.19,18)
1857 2284 1984 2345 quoque
2005 2262 2200 2344 explicatius

193 2348 293 2412 turali
315 2349 478 2430 pravitate
501 2348 626 2413 solebat
646 2350 766 2413 amoris
788 2351 924 2415 affectus
946 2352 981 2413 in
1003 2351 1097 2414 nobis
1119 2369 1171 2412 re-
1223 2350 1376 2416 habctur:
1399 2373 1464 2416 non
1486 2373 1624 2434 quaeras
1645 2352 1810 2428 ultionem,
1831 2370 1892 2415 000
1913 2370 2038 2413 memor
2059 2349 2125 2412 cris
2146 2349 2198 2410 in-

193 2433 314 2512 sidere,
341 2433 484 2498 ostendit
505 2435 568 2498 ulio
593 2436 659 2498 iam
681 2442 830 2517 oportere
857 2436 1011 2500 diffimdi:
1039 2444 1077 2498 ut
1103 2455 1170 2498 non
1222 2435 1327 2501 iuriae
1347 2438 1468 2502 civium
1489 2446 1628 2502 tuorum.
1664 2438 1734 2502 Aut
1754 2436 1835 2500 haec
1857 2435 2030 2499 obliterant
2052 2455 2093 2497 ex
2115 2434 2196 2515 lege,

193 2520 313 2584 minori
337 2520 519 2598 alacritato,
543 2520 667 2599 ardore,
692 2521 916 2600 sollicitudine,
939 2523 1046 2604 parati
1069 2521 1170 2586 simus
1223 2530 1281 2585 aut
1302 2523 1483 2587 Dominum
1509 2523 1744 2602 consiliarium,
1767 2543 1835 2585 non
1856 2521 2077 2604 legislatorem
2098 2520 2199 2582 101000

193 2605 235 2670 ad
256 2605 526 2671 benefaciendum
547 2608 706 2688 proximo,
729 2627 828 2688 quam
848 2608 941 2672 nobis
960 2608 1049 2690 ipsis.
1222 2610 1432 2673 mentiantur.
1447 2608 1471 2692 ¹)

279 2695 331 2755 85.
375 2692 449 2755 Iam
470 2692 530 2757 sub
552 2694 693 2775 proximi
714 2693 871 2758 vocabulo
893 2715 994 2775 quum
1016 2693 1170 2760 Christus
1310 2697 1360 2758 87.
1405 2697 1452 2759 110
1471 2694 1550 2777 quid
1577 2695 1673 2772 haec,
1703 2714 1837 2775 quaeso,
1867 2693 1929 2757 sibi
1949 2690 2080 2765 volunt,
2114 2711 2198 2771 quae

192 2779 227 2841 in
255 2778 410 2860 parabola
438 2776 640 2843 Samaritani
668 2779 764 2863 (Luc.
787 2784 835 2857 10,
854 2778 911 2864 27)
939 2779 1171 2844 demonstrarit
1223 2781 1292 2844 ausi
1315 2788 1393 2845 sunt
1412 2781 1537 2846 insulso
1559 2780 1753 2863 glossemate
1771 2777 1930 2843 illudere?
1975 2777 2112 2859 Diligite
2133 2775 2199 2839 ini·

192 2864 429 2929 alienissimum
456 2885 616 2947 quemque
644 2865 817 2944 contineri,
846 2887 914 2929 000
941 2864 1098 2948 estquod
1120 2864 1169 2928 (11-
1222 2866 1323 2930 mices
1343 2874 1484 2946 vestr0s;
1508 2867 1686 2932 benefacite
1705 2867 1747 2930 iis
1767 2866 1824 2947 qui
1845 2863 1985 2928 oderunt
2005 2884 2078 2940 vos;
2107 2869 2198 2925 orate

192 2950 341 3016 lectionis
362 2957 572 3032 praeceptum
595 2949 637 3014 ad
660 2960 789 3016 nostras
805 2951 1062 3017 necessitudines
1083 2951 1169 3014 limi·
1222 2972 1282 3033 pro
1303 2953 1572 3036 persequentibus
1593 2974 1668 3031 vcs3
1689 2950 1869 3016 benedicite
1890 2950 1931 3014 iis
1952 2950 2007 3031 qui
2027 2969 2085 3013 vos
2104 2968 2197 3012 exse·

192 3050 309 3102 temus.
354 3035 430 3100 Non
452 3056 552 3119 nego,
575 3044 613 3099 ut
633 3039 769 3119 quisque
789 3044 839 3102 000
859 3039 952 3104 nobis
973 3038 1169 3103 coniunctis·
1222 3047 1370 3118 crantur,
1400 3047 1438 3102 ut
1459 3039 1529 3103 sitis
1550 3038 1610 3102 filii
1636 3039 1739 3120 pat-ris
1760 3037 1862 3103 vestri
1884 3037 1940 3118 qui
1962 3043 2012 3100 000
2032 3036 2068 3098 in
2090 3033 2197 3099 coelis.

192 3123 309 3200 simus,
338 3122 385 3185 ita
407 3122 521 3186 officiis
548 3122 669 3186 nostris
697 3144 768 3187 esse
794 3124 988 3189 familarius
1010 3124 1169 3189 adiuvan-
1223 3121 1306 3203 Quis
1332 3145 1400 3190 non
1427 3124 1481 3190 hio
1508 3145 1583 3189 cum
1606 3121 1879 3209 Ohrysos'tom02)
1900 3122 2126 3199 ratiocinetur,
2157 3140 2199 3183 ex

193 3207 280 3273 dum.
325 3207 379 3271 Ita
400 3209 489 3272 enim
511 3208 575 3272 fert
596 3207 812 3274 humanitatis
833 3210 932 3289 ratio,
955 3219 994 3275 ut
1014 3231 1052 3275 eo
1073 3209 1170 3292 plura
1220 3216 1290 3273 tam
1312 3212 1496 3276 0000000010
1515 3231 1614 3277 causa
1639 3210 1739 3292 probe
1761 3218 1926 3287 00000010,
1958 3228 2024 3272 000
2047 3227 2117 3271 esse
2139 3227 2199 3269 ex·

191 3293 342 3358 homines
369 3294 456 3358 inter
477 3314 512 3358 00
534 3294 640 3358 officia
662 3296 915 3373 communicent,
938 3317 1001 3379 quo
1023 3296 1169 3361 arctiori-
1222 3295 1431 3375 hortationes,
1454 3295 1512 3362 sed
1533 3294 1798 3379 praeceptiones?
1831 3292 1922 3374 Quid
1943 3294 2036 3359 nobis
2058 3292 2198 3374 amplius

192 3380 254 3444 bus
275 3381 362 3443 inter
383 3401 418 3444 se
440 3386 498 3444 aut
518 3380 732 3462 cognationis,
762 3388 820 3445 aut
839 3381 1084 3459 familiaritatis,
1113 3390 1171 3445 aut
1222 3390 1333 3460 restat,
1356 3382 1412 3447 ubi
1434 3383 1655 3466 expungimur
1675 3404 1693 3446 0
1714 3402 1850 3445 numero
1873 3380 2016 3444 filiorum
2033 3377 2119 3443 Dei?
2152 3377 2199 3441 At

192 3465 332 3530 viciniae
354 3465 493 3531 vinculis
515 3474 761 3530 connectuntur.
806 3469 916 3549 Atque
938 3467 971 3532 id
993 3468 1085 3532 nulla
1105 3467 1171 3533 Dei
1222 3467 1404 3532 seeundum
1429 3490 1500 3548 eos,
1530 3468 1591 3534 filii
1623 3468 1726 3550 patris
1754 3466 1901 3533 coelestis
1923 3473 2021 3530 crunt
2048 3465 2106 3529 soli
2128 3484 2198 3526 mo·

192 3552 386 3629 offensione,
409 3552 501 3616 00100
527 3551 735 3633 providentia
756 3552 821 3617 huc
842 3552 1079 3636 quodammodo
1101 3553 1170 3618 adi·
1222 3553 1334 3634 naohi;
1357 3554 1417 3618 soli
1438 3556 1548 3620 Deum
1570 3561 1698 3637 patrem
1720 3552 1887 3620 audebunt
1909 3553 2068 3617 invocare.
2109 3547 2197 3629 Quid

192 3638 309 3719 gimur.
347 3636 415 3703 Sed
437 3636 517 3716 (1100,
540 3637 733 3702 universum
754 3639 924 3703 hominum
943 3661 1057 3723 genus,
1078 3640 1170 3704 nulla
1221 3640 1354 3703 irrterim
1385 3641 1541 3707 ecclesia?
1585 3640 1713 3707 Eodem
1738 3641 1809 3704 iure
1836 3637 2034 3721 relegabitur
2054 3635 2096 3699 ad
2118 3656 2199 3716 gen·

191 3725 392 3806 exceptione,
414 3744 480 3787 uno
500 3724 645 3788 caritatis
668 3725 789 3789 affecta
810 3745 881 3791 esse
903 3725 1167 3808 amplexandum.
1221 3724 1295 3788 tiles
1317 3732 1351 3790 00
1371 3727 1570 3809 publicanos.
1614 3727 1706 3792 Dicit
1726 3726 1815 3790 enim
1837 3722 1990 3789 Christus
2011 3721 2146 3805 (Matth.
2167 3726 2197 3798 5,

186 3807 325 3873 Nullum
348 3809 402 3874 hic
424 3830 494 3874 esse
517 3808 692 3874 discrimen
704 3809 835 3876 barbari
857 3819 915 3875 aut
925 3811 1055 3890 Graeci,
1079 3811 1170 3896 digni
1220 3809 1292 3894 46):
1316 3813 1344 3876 si
1362 3813 1475 3878 amicis
1491 3814 1611 3879 vestris
1629 3813 1707 3877 estis
1726 3809 1884 3887 benevoli,
1912 3828 2011 3891 quam
2027 3806 2105 3871 inde
2123 3828 2199 3889 gra

190 3893 243 3958 vel
260 3895 399 3979 indigni,
421 3895 517 3960 amici
538 3895 592 3959 vel
611 3896 749 3961 inimici:
777 3897 931 3981 qnoniam
952 3898 1080 3976 inDeo,
1102 3919 1169 3962 non
1220 3899 1302 3962 tiam
1334 3898 1551 3981 exspectatis?
1586 3907 1697 3962 annon
1724 3902 1837 3981 gentes
1858 3903 1891 3959 00
1917 3893 2082 3976 publicani
2109 3891 2197 3956 idem

193 3982 230 4043 in
256 4003 292 4046 00
319 3982 399 4064 ipsis
425 3980 653 4047 considerandi
674 3990 760 4046 sunt.
804 3984 837 4046 A
857 4004 921 4067 quo
947 3985 1069 4048 intuitu
1090 3983 1169 4047 dum
1220 3983 1367 4048 faciunt?
1411 3985 1505 4049 Bene
1533 4005 1612 4048 vero
1638 3984 1807 4048 nobiscum
1829 3987 1960 4064 agetur,
1987 3980 2015 4044 si
2035 3977 2201 4043 Christia-

189 4066 405 4146 deflectimus,
427 4088 496 4131 non
521 4067 643 4130 mirum
664 4076 715 4132 est
735 4069 764 4133 si
789 4069 902 4134 multis
922 4071 1086 4134 erroribus
1106 4070 1168 4133 im·
1220 4090 1339 4134 norum
1359 4069 1475 4134 titulus
1496 4070 1590 4135 nobis
1611 4070 1824 4150 relinquatur,
1847 4065 1994 4131 coelestis
2014 4065 2108 4148 regni
2129 4063 2199 4128 adi-

188 4153 363 4237 plicamur.·
399 4150 527 4232 Quare,
548 4153 576 4217 si
598 4174 712 4218 veram
733 4146 891 4239 diligendi
913 4155 1035 4220 lineam
1057 4163 1169 4220 tenere
1220 4163 1332 4219 matur
1353 4155 1548 4220 haereditas.
1594 4155 1660 4219 Nec
1686 4155 1793 4218 notans
1811 4153 1940 4234 fimum
1959 4157 2003 4216 est
2022 4150 2199 4234 Anpnstini

192 4238 284 4318 libet,
316 4260 383 4304 non
415 4238 649 4311 inhominem
681 4240 825 4321 primum
853 4241 1064 4307 convertendi
1091 4251 1170 4306 sunt
1221 4247 1453 4324 0091000010οι
1466 4240 1496 4325 ⁸)
1523 4261 1620 4323 quum
1645 4241 1790 4316 00001001,
1819 4239 1921 4319 inquit
1947 4237 2013 4316 ille,
2039 4237 2198 4301 Doooinns

192 4323 395 4391 oculi'ouius
424 4308 573 4406 aspectus
601 4323 713 4388 odium
740 4328 870 4409 saepius
897 4349 995 4410 quam
1024 4348 1168 4392 amorem
1221 4333 1309 4406 00101,
1331 4348 1393 4392 non
1414 4328 1537 4392 10100101
1556 4327 1663 4402 minos
1683 4346 1778 4408 0000(
1796 4325 1892 4388 amici
1907 4343 2035 4388 rnorem
2052 4323 2198 4415 attingere

195 4411 405 4493 exprimeret3
432 4409 491 4477 sed
510 4410 547 4473 in
567 4409 692 4489 Deum,
722 4414 777 4493 qui
800 4435 960 4492 amorem,
988 4434 1085 4495 quem
1107 4414 1168 4479 sibi
1215 4413 1372 4496 probibet5
1392 4434 1489 4494 qaum
1508 4415 1632 4495 furtum
1651 4411 1820 4488 interdicit,
1847 4409 1929 4473 nibil
1949 4409 2071 4472 manino
2090 4407 2197 4488 faron

196 4496 380 4575 (1010011000,
402 4495 445 4561 ad
464 4496 634 4561 universos
656 4496 806 4562 homines
827 4498 967 4564 dlffimdi
988 4501 1087 4565 iubet.
1120 4499 1169 4565 Ut
1215 4500 1377 4582 permittit,
1398 4501 1463 4564 sive
1484 4499 1523 4564 ab
1543 4502 1657 4577 000100,Ι
1673 4499 1738 4562 sive
1759 4495 1798 4560 ab
1819 4495 1953 4558 inimico.
1986 4493 2073 4557 Haeo
2094 4497 2196 4556 000000

195 4581 328 4648 sithoc
399 4587 551 4664 rpetunm
577 4580 841 4647 fundamentum:
870 4585 1104 4667 qualiscunque
1125 4585 1168 4650 sit
1220 4586 1375 4663 donnons
1399 4587 1521 4667 100001,
1549 4591 1657 4650 anon
1678 4582 1822 4657 00001001,
1850 4580 1893 4643 ad
1917 4578 2088 4643 (1110010010
2108 4595 2197 4657 regn-

194 4669 302 4748 homo,
347 4666 378 4683 '’
445 4666 524 4732 dum
543 4673 654 4733 tamen
674 4688 754 4746 0000,
777 4670 854 4750 quia
875 4669 1023 4753 diligitur
1044 4671 1144 4737 Deus.
1220 4671 1286 4736 100(
1306 4677 1427 4736 revocat
1449 4671 1575 4735 Paulos
1592 4670 1707 4820 r§Rom
1729 4671 1776 4745 13,
1797 4665 1847 4748 9);
1874 4665 1937 4728 ineo
1956 4664 2039 4728 docet
2062 4661 2120 4758 snb
2140 4660 2196 4724 boc

282 4758 333 4819 86.
416 4757 590 4836 uaproptor
619 4752 902 4836 pestilentissimae
929 4756 984 4822 vel
1012 4758 1168 4840 ignoran-
1220 4757 1368 4822 mndata
1395 4758 1559 4822 contineri:
1613 4755 1702 4838 iligas
1728 4752 1911 4835 monimum
1938 4751 2136 4845 1000000001
2167 4751 2196 4809 te

194 4844 261 4908 tiae
282 4840 336 4905 vel
357 4838 503 4904 malitiae
520 4838 590 4918 fait,
611 4838 696 4922 quod
716 4838 901 4906 scholastici
923 4863 966 4906 ex
986 4845 1168 4928 praeceptis
1220 4845 1334 4926 anm.
1362 4842 1450 4927 Ergo
1471 4842 1664 4923 anfalcum
1683 4840 1760 4923 legis
1778 4839 1972 4920 1010000100(
1990 4831 2196 4915 10000οΡ00

195 4929 236 4994 (10
261 4946 330 4995 non
356 4923 541 5009 appetenda
563 4922 721 5004 01011000,
754 4925 795 4991 (10
817 4924 992 5012 diligendis
1016 4930 1166 5008 inimicis,
1221 4930 1286 4994 lom
1312 4935 1437 5011 oporto,
1465 4934 1521 4992 ont
1541 4926 1712 5003 0000000010
1739 4924 1810 4988 birro
1831 4921 2001 5003 0001101000,
2023 4919 2197 5002 diligendos

195 5036 279 5101 qnae
305 5020 340 5079 et
367 5010 518 5077 omnibus
542 5008 621 5075 olim
647 5008 777 5078 Iudaeis
801 5011 923 5078 tradita
954 5014 1102 5094 fuerunt,
1135 5022 1169 5078 00
1220 5072 1233 5077 -
1436 5067 1439 5075 .

1291 5152 1320 5219 1)
1342 5152 1526 5222 legislatorem
1549 5148 1632 5201 fuisse
1654 5152 1812 5217 agnoscant,
1831 5163 1883 5199 non
1907 5143 2089 5197 consiliarium
2113 5144 2197 5196 fuisse

1219 5222 1393 5274 mentiantur.
1419 5216 1487 5272 1543
1505 5224 1532 5270 et
1548 5233 1577 5269 se
1611 5256 1617 5268 .
1695 5214 1726 5282 2)
1743 5215 1803 5268 Lib.
1822 5215 1855 5268 (10
1873 5214 2079 5282 compunctione
2097 5213 2195 5266 cordis.

264 5290 294 5359 1)
312 5285 536 5357 VideAugnstln.
553 5283 590 5339 (lc
607 5284 731 5341 nefins
743 5286 901 5343 01010110.
920 5286 945 5340 1.
964 5302 987 5341 0
1008 5285 1047 5341 13
1062 5292 1091 5341 00
1108 5304 1166 5358 seq.
1218 5288 1327 5357 3)]111).
1346 5288 1370 5341 1.
1388 5286 1565 5341 dedoctus·
1623 5284 1681 5337 rist
1699 5299 1722 5336 0
1740 5281 1782 5337 110.
