4732 6030
197 334 257 396 911
772 323 1037 392 INSTITUTIO
1059 325 1163 390 REL.
1188 324 1370 391 CHRIST.
1396 330 1627 393 less-1554.
2138 331 2203 393 912

1837 439 2206 497 Actaeaeacteae

197 521 373 584 munirent
418 518 526 599 Atque
554 517 589 579 in
612 515 673 580 hoc
702 521 835 596 patrum
856 515 990 578 suorum
1012 513 1171 595 exempla,
1225 513 1384 578 feruntur.
1430 513 1542 595 Quum
1573 537 1651 599 ergo
1677 516 1753 580 illae
1781 427 1907 599 qubque
1933 483 1968 581 in
1991 483 2116 582 Ohristi
2142 538 2205 583 no-

196 607 389 689 praesertim
406 624 483 667 vero
501 601 602 683 ipsius
620 601 727 678 Iacob,
745 600 973 664 imitabantur:
997 600 1061 682 qui,
1084 606 1172 682 post·
1225 599 1315 664 mine
1348 602 1447 679 fiunt,
1481 601 1559 695 quid
1588 602 1676 667 aliud
1702 616 1801 684 quam
1830 610 2006 681 testantur,
2035 605 2205 668 neminem

197 713 296 776 quam
317 713 352 754 66
373 689 538 755 confessus
559 687 675 751 fuisset
697 693 753 763 tot,
777 707 857 768 quas
880 707 898 749 e
919 707 1021 750 manu
1037 685 1173 749 Domini
1225 685 1302 748 ullis
1319 688 1466 751 omnium
1482 687 1631 770 precibus
1648 689 1711 753 nisi
1723 687 1855 753 Christo
1869 689 2089 754 intercedente
2106 710 2204 772 posse

197 782 391 858 susceperat,
414 772 643 838 misericordiis
664 773 833 848 minorem,
857 770 899 835 ad
916 773 1041 835 maiora
1062 779 1173 835 tamen
1225 770 1394 835 adiuvari?
1446 773 1555 855 Atque
1582 781 1620 837 ut
1654 796 1720 838 non
1747 774 1854 839 obstat
1883 796 1942 839 sua
1970 776 2204 840 intercessione

196 860 392 947 postulanda
420 860 591 938 beneficia,
620 880 661 922 ex
684 857 761 922 data
782 857 844 922 sibi
865 858 1079 940 promissione
1102 857 1172 920 ani·
1225 854 1392 937 Christus,
1415 859 1588 941 quominus
1609 860 1645 923 in
1664 860 1800 925 eeclesia
1828 861 1977 942 precibus
2000 861 2203 926 alteralteri

196 948 348 1012 mabatur
371 946 471 1030 (Gen.
493 949 543 1023 32,
564 943 607 1028 9).
1225 943 1366 1007 vicissim
1389 946 1638 1025 patrocinemur,
1661 947 1708 1010 ita
1728 947 1833 1010 fixum
1854 954 1994 1023 maneat,
2016 968 2129 1012 omnes
2151 956 2202 1012 to-

287 1037 334 1097 12.
380 1031 521 1113 Quando
550 1051 627 1095 vero
655 1050 751 1093 nemo
773 1036 824 1093 est
850 1028 1022 1092 hominurn
1044 1027 1171 1113 dignus,
1224 1027 1290 1091 tius
1318 1028 1473 1095 ecclesiae
1505 1032 1753 1096 intercessiones
1785 1033 1820 1097 iu
1852 1031 1944 1096 illam
1970 1033 2102 1098 unicam
2129 1055 2203 1099 esse

196 1120 252 1203 qui
274 1141 309 1183 se
326 1120 398 1183 Deo
420 1122 651 1200 repraesentet,
672 1137 709 1180 ae
727 1115 763 1178 in
781 1115 850 1178 eius
868 1123 1077 1196 conspectum
1098 1135 1172 1196 pro·
1226 1112 1422 1196 dirigendas.

196 1206 281 1284 deat,
303 1206 373 1287 ipse
394 1203 540 1269 coelestis
558 1210 660 1284 pater,
684 1209 722 1264 ut
741 1221 801 1264 nos
818 1200 881 1265 hae
899 1200 1085 1264 confusione
1103 1200 1171 1264 exi-
1314 1205 1362 1263 14.
1406 1201 1511 1265 Porro
1533 1223 1661 1266 merum
1682 1210 1733 1267 est
1752 1211 1999 1287 nugamentum,
2022 1203 2108 1285 quod
2131 1204 2201 1269 bal-

196 1297 316 1370 meret,
344 1311 427 1372 quae
448 1295 576 1353 nostros
598 1287 743 1351 omnium
767 1286 892 1350 animos
915 1285 1052 1351 deiicere
1075 1285 1171 1350 debe-
1223 1284 1355 1349 butiunt
1380 1287 1557 1367 sophistae:
1588 1287 1758 1353 Christum
1779 1311 1850 1354 esse
1871 1288 2104 1371 redemptionis
2131 1312 2200 1356 me-

196 1378 268 1456 bat,
300 1376 406 1440 filium
437 1374 530 1439 nobis
556 1394 653 1439 suum
680 1372 826 1449 donavit,
858 1372 969 1435 Iesum
1002 1370 1172 1436 Christum
1224 1369 1398 1450 dictorem,
1425 1372 1537 1437 fideles
1559 1381 1670 1439 autem
1697 1376 1945 1440 intercessionis.
1990 1373 2094 1456 Quasi
2122 1397 2202 1442 vem

197 1463 367 1529 dominum
388 1469 550 1538 nostrum;
579 1458 635 1542 qui
657 1457 743 1540 apud
765 1458 873 1541 ipsum
894 1457 988 1521 nobis
1009 1457 1052 1521 sit
1073 1457 1172 1521 advo·
1225 1454 1392 1536 Christus,
1425 1461 1621 1541 temporaria
1653 1460 1849 1526 mediatione
1876 1461 2061 1539 dehmctus,
2095 1470 2201 1527 aeter-

197 1544 780 1630 66166616161116161(ΙΤ1111.2,5.
814 1544 1038 1622 11661121.
1067 1542 1169 1607 Hebr.
1225 1563 1303 1606 nam
1325 1549 1358 1606 et
1378 1564 1546 1625 nunquam
1568 1546 1847 1612 intermorituram
1864 1546 1906 1611 ad
1927 1542 2039 1612 661166
2055 1569 2131 1613 suos
2149 1570 2202 1614 re-

197 1639 227 1714 8,
248 1639 265 1698 6
285 1646 317 1699 et
335 1638 364 1711 9,
386 1632 449 1717 15),
472 1633 566 1697 611166
588 1630 689 1696 ductu
711 1629 753 1693 ad
774 1631 882 1711 ipsum
904 1646 1016 1694 secure
1039 1627 1171 1694 acoeda-
1223 1628 1344 1692 iecerit
1388 1629 1548 1713 Benigne,
1571 1631 1701 1707 scilieet,
1724 1632 1818 1697 illum
1840 1633 2070 1715 tractantqui
2090 1640 2203 1700 tantu-

196 1743 285 1799 mus,
314 1720 372 1783 tali
400 1719 614 1782 intercessore
635 1716 763 1793 confisi,
787 1714 885 1792 nihil,
913 1714 999 1796 quod
1023 1714 1092 1779 eius
1113 1736 1171 1778 no·
1223 1713 1291 1777 lam
1320 1714 1451 1780 honoris
1479 1717 1662 1799 portionem
1691 1718 1739 1781 illi
1768 1717 1930 1785 decidunt
1974 1720 2077 1800 Atqui
2102 1719 2202 1803 longe

196 1807 285 1871 mine
301 1804 500 1888 petierimus,
522 1802 616 1867 nobis
637 1800 834 1884 denegatum
850 1800 900 1878 iri,
923 1807 961 1863 ut
976 1800 1026 1864 illi
1042 1819 1063 1863 a
1079 1806 1172 1882 patre
1225 1799 1320 1864 aliter
1341 1801 1515 1882 scriptura:
1539 1803 1631 1868 cuius
1654 1804 1874 1886 simplicitate,
1897 1805 2024 1870 omissis
2044 1805 2115 1870 16116
2135 1806 2200 1870 im-

196 1892 281 1957 nihil
307 1890 462 1973 denegari
488 1895 604 1971 potest
653 1887 824 1952 Thronum
851 1907 977 1968 quoque
998 1886 1075 1965 Dei,
1106 1907 1172 1950 non
1224 1886 1416 1967 posteribus,
1438 1896 1630 1953 contentum
1651 1910 1721 1954 esse
1742 1891 1834 1972 pium
1856 1890 2022 1954 hominem
2038 1892 2199 1956 convenit

196 1977 378 2043 maiestatis
405 1981 536 2039 tantum
558 1994 628 2038 esso
650 1973 819 2048 thronum,
843 1970 900 2036 sed
923 1973 1060 2054 gratiae:
1084 1970 1172 2054 apud
1224 1971 1310 2034 Nam
1332 1992 1433 2053 quum
1460 1973 1539 2038 dicit
1558 1973 1698 2040 Ioannes
1721 1974 1753 2060 (1
1774 1976 1835 2057 Ep.
1856 1979 1884 2053 2,
1907 1973 1953 2057 1);
1982 1977 2010 2040 61
2031 1977 2103 2058 quis
2124 1997 2201 2059 pec·

197 2086 304 2147 quem,
326 2063 396 2126 eius
418 2061 566 2138 nomine,
589 2058 773 2124 cumomni
794 2056 914 2122 fiducia
935 2079 1092 2140 apparere
1113 2079 1171 2122 au·
1224 2057 1364 2136 caverit,
1394 2059 1587 2124 advocatum
1609 2083 1669 2126 nos
1697 2061 1817 2126 habere
1840 2060 1927 2142 apud
1953 2068 2081 2144 patrem
2102 2061 2203 2128 Chri-

199 2149 342 2226 deamus,
365 2144 620 2211 misericordiam
642 2165 720 2209 66116
761 2144 881 2221 uuturi,
905 2152 938 2206 et
959 2143 1100 2227 gratiam
1121 2144 1172 2206 in·
1225 2149 1313 2206 stum
1333 2142 1454 2222 Iesum,
1477 2166 1520 2209 au
1541 2154 1718 2229 patronum
1739 2147 1817 2210 olim
1838 2148 1931 2212 nobis
1959 2147 2058 2213 brisso
2079 2148 2202 2213 intelli-

196 2235 329 2300 venturi
350 2233 385 2296 iu
408 2232 528 2296 auxiho
546 2237 727 2313 opportuno
760 2229 862 2293 Hebr.
882 2233 911 2307 4,
934 2233 971 2292 15
984 2227 1075 2313 seq).
1109 2230 1172 2293 At-
1225 2228 1281 2311 git,
1305 2250 1343 2294 66
1362 2251 1427 2294 1166
1449 2231 1556 2312 potius
1580 2239 1771 2315 perpetuam
1792 2232 1842 2296 illi
1863 2233 2128 2299 intercessionem
2149 2256 2203 2300 as-

196 2315 1172 2404 6116111161161616666161166666116661,6161611116-
1225 2313 1355 2396 signat?
1407 2314 1517 2396 Quid?
1546 2317 1632 2398 quod
1660 2318 1785 2384 Paulus
1813 2317 1922 2401 (Rom.
1949 2324 1978 2397 8,
1998 2317 2055 2404 34)
2083 2319 2203 2385 seden-

197 2407 245 2472 616
269 2405 345 2469 data
372 2402 561 2469 exauditum
582 2402 625 2465 iri
645 2402 701 2484 qui
727 2401 967 2479 invocaverint,
990 2401 1037 2464 ita
1058 2402 1093 2464 in
1114 2421 1173 2464 116-
1224 2405 1292 2463 tem
1313 2398 1356 2464 ad
1375 2402 1479 2483 patris
1500 2401 1669 2467 dexteram
1688 2404 1788 2467 etiam
1809 2404 1978 2486 pronubis
1999 2405 2203 2472 intercodere

196 2493 286 2556 mine
309 2489 433 2557 Ohn'sti
453 2490 606 2555 invocare
628 2486 835 2568 peculiariter
854 2486 1018 2565 iubemur;
1044 2496 1077 2551 61
1097 2507 1171 2568 pro-
1224 2485 1389 2550 affirmat?
1441 2485 1553 2567 Quum
1583 2510 1659 2554 vero
1688 2489 1765 2554 alibi
1793 2488 1826 2572 (l
1847 2491 1930 2554 11111.
1950 2494 1983 2568 2,
2004 2490 2038 2575 5)
2067 2493 2203 2557 6111611111

196 2578 385 2643 missionem
412 2575 571 2639 habemus
592 2573 805 2656 propositam,
833 2572 1065 2654 impetraturos
1086 2571 1172 2654 quod
1223 2570 1289 2635 Dci
1311 2580 1344 2635 61
1365 2571 1534 2637 hominum
1552 2574 1763 2639 mediatorem
1780 2574 1874 2639 illum
1891 2584 2067 2658 nuncupat,
2090 2598 2201 2641 annon

197 2664 234 2728 in
256 2664 325 2728 eius
347 2661 479 2726 1161111116
501 2660 699 2741 petierimus.
738 2657 917 2735 Hactenus,
941 2659 1046 2740 inquit
1068 2656 1170 2742 (loau.
1224 2655 1267 2720 ad
1281 2658 1487 2804 precationes
1508 2661 1647 2742 respicit,
1670 2682 1809 2743 quarum
1831 2668 1907 2725 ante
1928 2662 2026 2744 paulo
2042 2663 2199 2727 memine-

200 2752 249 2828 14,
272 2753 309 2812 13
329 2757 362 2812 et
382 2751 430 2825 16,
451 2745 517 2829 24),
540 2766 606 2809 non
627 2744 764 2827 petiistis
785 2742 962 2825 quidquam
982 2744 1018 2807 in
1039 2743 1171 2808 nomine
1223 2749 1277 2806 rat
1343 2742 1513 2826 Siquidem
1535 2766 1593 2827 pro
1616 2747 1766 2812 omnibus
1789 2746 1974 2812 hominibus
1996 2747 2198 2812 interceden-

195 2856 282 2899 meo:
315 2833 431 2916 petite,
465 2841 498 2896 61
526 2831 697 2912 6661616116.
748 2829 790 2894 ln
816 2829 872 2892 illo
900 2828 1014 2893 disin
1041 2830 1171 2894 nomino
1224 2826 1303 2891 dum
1334 2830 1513 2910 praefatus,
1547 2831 1582 2895 in
1608 2832 1678 2897 61116
1706 2833 1888 2897 sententiae
1921 2833 2201 2898 confirmationem

195 2942 268 2985 11166
290 2920 422 3002 petetis:
447 2925 480 2982 et
501 2914 657 2999 quidquid
679 2915 852 2998 petieritis,
875 2915 992 2980 faciam
1014 2923 1051 2978 ut
1072 2915 1171 2998 glori·
1224 2934 1301 2977 mox
1323 2915 1494 2995 subnectit,
1517 2939 1622 2980 unum
1643 2938 1713 2982 esse
1734 2919 1878 2982 omnium
1898 2919 2016 2998 Deum,
2041 2928 2074 2983 61
2095 2940 2202 2983 unum

196 3007 312 3072 ficetur
343 3012 437 3087 pater
464 3004 500 3067 111
527 3001 604 3067 filio.
656 3001 745 3067 Hinc
772 3003 842 3066 sine
864 3003 1085 3066 controversia
1105 3001 1171 3066 cla·
1223 2999 1443 3065 mediatorem.
1497 3001 1604 3082 Neque
1632 3024 1702 3068 vero
1730 3004 1822 3069 aliter
1848 3004 2069 3086 iuterpretatur
2088 3005 2202 3088 Aupu·

195 3114 272 3156 rum
290 3097 348 3169 est,
366 3086 429 3166 eos,
450 3088 558 3171 quiin
576 3087 639 3151 6116
656 3108 754 3169 quam
772 3086 898 3152 Christi
914 3088 1045 3152 nomine
1062 3089 1172 3152 Deum
1223 3085 1335 3163 stiuus,
1351 3085 1374 3170 ¹)
1403 3107 1500 3166 quum
1520 3089 1567 3154 sie
1589 3089 1742 3170 loquitur:
1770 3088 1910 3153 homiues
1931 3089 2098 3155 eluistiaui
2120 3092 2203 3155 iuui-

195 3177 371 3254 invocant,
396 3175 485 3239 illius
518 3173 608 3238 iussa
629 3172 862 3238 contumaciter
883 3173 1101 3254 praevaricari
1134 3194 1172 3237 ac
1224 3190 1287 3235 cem
1308 3192 1340 3236 se
1361 3174 1570 3238 commendaui
1598 3175 1789 3239 orationibus
1815 3176 1901 3252 suia·
1925 3196 1987 3257 pro
2015 3197 2074 3256 quo
2096 3182 2203 3242 autem

196 3262 399 3329 voluntatem
426 3280 486 3343 pro
513 3258 616 3322 nihilo
644 3265 809 3339 reputare;
838 3257 965 3323 nullam
992 3279 1070 3324 vcro
1097 3280 1172 3340 pro·
1224 3257 1332 3322 661166
1352 3259 1538 3340 interpellat,
1565 3260 1621 3324 seri
1640 3261 1953 3341 ipseproomaibus,
1975 3260 2132 3326 1166666
2154 3284 2203 3328 ve-

195 3349 385 3414 missionem
406 3345 527 3410 habere
548 3343 725 3427 quidquam
746 3343 952 3427 impetrandi.
992 3342 1171 3428 Siquidem,
1224 3363 1339 3423 rusque
1370 3345 1523 3409 mediator
1548 3351 1600 3410 661.
1658 3345 1783 3410 Paulus
1811 3348 1983 3426 apostolus,
2017 3367 2202 3429 quanquam

196 3430 739 3516 111’611Ρ6111116(2061.1,20),
768 3450 880 3494 omnes
900 3431 965 3494 Dei
985 3432 1172 3513 promissio-
1224 3428 1282 3492 sub
1308 3430 1406 3510 eapite
1427 3432 1635 3512 praecipitum
1661 3432 1846 3509 meeum,
1876 3433 1953 3513 quia
1979 3438 2082 3497 tamea
2108 3455 2203 3499 reem

196 3521 312 3585 1166111
335 3518 467 3584 Christo
497 3524 575 3582 sunt
597 3517 696 3580 etiam
717 3525 750 3580 et
771 3536 882 3595 amen;
909 3515 1026 3594 idest,
1055 3518 1172 3582 confir·
1225 3514 1314 3578 brum
1335 3521 1400 3579 erat
1425 3517 1562 3597 eorporis
1585 3515 1716 3596 Christi,
1744 3522 1772 3582 61
1796 3523 1934 3596 onomat,
1962 3539 2023 3583 uou
2044 3539 2104 3601 per
2121 3521 2203 3603 1166

196 3613 330 3670 1116111111
352 3613 385 3668 61
405 3603 592 3685 implentur.
1224 3621 1296 3665 ram
1323 3601 1357 3664 iu
1387 3603 1533 3666 interiora
1562 3603 1622 3667 oeli
1651 3603 1694 3667 ad
1718 3608 2039 3683 sanctasanctorum,
2065 3605 2119 3670 sut
2141 3627 2203 3687 per

286 3694 334 3753 13.
379 3691 482 3754 Porro
504 3710 605 3770 quum
631 3687 674 3752 sit
700 3688 769 3769 ipse
797 3688 893 3753 unica
916 3688 968 3751 via
996 3686 1171 3772 (1661114,
1225 3707 1404 3768 expressam
1430 3693 1458 3752 61
1481 3688 1609 3768 firmam
1637 3689 1795 3752 6611161666
1818 3690 1853 3751 iu
1880 3689 2030 3754 interiora
2056 3692 2131 3756 coeti
2159 3691 2202 3756 ad

73 3811 74 3816 .
199 3775 250 3858 6),
281 3797 319 3840 ac
348 3797 432 3839 unus
455 3795 618 3851 accessus,
647 3793 719 3855 quo,
735 3772 777 3838 ad
797 3773 1057 3856 Deum-ingredi
1080 3775 1172 3840 nobis
1224 3773 1415 3837 6666116166
1439 3794 1500 3837 nou
1530 3775 1768 3856 imapiuariam,
1798 3775 1852 3839 sed
1873 3780 2042 3853 aeternam,
2064 3777 2203 3841 intrasse

197 3861 307 3926 datur:
330 3861 386 3942 qui
407 3860 447 3924 ab
472 3861 532 3924 hae
554 3861 609 3924 via
630 3857 819 3937 deflectunt,
843 3868 877 3923 et
897 3859 986 3924 hunc
1006 3881 1173 3925 accessum
1224 3859 1399 3922 marimum
1423 3864 1450 3922 et
1471 3860 1668 3929 verissimum
1690 3859 1873 3924 sacerdotem
1895 3860 2048 3939 ecelesiae,
2077 3882 2110 3925 66
2130 3883 2202 3927 ara-

198 3946 361 4023 doserunt,
380 3946 419 4009 iis
437 3967 541 4027 neque
558 3945 613 4009 via
631 3943 708 4023 ulla,
726 3965 831 4026 neque
848 3966 996 4010 accessus
1010 3945 1173 4010 adDeum
1224 3942 1359 4007 tionibus
1377 3943 1520 4024 fidelium
1540 3945 1607 4025 ipse
1628 3965 1746 4026 quoque
1767 3947 1961 4011 murmendat.
1997 3945 2067 4011 Nee
2083 3948 2202 4020 media-

159 4097 165 4113 ,
198 4040 360 4115 superest;
388 4031 471 4095 nihil
492 4031 528 4094 iu
550 4031 619 4095 eius
643 4029 760 4095 throno
782 4030 944 4113 reliquum
964 4033 1016 4110 fit,
1042 4040 1172 4113 praeter
1224 4034 1317 4092 torem
1338 4049 1371 4093 66
1389 4030 1468 4110 feeit
1493 4031 1574 4094 iuter
1593 4030 1746 4113 populum
1767 4035 1795 4094 et
1815 4030 1935 4095 Deum:
1963 4032 2139 4116 66116661,
2165 4040 2203 4100 ut

196 4118 296 4196 iram,
324 4116 479 4182 iudicium
507 4137 545 4180 ac
572 4122 739 4180 terrorem.
782 4117 934 4199 Denique
961 4138 1062 4200 quum
1085 4117 1172 4182 hunc
1224 4114 1329 4178 omuia
1348 4118 1485 4197 eorporis
1509 4113 1626 4181 Christi
1653 4116 1789 4180 membra
1811 4117 1941 4182 invicem
1963 4138 2024 4198 pra
2046 4139 2079 4182 66
2099 4125 2202 4199 661,·

119 4194 134 4223 ⁸
195 4226 256 4287 pro
278 4204 383 4286 capite
405 4224 443 4267 ae
466 4202 546 4266 duce
567 4208 661 4284 pater
680 4202 773 4266 nobis
790 4202 978 4285 signaverit,
1000 4204 1057 4285 qui
1075 4203 1116 4268 ab
1134 4224 1172 4267 eo
1224 4201 1370 4279 quoniam
1398 4203 1527 4266 inuicem
1551 4202 1684 4266 sollicita
1710 4207 1782 4265 suut
1802 4204 1952 4280 membra,
1981 4209 2009 4268 61
2030 4205 2060 4268 si
2075 4206 2202 4285 patitur

196 4289 264 4355 ullo
291 4288 387 4353 modo
410 4287 575 4352 declinant
596 4287 649 4351 vel
678 4287 860 4369 obliquant,
889 4298 1048 4354 conantur
1067 4310 1171 4371 quan-
1223 4306 1323 4349 uuum
1339 4287 1516 4366 membrum,
1535 4287 1656 4368 reliqua
1673 4289 1901 4369 compatiuntur
1918 4290 1950 4373 (l
1967 4287 2040 4353 Cor.
2063 4293 2111 4368 12,
2132 4291 2199 4378 25),

196 4383 269 4440 16111
300 4376 336 4440 in
363 4396 398 4440 66
426 4381 490 4451 661,
519 4383 630 4438 notam
654 4395 674 4437 a
695 4374 767 4439 Deo
794 4375 987 4457 impressam
1009 4373 1118 4439 delere
1139 4382 1173 4438 et
1225 4370 1274 4435 Aa
1300 4373 1346 4436 sie
1372 4373 1576 4438 membrarum
1602 4374 1742 4437 munium
1764 4372 1864 4438 6611166
1890 4375 1926 4437 iu
1951 4379 2036 4439 terra
2057 4375 2200 4440 mimam

197 4460 390 4527 adulterare.
440 4460 494 4524 Ita
525 4481 610 4523 unus
643 4460 797 4524 statuitur
823 4461 983 4525 mediator
1009 4458 1170 4537 Christus,
1223 4459 1303 4522 tium
1333 4463 1458 4523 mutuae
1480 4478 1542 4540 pro
1566 4479 1600 4522 se
1626 4459 1756 4522 iuoieeru
1781 4461 1934 4524 arationes
1963 4462 2127 4526 6666616111
2156 4463 2201 4527 ad

197 4549 288 4612 6111116
310 4546 540 4611 intercessione
561 4546 719 4627 propitius
741 4553 775 4609 et
793 4546 967 4611 exorabilis
988 4544 1081 4609 nobis
1098 4543 1171 4608 red·
1224 4550 1316 4625 caput
1336 4545 1416 4624 quod
1430 4545 1600 4626 praecessit
1619 4545 1655 4616 iu
1675 4545 1796 4623 cadum,
1819 4547 1853 4609 ia
1874 4566 1933 4627 quo
1954 4552 1998 4610 cst
2013 4548 2200 4628 propitiatio

196 4632 295 4697 datur
316 4640 416 4714 pater.
451 4629 650 4713 Quanquam
670 4631 803 4695 interim
826 4640 860 4695 et
880 4653 958 4697 61166
979 4631 1100 4697 sanctis
1121 4630 1172 4695 in·
1216 4649 1279 4710 pro
1299 4632 1434 4710 peccatis
1454 4632 1577 4695 rustris.
1622 4630 1710 4694 Nam
1737 4633 1767 4695 si
1793 4637 1870 4695 66661
1890 4633 2042 4696 mediator
2064 4631 2198 4712 Paulus,

197 4720 409 4784 tercessiones
428 4718 674 4799 relinquuntur,
703 4716 818 4798 quibus
847 4715 902 4780 alii
924 4717 1062 4780 aliorum
1084 4716 1171 4780 salu-
1223 4721 1320 4780 essert
1340 4718 1445 4797 utique
1466 4722 1494 4781 et
1513 4717 1627 4798 reliqui
1655 4717 1803 4798 apostoli,·
1832 4737 1868 4780 ae
1894 4719 1940 4780 sie
1965 4717 2055 4782 multi
2080 4720 2200 4785 media·

198 4813 265 4869 tem
291 4812 404 4868 mutuo
431 4804 518 4867 inter
550 4825 584 4867 so
613 4804 684 4867 Deo
713 4800 942 4866 commendant
973 4800 1029 4885 (de
1055 4802 1171 4884 quibus
1223 4805 1301 4866 tores
1318 4808 1499 4880 essentum
1516 4807 1664 4866 6616616161
1681 4803 1784 4882 ipsius
1805 4802 1904 4866 Pauli
1921 4804 2010 4882 ratio,
2033 4824 2096 4885 qua
2113 4805 2200 4869 diee-

196 4891 346 4955 meminit
374 4889 537 4972 apostolus
562 4893 575 4950 1
597 4889 679 4953 Tim.
699 4890 727 4966 2,
750 4886 798 4970 1),
828 4886 886 4951 sed
913 4887 995 4952 16166
1024 4909 1108 4970 quae
1130 4889 1170 4953 ab
1222 4892 1290 4952 rat:
1311 4908 1395 4952 uuus
1416 4890 1498 4952 euim
1515 4887 1621 4966 Derim
1642 4908 1727 4952 uuus
1743 4887 1893 4952 mediator
1908 4887 1973 4952 Dei
1992 4894 2019 4952 61
2036 4889 2199 4955 homiuum

196 4976 295 5040 unica
315 4975 373 5039 illa
395 4974 607 5056 dependeant,
631 4980 760 5038 tantum
782 4972 882 5052 abest,
905 4981 943 5037 ut
964 4973 1107 5039 delibant
1128 4996 1170 5040 ex
1221 4973 1308 5038 116616
1331 4972 1489 5054 Christum
1514 4975 1549 5039 iu
1571 4994 1630 5056 quo
1652 4979 1680 5038 et
1700 4993 1755 5038 aas
1775 4994 2019 5055 uuumsumus,
2041 4976 2200 5042 6166166-

198 5082 237 5128 ea
262 5060 437 5143 quidpiam.
486 5060 573 5124 Nam
600 5068 638 5123 ut
665 5082 684 5123 a
711 5057 893 5124 dilectionis
916 5059 1035 5125 affectu
1061 5067 1169 5126 scatu-

197 5146 295 5225 riunt,
316 5167 378 5227 quo
401 5167 460 5209 nos
477 5145 563 5209 ultro
581 5147 724 5228 citroque
742 5145 977 5227 amplectimur,
996 5168 1055 5212 ocu
1072 5147 1170 5211 unius

196 5232 340 5313 eorporis
361 5231 522 5310 membra,
549 5231 596 5295 ita
617 5232 717 5296 otiam
738 5228 779 5292 ad
801 5232 916 5314 capitis
937 5232 1095 5298 unitatem
1117 5254 1169 5296 16-
1289 5248 1319 5318 1)
1335 5249 1411 5303 libr.
1428 5253 1524 5304 contra
1539 5247 1664 5302 Pernen.
1682 5245 1707 5299 2.
1725 5261 1747 5300 a
1762 5244 1787 5300 8.
