4770 6030
190 330 251 388 sii
768 317 1031 384 1666166610
1054 317 1167 414 6166.Ι
1181 314 1362 383 onmes.
1390 319 1620 380 eise-1554.
1644 294 1653 304 '
1953 397 1990 485 [B
2003 411 2061 464 341
2087 343 2117 461 ,ὁ
2129 315 2204 468 36626

1863 453 1870 476 ι
2073 428 2081 479 3
2199 454 2206 467 ·

190 533 246 577 nos
264 512 347 576 nibil
368 530 463 592 quani
484 527 571 574 maa
588 506 729 573 ludibria
746 508 933 588 eaperimur.
969 507 1034 570 Nec
1050 504 1168 568 mirina
1221 505 1424 570 eaeremmiis
1449 504 1526 584 quid
1546 503 1666 583 6666,
1696 505 1808 584 qubus
1831 502 1886 567 boc
1901 505 2072 584 perfeetum
2095 509 2146 601 'est
2166 511 2204 569 ut

189 604 241 676 est,
263 616 371 661 earum
390 600 512 661 autores
529 615 563 658 ee
583 595 727 675 delapsos
744 613 817 671 esse,
839 598 874 656 ut
893 594 1019 673 friuolis
1040 591 1168 673 ineptiis
1221 591 1417 670 semisepulta
1441 588 1564 654 Christe
1592 591 1635 654 ad
1662 589 1809 654 imtaicas
1835 589 1959 675 rieures
1984 590 2201 655 rediemmus?

190 689 270 748 etse
290 687 318 746 et
339 681 420 746 alios
438 681 589 757 luderent,
618 680 696 760 qnia
710 680 834 759 partim
860 699 899 742 ee
925 679 1064 764 peritiam
1092 677 1168 740 deli·
1221 670 1388 740 Dominus
1401 681 1504 739 uester
1521 672 1681 753 'Christus
1703 675 1806 755 inquit
1823 674 2031 757 Aupustinus,
2045 673 2071 760 ¹)
2091 695 2202 743 saera-

189 770 250 832 riis
270 764 429 847 eneniplar
449 766 511 830 sibi
532 769 737 846 sumpserunt,
755 765 878 844 partim
894 765 1063 828 simiarum
1084 782 1168 825 mere
1220 762 1333 826 inentis
1360 781 1486 824 numero
1507 761 1725 840 paucissimis
1748 762 1974 844 sipiificatieiie
1990 764 2202 843 praestantis-

188 859 295 918 temere
319 853 437 916 imitati
464 857 538 916 sant
563 857 675 915 veteres
701 851 856 914 mosaicae
885 850 962 932 lepis
989 851 1085 925 ritas,
1112 847 1168 928 qni
1221 849 1326 924 simis,
1355 847 1562 911 obseruatione
1585 847 1766 928 facillimas,
1795 848 1868 910 noui
1882 848 1999 928 pepuli
2025 846 2201 912 solidatam
2245 881 2248 887 ·

189 938 288 1002 nibilo
308 939 412 1021 mapis
433 939 476 1002 ad
496 957 554 1001 nos
569 935 774 1019 pertinebant,
798 955 893 1015 quem
908 935 1064 1016 pandum
1082 933 1168 996 uicti
1220 934 1384 1014 collipaeit.
1429 932 1481 995 Ab
1503 932 1561 996 liae
1582 934 1784 1013 simplicitate
1806 937 1955 1013 errantum
1977 932 2059 996 absit
2079 935 2207 1000 rituum.

189 1045 273 1103 mae,
307 1029 335 1087 et
361 1023 485 1104 reliqua
510 1023 562 1085 liis
589 1022 719 1086 similia.
772 1020 857 1085 Sane
887 1022 1012 1085 etiamsi
1043 1020 1168 1083 nullum
1220 1018 1383 1083 nmltitudo
1404 1023 1432 1082 et
1453 1019 1598 1096 varietas,
1622 1019 1736 1100 quibm
1756 1017 1846 1082 bodie
1861 1018 2023 1099 implicari
2038 1020 2201 1084 emlesiam

190 1110 281 1179 aliud
302 1110 345 1174 sit
366 1113 594 1191 arpumentum,
621 1113 724 1171 tamen
751 1127 789 1170 66
809 1107 985 1192 farrapine
1001 1111 1066 1171 tam
1087 1104 1169 1168 mele
1220 1105 1389 1181 cernimus,
1419 1105 1499 1167 satis
1520 1105 1671 1170 enarrari
1691 1125 1753 1168 nen
1768 1109 1877 1183 petest.
1923 1102 1994 1168 Scio
2016 1124 2076 1185 quo
2096 1105 2200 1186 artifi-

189 1200 318 1261 consnta
351 1213 438 1258 neme
469 1214 569 1258 sanus
600 1193 725 1273 alieiiid
751 1193 822 1256 boni
849 1192 992 1274 sperabit.
1042 1189 1088 1255 Et
1118 1209 1169 1253 res
1220 1192 1266 1253 cio
1283 1189 1428 1254 66666666
1444 1191 1528 1253 acati
1543 1189 1681 1255 tornines
1698 1190 1778 1254 banc
1794 1191 2031 1270 perversitatem
2048 1198 2200 1256 66666666.

189 1283 262 1363 ipsa
291 1282 405 1361 palam
437 1281 642 1356 demonstrat,
675 1279 838 1359 plurimas
870 1278 1079 1342 eaerenienias
1107 1296 1169 1339 neri
1220 1275 1324 1339 Aiunt
1350 1276 1431 1338 inter
1458 1295 1515 1339 nos
1541 1297 1606 1340 esse
1626 1277 1786 1356 plurimes
1808 1296 1964 1356 peraeque
1991 1277 2087 1342 raca
2106 1283 2197 1360 66666

189 1368 292 1432 aliurn
320 1365 428 1430 babere
453 1385 560 1443 66666,
595 1365 663 1428 nisi
690 1370 726 1426 ut
744 1365 900 1444 papulum
925 1361 1169 1444 obstupefaciant
1218 1362 1346 1443 fuerunt
1374 1361 1409 1423 in
1423 1361 1543 1441 populo
1564 1362 1742 1426 israelitice.
1787 1361 1923 1426 Illorum
1949 1381 2047 1450 caiisa
2073 1365 2200 1428 institu-

189 1453 294 1536 mapis
312 1472 408 1550 66666
426 1451 585 1549 deceant..
608 1449 662 1513 Sic
683 1449 716 1513 'et
743 1451 779 1513 in
806 1450 935 1547 novitiis
956 1449 1028 1512 istis
1045 1448 1169 1511 canoni-
1220 1453 1285 1512 tam
1302 1466 1366 1510 esse
1383 1446 1535 1522 eiusmodi
1550 1448 1797 1546 paulapopiani,
1818 1468 1882 1528 qna
1898 1450 2021 1511 tametsi
2039 1449 2200 1528 firmiores
2225 1543 2227 1545 Ι

189 1540 256 1615 bus,
279 1558 333 1618 eui
352 1537 555 1617 disciplinam
572 1540 846 1620 iueeituntmapis
866 1554 961 1616 quam
980 1537 1167 1610 6666666666,
1220 1553 1326 1598 carere
1338 1537 1480 1612 possunt,
1503 1534 1656 1616 neplipere
1675 1539 1778 1598 66666
1799 1553 1868 1598 eam
1889 1552 1951 1596 nou
1968 1533 2080 1614 debent,
2102 1555 2199 1616 eumn

161 1639 162 1645 ’
190 1624 322 1688 muudum
348 1623 492 1686 manenti
519 1627 669 1702 reponunt
694 1620 886 1702 hypocritae:
915 1621 945 1684 si
974 1620 1047 1700 quis
1074 1620 1169 1682 intre
1220 1618 1347 1684 videant
1378 1618 1518 1698 infirmis
1552 1619 1708 1700 fratribus
1739 1639 1804 1684 esse
1835 1619 1949 1683 iitilem.
2005 1619 2197 1702 1666666666,
2300 1632 2302 1634 ’

189 1710 305 1790 spieiat
325 1708 453 1785 melius,
476 1709 605 1787 reperiet
625 1706 709 1771 nibil
729 1726 794 1771 esse
809 1711 935 1786 praeter
956 1705 1122 1770 umbratile
1141 1710 1169 1768 et
1220 1724 1277 1769 nos
1304 1725 1367 1769 non
1396 1706 1514 1768 nescire
1545 1706 1622 1785 eniel
1653 1705 1794 1787 fratrum
1832 1704 2012 1784 latinitati
2044 1707 2195 1771 66666666.

190 1794 357 1860 66666666
374 1793 561 1873 disciplinae
581 1797 741 1874 spectrum.
1223 1789 1348 1855 Sedere
1377 1790 1506 1854 aduerso
1533 1791 1722 1869 incipimus,
1751 1810 1812 1855 nen
1843 1811 1908 1854 esse
1937 1791 2018 1856 lianc
2043 1793 2196 1858 ratienem

280 1883 326 1943 13.
373 1878 447 1943 Iam
467 1898 553 1955 iero,
580 1878 680 1942 atad
700 1879 832 1942 6666666
852 1878 991 1954 eeuiem,
1014 1876 1086 1957 quis
1107 1895 1169 1938 neu
1220 1896 1283 1957 qua
1310 1877 1490 1940 consulatum
1525 1875 1677 1955 infirmis,
1709 1881 1745 1940 ut
1774 1877 1899 1959 mapnis
1929 1879 2196 1943 caeremoniarum

190 1965 272 2030 iridet
297 1964 494 2042 malitiaam,
523 1964 608 2028 alias
634 1963 712 2047 aliis
737 1963 956 2040 coacervando,
984 1964 1166 2025 intantum
1221 1963 1341 2027 acervis
1360 1962 1538 2026 abitiantur.
1584 1961 1659 2026 Nm
1678 1962 1802 2043 frustra
1821 1963 1876 2026 luic
1902 1962 2071 2027 discrimen
2085 1967 2197 2045 posuit

191 2070 356 2116 namenim
393 2050 575 2127 6666666666,
614 2053 649 2112 ut
681 2048 871 2113 ebristianae
901 2049 1046 2113 milesiae
1079 2047 1168 2111 nullo
1220 2048 1311 2112 Deus
1332 2050 1413 2112 inter
1442 2063 1499 2111 nos
1524 2052 1552 2110 et
1578 2052 1707 2112 veterem
1721 2049 1892 2129 populum:
1925 2049 2007 2129 quod
2027 2051 2120 2115 illum
2147 2072 2199 2116 eo-

87 2135 95 2146 ‘
191 2137 280 2201 mode
301 2137 366 2199 sint
386 2135 581 2202 6666666662
625 2134 710 2198 Hine
729 2134 847 2215 sactum
867 2140 925 2213 est,
953 2139 988 2197 ut
1014 2134 1050 2197 iii
1070 2152 1169 2196 caere·
1221 2135 1281 2199 luit
1295 2133 1464 2216 pueriliter
1485 2133 1610 2196 erudire
1630 2135 1732 2216 sipnis
1750 2140 1778 2198 et
1792 2135 1919 2216 demis,
1942 2155 1999 2199 nos
2019 2137 2199 2217 simplicius

191 2223 307 2286 meniis
328 2226 480 2302 appareat
508 2220 689 2285 iudaismus
715 2221 817 2284 neseio
838 2222 929 2301 quis;
956 2221 1041 2284 aliae
1070 2217 1169 2295 obser-
1220 2222 1288 2285 sirie
1314 2223 1399 2283 tanto
1427 2224 1550 2283 interm
1579 2225 1746 2299 apparatu.
1794 2220 2071 2300 Qiunmdmadum,
2094 2223 2200 2304 666666

191 2309 330 2372 66666666
360 2324 486 2388 9666666
510 2307 581 2387 piis
615 2306 734 2370 animis
769 2306 990 2386 carnificinam
1026 2305 1168 2385 afferant.
1223 2298 1348 2371 Paullus
1370 2304 1458 2390 (Gal.
1486 2310 1515 2382 4,
1549 2303 1590 2388 l),
1617 2325 1702 2384 puer
1734 2327 1755 2369 a
1781 2306 1962 2389 paedapepe
1988 2328 2052 2386 pro
2085 2311 2200 2374 aetatis

195 2391 442 2473 0666666666
469 2391 679 2474 Aupastiiius,
695 2390 719 2473 ¹)
748 2392 829 2473 quod
856 2412 913 2455 suo
940 2396 1083 2472 tempere,
1119 2410 1169 2452 ne·
1220 2397 1316 2472 captu,
1334 2392 1453 2474 repitur
1481 2397 1509 2454 et
1535 2391 1592 2454 sub
1613 2391 1755 2455 custodia
1774 2392 1959 2470 continetur,
1988 2394 2035 2457 ite
2056 2395 2112 2457 sub
2135 2396 2199 2479 lepe

123 2549 129 2558 ,
189 2478 296 2562 plectis
322 2476 385 2540 Dei
406 2479 596 2558 praeceptis,
630 2483 695 2543 tam
727 2478 838 2542 maltis
859 2474 1168 2559 praesumptionibus
1219 2477 1467 2542 custodiebantur
1490 2475 1612 2541 Iudaei.
1653 2476 1721 2540 Nos
1739 2484 1842 2542 autem
1864 2478 1983 2542 adultis
2003 2480 2124 2544 similes
2144 2501 2198 2544 su·

187 2565 286 2645 plena
313 2567 411 2626 essent
439 2564 557 2640 omnia,
571 2564 620 2626 'ut
643 2564 776 2645 9666666
801 2564 1005 2647 carperetur
1032 2562 1087 2641 eui
1109 2579 1168 2642 per
1218 2584 1297 2641 mus,
1320 2565 1375 2644 qui·
1397 2584 1418 2626 a
1439 2563 1535 2627 tutela
1552 2567 1580 2626 et
1596 2563 1754 2626 ematicne
1771 2564 1894 2628 liberati
1908 2565 2088 2644 puerilibus
2108 2567 2197 2630 rudi-

194 2654 318 2714 ectaeas
338 2668 415 2711 suas
442 2653 560 2712 terram
585 2649 669 2712 nudo
691 2648 771 2729 pede
801 2649 952 2732 tetiperat,
970 2646 1081 2729 ’66666
1112 2646 1170 2726 bui
1218 2650 1330 2714 mentis
1351 2669 1429 2729 epus
1450 2647 1650 2712 nomliabent.
1677 2646 1836 2713 Dominus
1851 2655 1928 2714 certe
1945 2652 2037 2729 quale
2051 2651 2196 2730 futuam

192 2740 321 2798 66666666
359 2734 529 2798 vinolentia
568 2735 737 2814 sepelierat.
799 2731 1044 2815 Gaiquerebatur
1081 2733 1168 2796 66666-
1219 2739 1295 2800 esset
1316 2736 1352 2798 in
1373 2734 1501 2798 ecelesia
1519 2754 1580 2798 sue
1602 2734 1714 2816 culpus
1728 2735 1920 2813 previdebat,
1944 2741 1971 2799 et
1992 2737 2125 2818 qualiter
2147 2757 2197 2801 re-
2229 2752 2233 2764 '
2290 2778 2295 2787 ·

190 2820 293 2898 siam,
327 2839 424 2900 eiiam
454 2818 518 2882 Dei
550 2820 766 2884 6666666666
805 2819 935 2883 liberam
966 2840 1031 2883 esse
1062 2819 1166 2895 voluit,
1217 2821 1351 2905 pendam
1369 2821 1456 2902 soret.
1489 2819 1556 2883 Hoc
1579 2824 1689 2896 666666,
1712 2840 1771 2899 eice
1793 2822 1909 2910 dictum
1930 2827 1982 2899 est,
2005 2822 2091 2886 mode
2112 2823 2197 2888 iuter

190 2907 236 2970 sic
256 2907 376 2987 premi,
409 2910 444 2966 ut
472 2905 662 2969 tolerabilior
687 2906 785 2985 trierd
813 2903 1005 2970 Indaeorum
1026 2905 1166 2969 66666666.
1219 2911 1313 2972 neset
1327 2904 1463 2970 1666666
1484 2906 1636 2969 discrevit.
1669 2904 1773 2970 Stulta
1794 2908 1892 2989 ipitur
1913 2909 1995 2971 ratio
2017 2913 2071 2984 est,
2095 2910 2125 2972 si
2147 2930 2199 2974 vo-

193 2989 232 3054 86
260 2993 295 3054 66
323 2991 484 3055 saeculum
507 2996 647 3055 nostrum
673 2992 833 3056 incidisset
864 2996 991 3056 sanctus
1020 2991 1076 3055 ille
1107 2990 1165 3067 eir,
1220 2992 1324 3058 tumus
1345 2993 1501 3072 imperitis
1527 2993 1698 3069 caractere,
1729 2993 1923 3056 iudaismum
1948 3016 1970 3057 a
1992 2991 2116 3059 Obristo
2145 2996 2200 3059 66

191 3077 303 3158 aridus
324 3077 458 3157 querelis
479 3075 667 3156 deplorasset
683 3097 765 3154 eam,
789 3097 868 3159 quae
888 3098 971 3141 nunc
992 3082 1049 3155 est,
1073 3076 1167 3139 semi-
1219 3083 1362 3161 repetam
1384 3078 1535 3159 eripendo.
1579 3077 1674 3142 Hanc
1695 3097 1811 3158 auoque
1833 3078 2127 3152 dissimilitudinem
2150 3101 2200 3145 66

191 3162 309 3225 bitem?
332 3161 419 3226 Nam
440 3166 467 3224 et
488 3181 636 3225 numinis
657 3168 701 3226 est
714 3163 848 3243 decuplo
869 3164 980 3240 maier,
1004 3161 1167 3244 etsmpnli
1219 3165 1295 3228 teris
1313 3168 1341 3226 et
1360 3165 1432 3226 novi
1448 3164 1564 3243 papuli
1584 3165 1703 3227 notavit
1721 3161 1866 3228 Obristas
1893 3167 1962 3229 suis
1978 3166 2080 3231 verbis
2101 3186 2208 3247 omun-

193 3248 295 3328 apices
323 3247 462 3326 centuplo
488 3246 642 3329 ripidius,
669 3253 871 3328 quamtum,
894 3249 1068 3331 eeipuutur.
1114 3247 1168 3311 Ita
1219 3253 1332 3315 diceret
1352 3249 1481 3313 mulieri
1502 3249 1732 3325 saniaritaiiae,
1753 3251 1873 3314 een-isse
1898 3256 2031 3332 tempus,
2053 3272 2113 3333 eno
2131 3255 2201 3317 eeri

190 3333 263 3412 fieri
291 3333 381 3397 sobet:
412 3330 473 3410 666,
492 3334 585 3397 semel
605 3335 747 3414 perversi
772 3335 827 3398 isti
856 3334 1047 3417 lepislateres
1074 3335 1168 3415 impe·
1221 3337 1350 3400 cultores
1376 3335 1545 3399 adorarent
1571 3333 1676 3397 Deum
1704 3337 1739 3398 in
1761 3336 1879 3415 spiritu
1900 3342 1927 3402 et
1948 3339 2083 3402 acritate.
2128 3338 2200 3403 Hoc

191 3420 278 3482 rium
298 3423 499 3499 occuparunt,
522 3419 647 3483 nullum
665 3418 760 3499 finem
780 3420 912 3483 iubendi-
927 3424 954 3484 et
975 3420 1099 3485 eetaudi
1118 3420 1169 3501 fa
1214 3421 1351 3502 prosecta
1381 3440 1502 3500 semper·
1532 3420 1650 3500 factam
1674 3420 1794 3502 finiat,-
1820 3422 1874 3486 sed
1901 3424 1937 3485 in
1968 3423 2022 3488 boc
2048 3425 2201 3505 differunt

192 3504 295 3582 ciunt,
341 3505 434 3568 denec
467 3504 510 3568 ad
547 3510 717 3569 extremum
753 3506 943 3569 morositatis
975 3507 1168 3586 perueniant.
1220 3508 1291 3571 naui
1311 3507 1442 3590 66666666
1471 3527 1492 3569 6
1518 3506 1682 3584 ueteribus,
1710 3506 1791 3587 6666
1817 3509 1873 3572 sub
1896 3507 1986 3574 Mose
2014 3511 2200 3590 spiritualis

197 3590 285 3671 Quod
314 3589 439 3654 Paulus
467 3591 562 3654 etiam
589 3592 744 3673 elepanter
768 3591 921 3656 indicauit
948 3590 1032 3675 (001.
1058 3595 1087 3669 2,
1111 3589 1167 3674 20)
1220 3592 1284 3657 Dei
1312 3592 1454 3656 adoratio
1474 3593 1584 3656 multis
1611 3594 1813 3657 caeremoniis
1845 3594 2032 3660 adumbrata
2064 3602 2092 3659 et
2124 3617 2199 3677 quo-

192 3675 243 3738 bis
259 3675 376 3738 verbis:
398 3676 429 3738 si
448 3677 564 3740 mortui
585 3678 660 3741 estis
680 3678 802 3753 mundo,
824 3678 902 3757 quid
923 3678 1016 3757 quasi
1036 3679 1170 3742 eieeutes
1220 3678 1382 3743 dammodo
1399 3678 1554 3758 implicita
1571 3683 1645 3754 eret,
1663 3679 1775 3758 quibus
1792 3679 1916 3744 abolitis
1926 3701 2008 3744 nune
2018 3683 2200 3761 simplicms

193 3753 322 3823 decretis
343 3761 514 3824 tenemini?
543 3783 581 3826 ne
608 3763 828 3841 nianduearis,
856 3784 894 3827 ne
918 3764 1108 3845 austerioris,
1131 3783 1169 3826 ne
1220 3765 1378 3828 adoratur.
1426 3762 1563 3827 Proinde
1584 3765 1639 3843 pai
1660 3764 1741 3828 banc
1757 3764 2048 3831 dissimilitudinem
2069 3767 2197 3850 centan-

193 3846 376 3909 attrectaris.
428 3845 515 3910 Nam
546 3867 641 3929 quum
668 3850 792 3914 6666666
819 3845 1017 3913 detrectaret
1037 3849 1168 3919 mendic·
1220 3851 1311 3928 dunt,
1340 3850 1480 3914 ordinem
1500 3855 1636 3914 evertunt
1657 3871 1678 3913 a
1702 3847 1826 3915 (666666
1848 3852 2023 3915 institutum
2045 3859 2073 3916 et
2094 3854 2199 3918 sauci·

151 3983 153 3987 ,
192 3936 308 3995 eareet
329 3937 452 4014 tenpore
469 3932 628 4015 sipiifimt,
649 3936 686 3999 in
700 3937 812 4016 priore
833 3935 1012 4019 sipniticatu
1027 3935 1078 4000 bie
1093 3955 1169 4016 pre
1220 3943 1292 3999 tum.
1337 3935 1476 4019 Erpoue,
1505 3936 1642 4016 inquies,
1670 3935 1753 3999 niliil
1773 3938 2038 4000 caereuronierum
2057 3940 2197 4003 rudiori-
2224 3959 2227 3963 ·

193 4016 246 4081 cul
267 4017 360 4080 dubio
382 4017 548 4097 accipitur,
571 4041 609 4085 ne
629 4041 827 4101 supervacua
848 4024 891 4086 sit
911 4022 1059 4101 repetitio.
1084 4020 1168 4084 -Hic
1221 4022 1278 4087 bns
1299 4021 1432 4099 debitia,
1451 4023 1494 4085 ad
1515 4021 1688 4084 iuiaiulam
1705 4042 1809 4085 eorum
1832 4023 2047 4101 imperitiam?
2080 4024 2124 4088 Id
2143 4046 2197 4109 epo

193 4123 264 4252 apo
280 4103 816 4257 iwapmmmfflmff
826 4106 1168 4257 6666666666666686666
1220 4128 1282 4172 nen
1309 4109 1384 4258 6666.
1418 4107 1571 4256 6666666
1579 4108 1685 4256 Τ6666
1717 4108 1792 4254 rutile
1805 4107 1894 4256 666666
1910 4110 2197 4260 ⁶{essemsenti'pm‘llioe

220 4235 243 4250 ..
309 4208 332 4250 ri
356 4206 423 4250 iiim
455 4209 477 4250 a
508 4210 547 4254 sn
570 4211 603 4255 er
657 4213 725 4256 ione
804 4218 813 4256 :
955 4213 1016 4256 non
1056 4216 1084 4257 a·
1115 4212 1169 4256 um
1239 4215 1315 4258 enus
1375 4213 1497 4257 miracu
1512 4215 1532 4255 i.
1606 4213 1715 4256 anum
1749 4213 1789 4255 iic
1872 4214 1949 4256 erio
2035 4215 2065 4258 is
2153 4216 2197 4258 as

176 4275 279 4349 edere
301 4277 419 4351 idam,
447 4210 616 4340 sedetiam
637 4279 768 4342 tenuiter
789 4214 909 4342 eseiii.
960 4277 1023 4344 Ubi
1044 4279 1099 4342 bec
1121 4278 1169 4340 ob-
1218 4216 1481 4359 iidliib‘eatur'pui
1499 4266 1662 4341 'Oliristum
1684 4278 1824 4356 illustret,
1848 4300 1910 4342 noii
1931 4280 2073 4345 obscuret.
2119 4279 2195 4344 Cae-

192 4361 365 4437 tinueiunt,
398 4361 465 4423 iam
495 4367 622 4442 pustare
654 4364 748 4427 etiam
774 4364 946 4444 probibent
999 4362 1170 4442 Postquam
1221 4366 1376 4430 remouiee
1402 4364 1470 4427 ideo
1496 4365 1584 4428 nobis
1610 4365 1763 4428 divinitus
1780 4384 1907 4444 paiieae
1934 4366 2026 4431 datae
2051 4370 2136 4444 sunt,
2166 4372 2197 4430 et

192 4445 246 4507 liae
265 4465 382 4526 qiioeue
403 4446 473 4509 illis
494 4466 668 4510 cencessum
689 4454 747 4527 est,
773 4471 811 4513 ne
837 4451 934 4532 dipito
955 4449 1079 4531 quidem
1099 4468 1168 4511 ceri·
1220 4452 1347 4515 minime
1376 4451 1560 4527 laboriosae,
1590 4470 1649 4531 quo
1670 4455 1864 4530 praesentem
1889 4448 2048 4516 Gliristam
2075 4451 2197 4516 demmi-
2326 4497 2334 4504 -

70 4555 74 4561 ·
192 4535 320 4595 trectare
339 4531 393 4612 sas
414 4551 479 4594 esse
499 4532 612 4595 666666.
1220 4541 1324 4614 strent,
1344 4534 1475 4599 Indaeis
1489 4537 1602 4616 plures
1626 4536 1718 4600 datae
1738 4541 1826 4615 sunt,
1855 4547 1913 4618 quo
1939 4543 2039 4603 essent
2060 4537 2198 4602 absentis

284 4621 331 4678 14.
377 4614 471 4680 Hane
491 4618 690 4697 tyrannidem
717 4620 752 4682 in
779 4619 927 4683 hamanis
948 4619 1169 4683 constitutioni·
1220 4622 1380 4703 imapines.
1424 4620 1588 4686 Absentem
1619 4629 1721 4687 66666
1745 4623 1846 4704 tuisse
1873 4623 1956 4703 6666,
1985 4644 2047 4688 nori
2074 4625 2194 4702 virtute,

193 4701 249 4764 bus
270 4703 379 4765 merite
395 4701 483 4764 bodie
500 4702 762 4781 reprebendimus,
784 4725 848 4783 qua
867 4704 985 4785 factum
1007 4709 1105 4776 estut
1121 4706 1169 4770 in-
1220 4708 1273 4785 sed
1298 4705 1501 4789 sepniiicandi
1522 4709 1617 4773 modo.
1664 4708 1803 4773 Proinde
1824 4710 1933 4779 modus
1959 4716 1993 4774 iet
2013 4711 2195 4787 retineatur,

192 4789 333 4850 nuuuris
353 4788 460 4850 edictis
481 4792 509 4850 et
531 4788 696 4852 imniedica
725 4809 831 4852 eornm
857 4792 1014 4854 exactione
1034 4792 1168 4856 6666666
1219 4794 1310 4859 illam
1328 4794 1364 4858 in
1380 4814 1507 4861 numero
1517 4797 1717 4874 paucitatem,
1735 4796 1770 4858 iu
1785 4795 1992 4860 obseruatione
2001 4795 2195 4876 facilitatem,

192 4874 394 4936 6666666666
428 4872 617 4937 mirabiliter
647 4879 867 4954 torquerentur.
916 4874 967 4939 De
1000 4877 1169 4942 canonibus
1220 4881 1255 4942 iii
1294 4879 1520 4962 sipnfibcatioue
1554 4881 1754 4964 dipnitatem,
1795 4902 1874 4960 6666
1916 4883 2010 4946 etiam
2053 4882 2198 4947 claritate

193 4957 237 5020 ad
269 4957 473 5038 disciplinam
500 4960 726 5038 pertinentibus
757 4960 836 5025 alibi
867 4962 985 5027 dietum
1017 4968 1068 5026 est.
1117 4962 1168 5027 De
1220 4971 1350 5044 constat,
1380 4967 1511 5030 retinere
1531 4986 1659 5031 66666666
1688 4972 1738 5030 est.
1799 4967 1841 5030 Id
1877 4988 1939 5030 nen
1971 4988 2036 5030 esse
2066 4968 2195 5047 facturn,

147 5248 151 5258 ·
263 5229 292 5293 1)
311 5232 354 5281 Ad
374 5232 479 5319 Ianuar.
499 5233 576 5300 epist.
597 5231 646 5284 119
663 5231 731 5302 (bb).
1026 5259 1029 5266 ¹
1052 5244 1053 5248 ’
1290 5237 1423 5305 neptae.
1442 5237 1493 5290 118
1509 5236 1570 5306 (54)
1588 5238 1623 5290 ed
1640 5239 1746 5290 Ianuar.
1766 5256 1823 5308 cap.
1842 5238 1866 5290 l.
