4770 6030
195 369 277 430 nes
428 362 527 450 oar.
550 362 648 430 xix.
671 367 796 454 (nn.)
837 368 902 433 nn
924 365 1136 449 qumana
1158 365 1313 432 sasso
1335 364 1595 432 nonnius
1617 365 1955 436 saonanrnnrrs.
2112 331 2265 437 nse*

191 476 652 548 A377339331345730458.

192 557 307 620 tlorem
326 555 389 618 Dei
407 553 532 619 cultum
549 466 825 621 caererironiarum
843 556 1052 621 multitudine
1071 555 1166 619 aesn-
1219 554 1371 619 studium.
1422 552 1459 619 Si
1486 556 1558 637 quis
1586 557 1673 620 enim
1700 556 1787 639 ipsas
1814 579 1872 639 per
1899 580 1933 621 se
1958 560 2084 623 censeri
2105 559 2194 640 velit,

192 661 329 717 memus,
350 662 392 703 ne
414 639 731 706 ecclesiaecolesiam
747 645 787 707 ob
805 652 959 707 externae
978 641 1167 723 disciplinae
1219 642 1284 704 iam
1313 641 1452 706 confessi
1478 662 1591 706 sumus
1619 642 1702 706 nihil
1732 643 1851 708 habere
1876 644 1962 708 mali.
2007 645 2056 709 At
2076 646 2103 709 si
2126 647 2194 710 suis

194 727 386 791 varietatem
418 734 612 790 contemnat.
667 728 854 806 Postremo,
888 741 925 792 ut
957 728 1081 792 nullam
1115 726 1167 791 hic
1219 727 1471 791 circumstantiis
1493 727 1715 804 aestimentur,
1743 730 1913 811 apparebit
1933 737 2061 795 tantum
2084 727 2105 794 o'
2123 753 2195 796 ette-

192 821 384 896 perpetuam
412 812 518 894 legem
546 813 638 876 nobis
665 821 845 878 statuentes
878 823 982 878 toturn
1016 814 1166 876 observa-
1219 813 1438 876 remonianmr
1469 811 1572 876 abusu
1598 813 1768 877 hominnm
1796 817 1915 880 animis
1935 836 2079 880 errorem
2108 817 2194 881 inse-

193 899 320 962 tionum
348 919 444 960 usum
472 907 505 960 et
536 899 637 962 finem
664 898 705 961 ad
732 900 885 964 eeclesiae
912 899 1167 963 aedificationem
1220 895 1318 975 disse,
1346 908 1470 962 utnon
1490 898 1584 963 facilc
1612 899 1777 964 emendari
1799 903 1915 982 possit,
1943 902 2006 966 nisi
2028 901 2194 967 subductis

193 984 382 1059 referamus,
406 1004 469 1065 qua
490 984 675 1063 postulante
696 1007 761 1049 non
784 985 878 1048 modo
896 985 1017 1048 mutari
1035 983 1166 1066 aliquid,
1220 1006 1237 1046 c
1260 991 1437 1065 conspectu
1456 984 1648 1064 spectaculis
1671 1007 1752 1066 quae
1771 1008 1889 1052 novam
1908 987 2044 1051 subinde
2062 987 2194 1051 errandi

193 1068 250 1133 sed
272 1068 428 1150 quidquid
449 1078 525 1131 ante
550 1070 584 1131 in
606 1091 668 1133 usu
696 1072 789 1134 nobis
812 1072 1076 1136 observationum
1098 1070 1167 1133 fue·
1220 1071 1390 1133 materiam
1414 1078 1603 1152 suggerunt.
1649 1069 1705 1135 Sic
1728 1073 1859 1153 spiritus
1880 1075 1989 1138 sancti
2011 1074 2195 1137 testimonio

179 1156 237 1218 rit
271 1155 405 1231 inverti,
439 1153 531 1217 nulla
562 1154 740 1219 offensione
772 1159 924 1220 ieramus.
976 1155 1049 1220 Hoc
1079 1157 1168 1219 enim
1220 1154 1254 1237 (2
1274 1156 1356 1237 Reg.
1381 1161 1427 1231 ls,
1448 1155 1483 1238 4)
1512 1155 1665 1220 laudatus
1693 1167 1753 1234 est⁸
1768 1159 1928 1223 Ezechias
1950 1159 2035 1240 quod
2062 1180 2194 1240 serpen-

193 1241 278 1304 ferre
304 1239 469 1304 interdum
497 1247 680 1321 temporum
708 1243 882 1319 rationem,
909 1252 947 1305 ut
968 1243 1051 1306 ritus
1073 1262 1167 1322 quos·
1219 1250 1286 1304 tem
1319 1262 1456 1305 aeneum
1483 1240 1653 1320 exciderit,
1688 1245 1743 1325 qui
1771 1245 1863 1311 iussu
1891 1245 2024 1309 Domini
2054 1267 2074 1308 a
2102 1245 2194 1309 Mose

194 1325 284 1402 dam,
307 1346 373 1388 non
395 1326 511 1406 impios
533 1325 652 1407 alioqui
674 1348 733 1390 nec
753 1327 936 1405 indecoros,
961 1348 1020 1409 pro
1043 1328 1089 1390 rci
1111 1348 1167 1409 op·
1219 1327 1326 1390 fuerat
1347 1334 1474 1391 erectus
1496 1340 1528 1391 ct
1550 1348 1645 1409 quem
1667 1330 1703 1391 in
1726 1328 1827 1393 cinni
1845 1329 1993 1395 beneficii
2010 1330 2195 1408 annuissem

193 1412 391 1492 portunitate
426 1411 576 1493 abrogari
612 1414 798 1491 conveniat,
840 1414 1004 1495 praesenti
1040 1414 1167 1494 experi-
1220 1413 1344 1477 servari
1366 1412 1489 1476 malum
1508 1434 1574 1478 non
1592 1423 1672 1492 erat,
1695 1415 1760 1479 nisi
1777 1416 1888 1498 populi
1904 1414 2105 1480 idololatriac
2126 1437 2194 1480 scr·

191 1504 302 1560 menta
324 1505 374 1560 est
395 1497 475 1561 hacc
497 1504 594 1570 aetas.
639 1497 735 1573 Nam,
757 1519 838 1579 quac
861 1500 1063 1580 superiorum
1085 1509 1167 1562 tem-
1220 1498 1290 1562 vire
1313 1499 1478 1579 coepisset.
1523 1499 1649 1562 Verum
1671 1521 1770 1582 quum
1800 1503 1960 1571 rationem
1983 1501 2194 1584 corrigendae

190 1604 306 1664 porum
339 1584 477 1647 caecitas
510 1582 573 1645 fnit
606 1589 639 1645 et
671 1584 871 1666 ignorantia,
912 1593 978 1649 hcm
1015 1593 1168 1665 corrupta
1219 1585 1398 1665 impietatis
1420 1583 1517 1648 aliam
1540 1586 1682 1667 optimus
1704 1608 1763 1650 rex
1785 1607 1851 1650 non
1873 1587 2017 1664 haberet,
2043 1608 2109 1650 non
2131 1589 2193 1650 mi·

190 1669 342 1749 opinione
365 1677 496 1749 tamque
524 1669 682 1749 pertinaci
710 1669 815 1734 studio
839 1671 977 1734 antebac
1000 1670 1035 1734 in
1057 1691 1166 1734 encre·
1220 1688 1299 1733 norc
1328 1691 1426 1734 causa
1455 1669 1615 1753 confregit
1642 1693 1739 1752 quam
1768 1672 1901 1737 aMosc
1923 1684 2050 1737 erectus
2077 1673 2192 1737 fuerat.

189 1754 308 1818 moniis
331 1754 509 1817 haeserunt
531 1754 693 1832 ecclesiae,
716 1765 753 1819 ut
774 1756 831 1818 vix
854 1757 932 1820 satis
955 1757 1167 1839 repurgaris
1214 1754 1307 1826 ,Sunt
1329 1756 1416 1819 onim
1444 1756 1589 1820 curanda
1615 1778 1769 1838 perversa
1795 1757 1964 1822 hominum
1985 1757 2106 1824 iudicia
2127 1779 2194 1822 non

189 1838 383 1921 prodigiosis
405 1839 471 1903 illis
493 1841 775 1923 superstitionibus
793 1851 923 1923 queant,
947 1843 1025 1923 quin
1043 1841 1167 1905 multae
1219 1862 1311 1908 secus
1345 1863 1382 1906 ac
1416 1843 1505 1926 aegri
1540 1841 1735 1925 collapsique
1769 1844 1942 1921 stomachi,
1982 1843 2097 1926 quibus
2130 1845 2193 1909 cibi

115 1972 118 1976 A
190 1926 412 1989 caeremonias
440 1924 611 2003 tollantur,
644 1948 704 1991 nec
727 1926 784 1991 abs
811 1949 847 1990 re
869 1927 945 1990 olim
967 1929 1050 1991 forte
1071 1928 1166 1991 insti-
1219 1929 1363 1992 coctione
1390 1927 1524 2009 paulum
1553 1927 1700 1993 difficiles
1729 1928 1919 1994 adimuntur
1940 1931 1997 2012 qui
2026 1931 2113 1994 sanis
2141 1931 2192 1992 in·

189 2016 280 2073 tutae
302 2019 335 2074 et
356 2010 449 2074 nulla
469 2031 527 2092 per
549 2032 583 2074 se
603 2013 772 2095 ,impiet-ate
790 2013 956 2091 notabiles,
975 2014 1092 2095 quibus
1111 2012 1166 2077 de·
1218 2014 1308 2077 noxii
1330 2013 1433 2076 futuri
1456 2021 1558 2078 erant.

188 2095 359 2160 tondendis
393 2096 553 2160 obstinate
585 2098 734 2162 insistere
770 2100 1035 2163 nocentissimum
1067 2099 1167 2163 t'uerit
1554 2103 1559 2112 '

779 2779 983 2864 CAPUT
1014 2778 1304 2863 DECIMUM
1335 2779 1568 2863 NONUM.
1586 2777 1609 2858 ¹)

188 2987 280 3083 DE
310 2983 614 3088 QUINQUE
648 2983 860 3082 FALSO
888 2983 1258 3081 NOMINATIS
1292 2980 1777 3091 SACRAMENTIS;
1812 2982 1930 3079 UBI
1957 2980 2190 3079 SACRA·

188 3112 421 3209 MENTA
460 3112 600 3209 NON
642 3112 797 3210 ESSE
845 3112 1149 3226 QUINQUE
1189 3109 1509 3218 RELIQUA‚
1557 3109 1740 3213 QUAE
1781 3110 1916 3206 PRO
1957 3108 2191 3207 SAORA·

187 3240 435 3338 MENTIS
480 3239 835 3338 HACTENUS
881 3239 1112 3338 VULGO
1166 3238 1422 3335 HABITA
1476 3238 1667 3345 SUNT,
1713 3236 2190 3345 aesinantem

631 3368 775 3463 TUM
810 3367 1065 3471 QUALIA
1097 3366 1263 3474 SINT,
1301 3366 1741 3465 OSTENDITUR.

278 3558 304 3616 l.
348 3554 485 3618 Poterat
511 3556 660 3637 superior
688 3554 740 3618 de'
755 3555 967 3620 sacramentis
989 3553 1165 3636 disputatio
1216 3554 1262 3617 sic
1284 3562 1400 3616 'rerum
1432 3553 1570 3617 anitium
1599 3572 1664 3617 esse
1689 3552 1837 3617 danicos.
1888 3549 1984 3615 Passa
2011 3550 2109 3633 initur
2128 3569 2191 3629 pro

191 3638 278 3720 apud
308 3638 427 3704 dociles
454 3649 488 3703 et
514 3640 638 3704 sobrios
661 3640 722 3704 hoc
745 3641 903 3718 obtinere,
933 3662 976 3704 ne
997 3640 1086 3704 ultra
1107 3661 1164 3705 cu·
1216 3659 1273 3704 saro
1295 3638 1426 3703 arbitria
1447 3658 1532 3704 voces
1552 3637 1644 3702 rebus
1666 3637 1901 3715 cammaro,
1922 3635 2009 3700 moda
2024 3637 2105 3717 pius
2125 3655 2192 3700 scn-

191 3724 309 3788 riosius
337 3724 627 3808 progrederentur;
655 3747 715 3789 nec
741 3734 871 3808 praeter
895 3726 952 3790 illa
974 3726 1054 3804 duo,
1083 3744 1165 3808 quae
1217 3744 1273 3789 sus
1294 3726 1472 3804 runcatur,
1493 3726 1586 3789 etium
1606 3726 1636 3788 si
1657 3745 1719 3805 qua
1736 3725 1778 3787 sn
1794 3724 1828 3786 in
1845 3722 1992 3802 macodo
2008 3721 2192 3804 inproprie·

191 3832 210 3874 a
238 3810 381 3874 Domino
409 3811 559 3875 instituta
585 3821 733 3888 nossent,
768 3812 836 3875 ulla
869 3813 934 3876 alia
961 3819 1165 3876 sacramenta
1217 3816 1274 3876 tas.
1318 3809 1387 3874 Hac
1408 3817 1504 3875 tatum
1524 3811 1666 3888 emeda·
1688 3811 1747 3874 etsi
1767 3809 1879 3877 melius
1897 3808 2008 3889 suerit,
2030 3808 2123 3871 cerba
2144 3829 2192 3872 re·

191 3896 261 3959 sine
290 3897 353 3960 Dei
381 3896 482 3961 verbo
510 3897 793 3978 amplecterentur.
848 3897 977 3961 Verum
1009 3899 1165 3979 quoniam
1217 3897 1275 3961 bus
1295 3898 1430 3975 subesse,
1455 3917 1551 3978 quant
1571 3917 1623 3960 ras
1643 3895 1744 3961 verbis
1765 3894 1886 3959 subiici.
1932 3892 1994 3958 Sed
2014 3894 2049 3958 in
2069 3894 2191 3958 leontina

191 3981 248 4045 illa
270 3981 309 4045 de
330 3991 453 4063 septem
476 3971 690 4047 sacrementis
707 3983 825 4064 opinio,
848 3983 995 4046 omnium
1011 3984 1079 4048 fere
1097 4004 1165 4048 ser·
1217 3985 1404 4048 sacramenti
1432 3983 1499 4046 alia
1527 3988 1571 4047 ast
1596 3983 1687 4070 ratio.
1732 3980 1896 4061 Numqui
1923 3985 2038 4062 septem
2059 3982 2189 4060 parturn,

191 4087 286 4131 mone
319 4068 413 4145 trita,
443 4067 634 4150 scholasque
664 4076 696 4130 et
725 4068 894 4132 conciones
916 4090 1028 4133 omnes
1049 4091 1165 4150 perva-
1217 4068 1312 4133 simul
1330 4067 1418 4131 illurn
1434 4068 1641 4149 darinaicnent
1657 4067 1800 4131 mundus
1816 4066 1965 4144 tribuunt,
1988 4071 2022 4128 ut
2038 4068 2102 4128 sint
2118 4084 2190 4160 pra

191 4160 276 4235 gata,
299 4162 464 4217 vetustate
484 4154 557 4236 ipsa
573 4153 698 4218 radices
716 4153 783 4236 egit
802 4175 840 4218 ac
858 4153 1029 4217 hominurn
1047 4155 1166 4221 animis
1217 4156 1280 4219 tiae
1308 4154 1478 4218 tranensis
1499 4154 1638 4219 matus
1663 4155 1798 4234 formae,
1825 4154 1930 4216 antina
1952 4152 2049 4215 annul
2068 4150 2190 4230 sacraret

191 4238 373 4302 etiamnum
401 4239 535 4317 insidet,
565 4239 656 4303 visus
679 4260 752 4303 sum
782 4239 865 4303 mihi
887 4242 1165 4321 operaepretium
1217 4262 1297 4306 vasa
1317 4240 1450 4321 spiritus
1471 4239 1580 4318 sarrai,
1601 4240 1809 4303 instruereris
1826 4238 2023 4319 contuendae
2039 4236 2188 4313 iustitiae,

190 4324 345 4402 facturus,
369 4325 396 4388 si
419 4325 560 4408 quinque
581 4325 707 4406 reliqua
727 4345 809 4406 quae
830 4326 918 4390 voris
942 4346 979 4390 ac
1002 4327 1166 4407 germanis
1218 4345 1334 4392 musas
1370 4325 1548 4391 obtinendae
1577 4326 1709 4409 cratiae.
1759 4323 1907 4404 Adeoque
1938 4324 2004 4403 ipse
2035 4319 2190 4419 Mopister

148 4484 152 4491 ¹
191 4409 326 4473 Domini
349 4412 563 4475 sacramentis
585 4410 685 4492 vulgo
708 4425 936 4487 accensentur,
960 4430 1107 4475 seorsum
1129 4433 1167 4477 ac
1217 4413 1447 4490 sententiarum,
1469 4413 1622 4476 ansanus
1642 4411 1719 4493 lepis
1740 4415 1933 4475 sacramenta
1954 4412 2045 4490 nepot
2059 4426 2191 4488 proprie

191 4496 324 4577 propius
345 4504 541 4573 excuterem,
565 4497 718 4578 omnique
740 4495 884 4562 absterso
906 4497 989 4574 fuce,
1012 4497 1167 4578 simplici·
1219 4499 1324 4564 *couri
1345 4497 1400 4563 boc
1420 4497 1558 4576 nomina
1580 4497 1655 4578 qaut
1676 4516 1738 4559 non
1759 4495 1952 4560 exhibuerint
1971 4493 2052 4575 quod
2071 4492 2192 4575 daura

191 4579 252 4645 bus
286 4581 462 4663 spectanda
493 4602 722 4664 proponerem,
757 4583 866 4664 qualia
892 4584 972 4660 sint,
1006 4598 1039 4647 ct
1067 4604 1167 4664 quam
1219 4585 1299 4648 bara.
1343 4583 1448 4662 Estne,
1471 4583 1597 4662 maura,
1619 4580 1790 4659 utana,
1812 4585 1847 4644 ut
1868 4601 1947 4661 quae
1966 4577 2102 4675 sandeta
2119 4576 2191 4676 'Da'-

190 4665 273 4729 falso
295 4688 355 4749 pro
377 4669 588 4733 sireramcntis
606 4667 765 4732 hactenus
782 4667 894 4732 habita
910 4670 1040 4733 fuerim.
1068 4669 1166 4733 Prin·
1220 4673 1324 4735 minus
1345 4691 1397 4734 ore
1422 4691 1479 4735 sira
1501 4669 1699 4745 rennuerit,
1729 4687 1809 4748 qnae
1830 4666 1956 4729 eximiis
1972 4683 2191 4746 manassem-

191 4753 275 4835 cipio
296 4752 346 4818 bia
367 4759 510 4818 testatum
531 4754 596 4818 uolo
617 4754 687 4834 piis
708 4752 862 4832 annibw,
888 4774 936 4818 rue
957 4755 1036 4819 barn
1057 4756 1095 4819 de
1115 4775 1168 4818 na
1220 4756 1277 4819 bus
1297 4757 1470 4839 insignivit,
1491 4776 1528 4820 aa
1542 4776 1605 4836 pra
1624 4752 1909 4818 sunameatisnan
1929 4755 2121 4828 censeantur,
2142 4750 2190 4813 ia-

190 4839 274 4902 miar
300 4841 516 4905 maternianus
550 4840 678 4902 asininae
703 4838 850 4921 titiqaadi
876 4841 1045 4922 cupiditate
1071 4841 1169 4905 neci
1220 4842 1310 4906 terim
1331 4841 1382 4904 bic
1403 4841 1499 4906 tortor
1520 4840 1731 4920 transferatur
1752 4837 1795 4901 ad
1813 4857 1863 4902 aas
1883 4837 1976 4915 ritus,
1997 4856 2074 4917 quos
2094 4835 2191 4900 nont

185 4945 276 5003 pere,
308 4927 362 4989 sed
394 4927 546 5009 maedus
573 4925 678 4989 musis
705 4923 820 4989 adduci
842 4925 889 5011 ,ad
920 4927 1169 5010 impuprrandurn
1221 4946 1275 4992 nes
1300 4927 1347 4991 acl
1376 4947 1397 4990 a
1423 4947 1456 4991 se
1481 4928 1708 5008 excapitarunt,
1740 4923 1788 4987 vel
1814 4923 1923 4986 saltent
1953 4923 2021 4986 aaa
2047 4940 2191 5002 esprnso

191 5009 261 5072 aas
282 5010 423 5075 abusum.
455 5011 528 5076 Nan
548 5028 600 5075 nte
618 5010 699 5087 latet,
720 5007 925 5089 Christianos,
946 5018 981 5075 ut
997 5011 1167 5091 cadmum,
1221 5012 1285 5077 Dei
1311 5013 1457 5077 mandata
1484 5011 1665 5076 observant?
1708 5009 1794 5093 Erpa
1816 5013 1881 5093 aut,
1895 5007 2102 5088 definiitionern
2123 5027 2190 5070 rna

1220 5104 1289 5176 terat,
1312 5102 1367 5162 aut
1387 5097 1445 5162 bac
1465 5097 1550 5161 uerbi
1572 5098 1775 5177 usurpatione
1794 5095 1974 5172 abstirreant,
1992 5113 2071 5174 quae
2086 5093 2190 5174 satsas

1221 5183 1423 5253 annedae
1445 5182 1604 5264 opiniones
1620 5186 1691 5263 past
1709 5185 1838 5264 paueret.
1877 5179 1945 5254 Est,
1967 5179 2127 5260 inquiunt,
2139 5198 2190 5242 ea-

262 5279 583 5348 1)Edinom'sa1539
605 5283 669 5354 Gap.
690 5282 773 5338 XVI.
1221 5278 1320 5336 trema
1340 5269 1443 5334 ursaia
1468 5267 1639 5352 inuisibilis
1658 5268 1779 5349 natine
1798 5266 1905 5350 fipura
1928 5271 2087 5332 accusa:
2113 5264 2190 5346 quia
