4770 6030
194 349 257 409 119
834 336 1102 405 msmwrlo
1123 337 1229 404 REI».
1252 335 1433 403 OHRJS'P.
1459 339 1551 400 1536.
2139 341 2201 403 120

196 531 425 602 consolationis
453 530 595 594 fructum
623 549 665 592 ex
698 527 759 592 hoc
792 534 995 592 sacramento
1023 526 1174 610 colligere
1226 526 1369 609 corporis
1397 524 1544 604 traditio,
1575 526 1653 609 quid
1686 527 1854 610 sanguinis
1887 528 2000 592 effusio
2033 529 2201 610 profuerit,

196 624 334 704 possunt
362 617 491 682 arrimae
517 620 662 693 nostrae;
690 612 776 695 quod
804 614 850 678 sio
872 611 1043 679 Christum
1070 613 1173 692 nobis,
1226 634 1293 677 nou
1315 612 1450 680 obscure
1471 611 1717 694 perspiciemus,
1740 612 1822 678 haec
1846 614 1940 695 panis
1962 614 2085 679 etvini
2108 616 2201 679 attri-

197 707 244 773 sic
272 725 332 769 nos
357 703 407 767 illi
433 702 578 768 vicissim
609 701 749 765 insertos
778 720 848 764 esse
881 698 1103 782 agnoscimus,
1136 704 1175 761 ut
1225 699 1319 777 buta,
1353 695 1532 763 secundum
1565 698 1722 763 eiusmodi
1754 698 1951 783 analogiam,
1985 699 2106 782 optime
2137 700 2203 766 illis

197 789 353 876 quidquid
370 789 472 871 ipsius
490 792 547 865 est,
566 794 716 851 nostrum
727 806 853 864 vocare,
861 783 1026 867 quidquid
1046 781 1172 869 [1231]
1225 784 1407 850 convenire.

199 883 349 943 nostrum
371 881 435 952 est,
462 874 564 955 ipsius
586 893 717 938 censere
744 871 848 936 liceat.
894 868 1006 950 Quare
1028 876 1062 934 et
1082 869 1175 933 nobis
1313 870 1389 934 Non
1418 890 1496 952 ergo
1531 871 1724 953 praecipuae
1751 877 1829 936 sunt
1856 873 2051 936 sacramenti
2083 879 2202 954 partes,

200 984 312 1030 secure
335 959 494 1044 spondere
512 957 699 1036 audeamus,
722 958 825 1023 111111
842 964 1010 1021 aeternam
1029 961 1176 1021 nostram
1228 976 1344 1038 corpus
1363 954 1488 1020 Christi
1510 955 1700 1038 simpliciter
1717 957 1810 1022 nobis
1827 957 1991 1037 exhibere,
2013 957 2070 1023 sed
2087 961 2202 1043 magis,

199 1071 286 1127 esse,
314 1068 455 1131 regnum
483 1044 647 1110 coelorum
673 1054 743 1108 tam
768 1043 861 1108 nobis
883 1064 950 1107 111
972 1064 1066 1125 posse
1088 1042 1175 1107 exci-
1227 1042 1476 1125 premissionem
1503 1040 1610 1121 illam,
1639 1064 1704 1125 qua
1724 1064 1857 1109 carnem
1883 1065 1976 1108 suam
1996 1066 2073 1109 1111
2095 1045 2205 1110 cibum

198 1134 291 1213 dere,
319 1154 418 1217 quam
445 1153 505 1196 nec
527 1129 660 1195 Christo
686 1130 763 1211 ipsi;
791 1150 924 1194 rursum
950 1129 1090 1211 peccatis
1117 1148 1176 1191 11-
1229 1149 1299 1192 esse
1328 1133 1480 1206 testatur,
1513 1134 1547 1192 et
1572 1129 1766 1211 sanguinem
1797 1151 1893 1194 suum
1926 1136 2054 1212 potum,
2087 1131 2204 1214 quibus

198 1221 275 1287 stris
308 1241 376 1284 non
405 1238 500 1300 posse
526 1237 586 1280 nos
613 1216 719 1298 magis
746 1237 844 1297 quam
875 1215 983 1297 ipsum
1016 1213 1176 1291 damnari,
1228 1215 1264 1277 in
1282 1213 1386 1279 vitam
1413 1219 1580 1278 aeternam
1607 1235 1780 1297 pascamur
1787 1239 1795 1295 ;
1828 1237 1892 1298 qua
1915 1238 1950 1281 se
1976 1237 2096 1298 panem
2116 1218 2204 1282 ritae

198 1307 276 1391 quia
301 1327 368 1370 non
394 1304 461 1368 iam
488 1309 615 1380 nostra,
645 1301 702 1366 sed
727 1301 830 1384 ipsius
858 1308 943 1365 sunt
988 1300 1063 1365 Non
1092 1298 1178 1383 quod
1230 1321 1300 1364 esse
1334 1300 1489 1377 affirmet,
1523 1298 1564 1364 dc
1589 1322 1653 1384 quc
1685 1301 1741 1384 qui
1768 1301 2031 1381 manducaverit,
2059 1303 2150 1368 vivet
2169 1303 2206 1368 in

139 1431 144 1440 ·
197 1393 261 1477 ipsi
281 1392 350 1456 ulla
377 1389 473 1471 culpa
499 1389 570 1453 iure
591 1386 784 1470 imputanda
805 1386 861 1466 sit,
891 1385 948 1451 sed
968 1387 1044 1468 quia
1065 1406 1179 1450 eorum
1230 1392 1414 1450 aeternum:
1436 1384 1536 1464 illam,
1555 1386 1698 1468 inquam,
1717 1388 1964 1470 promissionem
1983 1388 2155 1471 obsignare
2173 1396 2207 1454 et

199 1499 235 1544 11
258 1487 291 1542 11
312 1476 490 1549 debitorem
512 1475 628 1539 statuit
649 1479 682 1538 ct
704 1473 881 1538 solutorem
897 1478 1050 1554 praestat.
1067 1474 1069 1478 ’
1085 1471 1177 1536 Haeo
1231 1473 1423 1537 confirmare
1446 1470 1615 1557 (11116).
1659 1473 1706 1537 Et
1725 1494 1788 1556 quo
1809 1472 1843 1538 id
1865 1474 2002 1552 efficiet,
2016 1473 2059 1539 ad
2080 1472 2207 1540 Christi

201 1570 252 1636 est
268 1562 486 1640 commutatio,
509 1582 574 1643 qua
594 1561 755 1625 immensa
772 1580 833 1624 sua
848 1558 992 1623 bonitate
1010 1558 1179 1623 nobiscum
1231 1578 1361 1623 crucem
1383 1558 1525 1636 mittere,
1553 1558 1609 1622 ubi
1637 1580 1676 1622 ea
1701 1559 1871 1642 promissio
1891 1581 1969 1625 rere
1995 1560 2153 1642 praestita
2173 1568 2208 1627 et

200 1673 280 1717 usus
302 1656 366 1714 est:
389 1645 475 1731 quod
492 1652 638 1711 nostram
659 1646 695 1709 in
713 1666 748 1710 se
765 1651 992 1727 paupertatem
1009 1644 1178 1726 recipiens,
1231 1644 1376 1707 numeris
1404 1644 1555 1708 omnibus
1581 1645 1717 1726 impleta
1741 1646 1811 1709 fuit.
1860 1645 1949 1710 Nam
1975 1645 2061 1729 quod
2088 1668 2123 1711 se
2146 1669 2206 1731 pa-

202 1758 298 1803 scam
319 1734 361 1800 ad
382 1756 441 1798 nos
464 1732 664 1815 opulentiam
684 1730 904 1811 transtulerit;
927 1730 1012 1813 quod
1030 1735 1180 1812 suscepta
1231 1750 1309 1793 nem
1329 1729 1417 1794 ritae
1439 1729 1624 1811 appellarit,
1646 1752 1712 1795 non
1733 1753 1814 1797 eam*
1828 1753 1850 1796 a
1870 1739 2074 1797 sacramento
2095 1733 2205 1816 appel-

199 1828 312 1888 nostra
337 1818 574 1896 imbecillitate,
601 1839 661 1882 sua
687 1817 810 1882 virtute
836 1837 895 1882 nos
920 1815 1179 1894 confirmaverit3
1231 1815 1387 1880 lationem
1408 1815 1470 1880 sibi
1491 1817 1637 1899 sumpsit,
1660 1823 1698 1880 ut
1717 1816 1850 1901 quidam
1872 1839 2025 1901 perverse
2045 1818 2205 1901 interpre-

201 1907 288 1992 quod
310 1912 442 1988 accepta
463 1912 576 1969 nostra
602 1903 815 1981 mortalitate,
844 1924 903 1967 sua
923 1924 983 1967 nos
1010 1904 1179 1966 immorta-
1232 1906 1360 1980 tantur,
1394 1899 1452 1966 scd
1484 1902 1661 1985 quietalis
1689 1924 1709 1967 a
1733 1908 1828 1986 patre
1853 1904 1946 1968 uobis
1968 1903 2064 1969 datus
2088 1905 2204 1984 irrorat,

201 1993 293 2057 litate
319 1991 489 2056 donaverit
493 2013 502 2068 ;
528 1987 614 2072 quod
640 1991 676 2053 11
702 1996 807 2053 terras
829 1986 1044 2066 descendens,
1067 2009 1179 2052 ascen-
1233 1987 1395 2070 talemque
1417 2009 1487 2052 sese
1504 1989 1675 2069 praestitit,
1697 2011 1773 2055 cum
1789 1989 1953 2054 humanae
1970 1996 2103 2055 nostrae
2119 2011 2209 2056 mor-

202 2101 278 2145 sum
296 2076 390 2142 nobis
416 2077 452 2140 in
474 2075 599 2141 coelum
627 2074 795 2154 straverit;
823 2067 909 2156 qriod
930 2074 1017 2139 filius
1040 2073 1180 2138 hominis
1233 2072 1369 2138 talitatis
1396 2074 1558 2156 particeps
1583 2075 1704 2154 111111,
1732 2096 1792 2141 111
1819 2074 1949 2142 divinae
1976 2097 2054 2141 suae
2075 2076 2209 2141 immor·

203 2164 372 2231 nobiscum
391 2162 506 2242 factis,
528 2182 588 2225 nos
609 2182 720 2226 secum
740 2160 805 2224 Dei
826 2159 910 2225 filios
931 2160 1052 2224 fecerit.
1233 2159 1369 2224 talitatis
1391 2165 1556 2224 consortes
1578 2161 1668 2240 feeit;
1696 2182 1771 2227 cum
1791 2161 1826 2225 in
1847 2162 2043 2227 sacrificium
2069 2184 2104 2227 se
2130 2162 2210 2228 offe-

290 2249 384 2315 Haec
405 2249 516 2313 omnia
533 2247 612 2311 adeo
630 2225 731 2311 sdlide
748 2247 784 2309 in
805 2253 1008 2311 sacramente
1025 2247 1087 2311 isto
1106 2266 1181 2329 pro-
1233 2267 1324 2323 rens,
1352 2245 1613 2311 maledictionem
1638 2247 1673 2310 in
1701 2268 1736 2312 se
1757 2253 1903 2312 nostram
1925 2247 2072 2328 sustulit,
2093 2256 2132 2312 ut
2150 2271 2211 2314 sua

203 2337 395 2414 mittuntur,
423 2341 461 2399 ut
487 2339 575 2399 certo
597 2331 807 2397 statuendum
828 2333 885 2412 sit,
910 2353 988 2397 vere
1010 2332 1103 2396 nobis
1124 2353 1182 2395 ex·
1234 2352 1293 2396 nos
1314 2330 1537 2396 benedictione
1565 2331 1790 2415 perfimderet3
1818 2354 1893 2398 cum
1913 2341 2019 2399 morte
2041 2355 2102 2399 sua
2121 2355 2209 2400 mor-

209 2421 325 2511 hiberi,
343 2441 410 2485 non
428 2416 520 2486 se'cus
539 2440 576 2484 ac
596 2419 624 2482 si
640 2417 793 2483 Christus
809 2418 879 2500 ipse
895 2439 1050 2501 praesens
1070 2439 1181 2499 aspec-
1234 2424 1301 2482 tem
1334 2416 1508 2500 deglutivit
1542 2425 1575 2482 ct
1612 2418 1792 2498 absorbuit;
1830 2440 1907 2485 cum
1941 2420 1977 2484 in
2009 2441 2069 2485 sua
2100 2441 2210 2486 resur-
2320 2438 2322 2441 ·

204 2509 254 2572 tui
269 2513 380 2572 nostro
399 2506 599 2583 obiiceretur,
618 2526 656 2569 ac
673 2504 825 2569 manibus
843 2510 1080 2569 attrectaretur.
1108 2503 1182 2568 Hoc
1221 2504 1377 2579 ,rectione
1399 2524 1531 2568 carnem
1553 2503 1639 2570 hane
1660 2511 1808 2570 nostram
1832 2504 2088 2589 corruptibilem,
2110 2527 2210 2589 quam

204 2594 293 2660 enim
324 2593 461 2658 verbum
493 2612 553 2656 nos
578 2590 756 2667 ludificari,
790 2590 939 2656 11111111Ι
956 2590 1089 2654 mentiri
1115 2610 1182 2654 uon
1232 2587 1398 2667 induerat,
1432 2590 1469 2653 in
1495 2588 1634 2673 gloriam
1666 2597 1699 2654 et
1729 2591 1860 2657 incorru
1882 2593 2003 2656 tionem
2029 2591 2207 2658 suscitarit

111 2749 113 2752 ,
204 2684 325 2764 potest:
349 2678 500 2760 accipite,
523 2677 626 2755 edite,
643 2676 743 2741 bibite
750 2699 759 2756 ;
782 2676 844 2741 hcc
862 2681 912 2740 est
929 2696 1045 2757 corpus
1061 2697 1181 2754 meum,
1235 2673 1486 2741 Sacramentum
1508 2697 1586 2760 ergo
1612 2697 1679 2740 non
1703 2612 1887 2774 11111111κέ
1906 2675 1982 2763 240]
2000 2676 2089 2743 ritae
2110 2673 2208 2742 Chri·

205 2764 291 2849 quod
311 2785 370 2848 pro
392 2764 484 2828 vobis
505 2763 646 2827 traditur
652 2785 660 2841 ;
689 2761 744 2826 hic
761 2769 812 2826 est
829 2762 977 2845 sanguis,
1005 2762 1060 2843 qui
1077 2762 1113 2825 in
1130 2782 1182 2826 re-
1235 2768 1323 2826 stum
1351 2783 1421 2826 esse
1447 2762 1539 2841 facit,
1567 2761 1625 2827 sed
1651 2769 1812 2845 quatenus
1838 2764 1874 2826 in
1899 2763 2091 2828 memoriam
2116 2762 2208 2828 nobis

203 2851 392 2916 missionem
413 2856 621 2932 peccatorum
642 2846 820 2912 effimditur
850 2847 1181 2932 (1111111111.
1235 2854 1366 2912 revocat
1394 2868 1513 2929 panem
1534 2869 1605 2912 esse
1625 2849 1762 2927 factum,
1791 2869 1854 2932 quo
1876 2848 2005 2914 assidue
2029 2864 2209 2928 vescamur,

206 2941 255 3000 14.
278 2937 360 3003 Luc.
381 2939 431 2999 22.
458 2934 567 3000 lCor.
590 2933 654 3016 ll).
688 2931 785 3013 Quod
803 2933 948 3016 accipere
965 2935 1063 3012 iubet,
1082 2934 1183 3016 signi-
1236 2934 1305 2997 eius
1326 2934 1420 3015 panis
1448 2941 1581 3017 gustum
1602 2941 1636 2998 et
1661 2955 1811 3017 saporem
1836 2934 1930 3000 nobis
1956 2934 2098 3017 praebet
2142 2934 2210 2999 De·

201 3023 280 3089 ficet
305 3027 455 3087 nostrum
477 3041 563 3099 essc;
593 3016 633 3105 [p.
652 3017 728 3105 238]
748 3019 834 3101 quod
860 3018 1058 3085 manducare
1083 3020 1182 3098 iubet,
1236 3020 1343 3102 nique,
1365 3019 1459 3085 nobis
1480 3020 1651 3102 pollicetur
1672 3019 1829 3104 quidquid
1849 3021 1926 3086 lecit
1947 3029 2005 3086 aut
2024 3042 2140 3104 passus
2162 3027 2212 3087 est

205 3107 368 3191 signifieat
394 3128 496 3170 unam
522 3105 691 3170 nobiscum
722 3105 939 3171 substantiam
965 3107 1045 3170 fieri
1097 3103 1184 3171 Cum
1237 3104 1403 3183 Christus,
1431 3126 1471 3170 ea
1496 3105 1611 3171 fecisse
1633 3114 1666 3170 et
1691 3127 1824 3190 passum
1846 3128 1917 3171 esse
1937 3108 1973 3172 in
1992 3112 2140 3172 nostram
2161 3108 2211 3173 ri·

206 3191 297 3258 dicit:
324 3192 387 3257 hcc
409 3200 459 3256 est
479 3212 596 3273 corpus
617 3212 743 3269 meum,
774 3190 859 3273 quod
889 3214 948 3274 pro
969 3192 1062 3258 robis
1081 3191 1184 3256 tradi-
1236 3191 1463 3257 vilicationem.
1502 3191 1641 3271 Deinde,
1664 3192 1751 3257 hanc
1769 3192 2023 3258 vivificationem
2044 3199 2213 3258 aeternam

205 3286 274 3358 tur,
303 3278 357 3343 hic
379 3285 429 3342 est
450 3277 583 3360 sanguis
604 3298 697 3340 meus
719 3277 773 3358 qui
799 3298 860 3360 pro
881 3277 973 3342 robis
995 3276 1182 3357 effimditur,
1237 3299 1321 3357 esse,
1346 3298 1411 3360 que
1432 3277 1502 3342 sine
1521 3279 1587 3343 fine
1609 3279 1751 3358 alamur,
1774 3278 2004 3358 sustineamur,
2025 3285 2059 3343 et
2080 3300 2211 3345 conser-

206 3364 299 3430 dooet
331 3385 399 3428 non
425 3369 494 3428 tam
522 3384 581 3428 sua
608 3383 694 3440 esse,
723 3383 822 3444 quam
849 3370 977 3428 nostra:
1006 3384 1089 3445 quae
1118 3385 1184 3428 non
1236 3384 1352 3428 remur
1372 3364 1408 3426 in
1429 3363 1506 3428 rita
1552 3361 1730 3447 Siquidem,
1753 3371 1790 3428 ut
1811 3366 1905 3446 panis
1926 3365 2013 3430 ritae
2034 3364 2128 3430 nobis
2145 3385 2213 3429 non

205 3472 264 3517 111
285 3449 468 3528 commodo,
502 3448 559 3515 sed
584 3449 620 3512 in
648 3447 789 3531 gratiam
811 3470 848 3514 ac
868 3471 941 3513 rem
961 3454 1122 3528 nostram,
1152 3456 1185 3514 et
1235 3449 1350 3514 1111111
1376 3447 1544 3530 Christus,
1571 3450 1637 3515 nisi
1662 3450 1755 3517 nobis
1781 3457 1879 3516 uatus
1901 3472 1939 3516 ac
1961 3456 2110 3516 mortuns
2131 3451 2212 3514 fuis-

205 3537 353 3620 snmpsit,
375 3543 409 3601 et
430 3536 546 3618 posuit.
591 3535 641 3599 Ac
664 3532 837 3617 diligenter
857 3534 988 3617 quidem
1009 3535 1184 3601 observan·
1236 3544 1294 3614 set,
1316 3535 1381 3599 nisi
1402 3535 1495 3600 nobis
1516 3537 1763 3601 resurrexisset:
1787 3536 1835 3601 ita
1854 3537 1989 3602 minime
2011 3557 2099 3602 nune
2116 3542 2210 3614 esset,

206 3621 286 3687 dum
308 3630 371 3701 est,
399 3629 502 3687 totam
523 3621 719 3686 sacramenti
747 3621 914 3704 energiam
939 3621 975 3684 in
1002 3620 1055 3685 his
1076 3621 1185 3686 verbis
1236 3621 1300 3685 nisi
1321 3621 1390 3686 cius
1412 3622 1606 3701 nativitatis,
1629 3623 1760 3701 mertis,
1782 3623 2042 3703 resurrectionis,
2067 3622 2212 3688 efficacia

208 3708 306 3773 sitam
327 3730 411 3773 esse:
441 3707 527 3790 quod
555 3728 614 3789 pro
636 3705 729 3772 robis
751 3706 908 3787 traditur,
936 3707 992 3788 qui
1012 3728 1071 3789 pro
1092 3707 1185 3772 robis
1237 3713 1270 3771 et
1289 3707 1414 3772 fruetus
1435 3729 1488 3773 res
1511 3714 1644 3773 aeterna
1664 3715 1750 3774 esset
1771 3730 1809 3774 ao
1825 3708 2027 3774 immortalis.
2073 3705 2112 3774 Si
2129 3708 2211 3773 haec

208 3792 395 3858 effimditur.
441 3793 573 3875 Alioqui
594 3814 660 3857 nou
688 3813 887 3877 magnopere
911 3793 1004 3857 nobis
1026 3792 1185 3858 conduce-
1236 3794 1287 3858 ris
1320 3795 1515 3859 sacramenti
1552 3815 1611 3876 pro
1643 3794 1803 3879 dignitate
1834 3816 1971 3861 excussa
2003 3814 2212 3878 expensaque

208 3885 274 3958 ret,
308 3900 424 3962 corpus
446 3902 489 3944 ac
522 3879 715 3961 sanguinem
743 3879 878 3945 Domini
910 3901 997 3945 nunc
1025 3878 1184 3960 distribui,
1237 3886 1331 3959 esset,
1354 3879 1433 3944 satis
1455 3902 1616 3964 superque
1642 3881 1798 3960 habebat,
1825 3880 1914 3946 unde
1938 3880 2031 3946 nobis
2051 3881 2131 3945 satis
2150 3880 2210 3946 fie-

209 3964 273 4030 uisi
300 3965 334 4029 in
361 3964 617 4047 redemptionem
644 3986 682 4030 ac
704 3964 844 4029 salutem
870 3971 1016 4030 nostram
1038 3967 1186 4048 exposita
1236 3971 1295 4044 ret,
1314 3987 1375 4031 uec
1392 3966 1552 4032 excitatae
1569 3972 1679 4032 essent
1694 3967 1865 4035 horribiles
1881 3968 1963 4033 istae
1983 3965 2210 4044 dissensiones,

209 4050 311 4116 semel
331 4051 477 4115 firissent.
520 4050 636 4131 Itaque
658 4051 718 4115 sub
740 4071 825 4132 pane
846 4056 880 4114 et
896 4052 973 4116 1111
995 4072 1185 4133 repraeseu-
1237 4051 1354 4134 quibus
1379 4057 1451 4116 tum
1476 4052 1569 4131 olim,
1598 4058 1670 4116 tum
1697 4061 1811 4118 nostra
1837 4048 2016 4119 1111111111
2043 4051 2211 4128 memoria,

209 4141 337 4216 111111,
371 4157 434 4218 quo
461 4134 623 4200 discamus
649 4157 715 4199 nou
742 4134 839 4198 modo
868 4143 981 4200 nostra
1008 4158 1094 4217 esse,
1128 4137 1186 4202 sed
1237 4137 1372 4219 ecclesia
1392 4137 1511 4203 misere
1532 4145 1653 4204 vexata
1674 4148 1737 4219 est;
1766 4139 1846 4203 dum
1867 4140 1985 4204 volunt
2006 4137 2125 4202 curiosi
2151 4137 2212 4203 ho-

143 4261 146 4267 ·
207 4223 302 4287 nobis
324 4244 394 4287 esse
416 4223 451 4286 in
472 4222 575 4285 ritem
596 4242 633 4286 ac
656 4219 855 4285 alimentum.
887 4219 927 4283 Id
948 4221 1104 4306 estquod
1127 4245 1185 4287 an·
1237 4223 1342 4287 mines
1360 4222 1504 4303 definire,
1523 4225 1682 4306 quomodo
1698 4227 1734 4290 in
1750 4246 1836 4308 panc
1853 4246 2007 4309 praecem
2018 4222 2104 4288 adsit
2114 4221 2212 4288 Chri-

209 4315 262 4374 tea
285 4308 526 4383 admonuimus,
555 4306 693 4371 erebus
715 4305 891 4387 corporeis,
920 4327 1002 4388 quae
1023 4309 1059 4371 in
1076 4330 1185 4374 sacra—
1237 4308 1280 4372 sti
1301 4329 1425 4390 corpus.

208 4395 328 4460 mentis
348 4394 571 4476 proferimur,
594 4390 737 4474 quadam
758 4391 924 4474 analogia,
946 4413 1005 4457 nos
1027 4394 1068 4458 ad
1090 4394 1184 4476 spiri-
1321 4393 1405 4474 Alii,
1433 4416 1497 4478 quo
1519 4418 1554 4461 se
1576 4405 1709 4481 argutos
1734 4398 1924 4480 probarent,
1953 4394 2150 4461 addiderunt
2169 4392 2213 4459 ad

210 4480 314 4546 tuales
337 4479 453 4546 deduci
475 4477 600 4543 debere.
635 4474 701 4555 Sic,
724 4498 799 4542 cum
820 4498 939 4561 panem
960 4477 1110 4544 videmus
1126 4501 1185 4544 no-
1237 4481 1416 4563 scripturae
1438 4482 1687 4564 simplicitatem,
1712 4482 1824 4549 adesse
1847 4481 1979 4547 realiter
2000 4503 2037 4546 ac
2060 4479 2212 4546 substan-

208 4565 259 4632 bis
280 4567 316 4630 11
337 4567 469 4651 signum
490 4562 633 4645 corporis
654 4561 779 4627 Christi
801 4564 992 4645 exhibitum,
1016 4564 1097 4630 haec
1118 4572 1185 4630 sta-
1236 4566 1372 4646 tialiter3
1394 4567 1451 4630 alii
1471 4568 1559 4633 ultra
1578 4571 1678 4634 etiam
1697 4569 1862 4653 progressi
1882 4576 1973 4633 sunt:
2002 4566 2118 4632 iisdem
2140 4585 2212 4631 esse

209 4651 270 4714 tim
300 4650 510 4735 concipienda
538 4655 588 4715 est
619 4648 809 4714 similitudo:
840 4657 878 4714 ut
906 4650 1049 4733 corporis
1081 4653 1185 4717 nostri
1236 4652 1500 4733 dimensionibus,
1522 4656 1640 4738 quibus
1660 4657 1697 4720 in
1718 4677 1813 4721 cruce
1830 4653 2007 4738 pendebat;
2029 4653 2086 4718 elii
2102 4649 2211 4735 prodi-

209 4737 313 4802 vitam
333 4739 428 4821 panis
451 4736 517 4815 alit,
541 4735 688 4815 sustinet,
710 4742 830 4816 tuetur,
852 4737 900 4800 ita
921 4757 1037 4818 corpus
1060 4735 1185 4804 Christi
1236 4740 1361 4822 giosam
1381 4741 1780 4808 hanssubstantiationem
1806 4741 2048 4824 excogitanmt3
2076 4739 2131 4804 alii
2151 4759 2211 4821 pa·

208 4822 296 4888 ritae
318 4830 448 4889 nostrae
470 4820 647 4906 spiritualis
669 4823 778 4888 cibum
795 4844 832 4888 ac
852 4823 1086 4905 protectionem
1103 4846 1182 4890 esse.
1236 4846 1329 4904 nem,
1356 4825 1464 4908 ipsum
1486 4849 1557 4894 esse
1579 4849 1710 4910 corpus;
1739 4827 1809 4907 alii,
1838 4826 1898 4892 sub
1948 4847 2010 4891 ane
2032 4847 2117 4905 essc;
2144 4823 2209 4901 alii,

209 4906 660 5009 Cumrinuminsymbolum
672 4908 856 4993 sanguinis„
869 4907 1086 4991 cogitandum,
1104 4932 1185 4994 quos
1236 4913 1367 4996 signum
1384 4917 1513 4978 tantum
1533 4921 1567 4979 et
1587 4916 1729 4998 figurem
1750 4913 1893 4996 corporis
1913 4847 1953 4998 ὖ
1967 4909 2043 4998 141]
2062 4911 2209 4994 proponi.

209 4996 336 5077 corpori
362 5018 441 5060 usus
467 5016 582 5061 rmum
604 4995 733 5073 afferat,
761 5003 799 5058 11
821 4992 951 5058 eosdem
973 4995 1185 5078 spiritualiter
1235 4997 1304 5062 Res
1321 4995 1445 5063 scilicet
1465 4998 1574 5084 digne,
1597 4999 1638 5065 de
1654 5021 1719 5082 qua
1736 5006 1828 5065 tanta
1846 5007 1880 5065 11
1895 4999 2071 5065 verborum
2088 5002 2122 5061 et
2138 4995 2210 5060 ani·

209 5079 301 5145 nobis
324 5080 449 5146 Christi
471 5081 629 5164 sangiune
651 5079 762 5144 afferri
783 5086 978 5163 reputemus.
1018 5078 1106 5147 Srmt
1125 5104 1183 5148 au·
1235 5104 1364 5147 morum
1390 5088 1596 5152 contentione
1621 5085 1826 5169 disceptetur.
1876 5083 1933 5151 Sic
1960 5082 2092 5168 quidem
2111 5080 2213 5165 vulgo

208 5171 289 5229 tem:
310 5168 515 5246 confirmare,
537 5167 686 5244 reficere,
709 5164 902 5230 exhilarare.
923 5164 1184 5255 4[1.111]Ν111
1236 5169 1448 5234 existimatur.
1502 5169 1570 5237 Sed
1591 5173 1647 5255 qui
1668 5173 1715 5237 ita
1735 5172 1896 5250 sentiunt,
1918 5191 1985 5236 non
2004 5167 2211 5234 animadver-

208 5251 237 5315 si
264 5253 343 5318 satis
370 5252 614 5336 perpendimus,
642 5249 839 5335 quidnobis
866 5254 1064 5322 sacrosancti
1085 5255 1184 5322 huius
1234 5262 1318 5335 tunt,
1339 5253 1445 5337 primo
1466 5256 1536 5323 loco
1557 5257 1779 5341 quaerendum
1800 5258 1908 5337 brisso,
1933 5254 2093 5340 quomodo
2113 5252 2211 5321 Chri-
