4770 6030
2118 288 2123 319 ’
2172 330 2241 392 666

1864 439 2241 509 A26831337130372.

228 519 457 601 promissiones
487 538 569 598 quae
592 524 765 581 testentur:
794 519 879 581 iacta
908 539 1005 599 super
1026 517 1205 580 Dominum
1259 537 1367 592 cessu,
1398 523 1469 579 tum
1495 517 1531 579 in
1558 515 1754 580 adversitate
1782 427 1953 598 patiiantia,
1988 523 2059 578 tum
2080 517 2180 579 etiam
2201 517 2241 580 in

230 626 342 669 curam
364 612 470 679 tuam,
493 610 527 666 et
548 604 617 684 ipse
640 611 672 666 te
695 604 850 676 enutriet,
875 625 934 667 nec
955 603 1123 684 permittet
1144 625 1205 665 un·
1258 609 1424 683 posterum
1446 601 1646 667 incredibilis
1667 603 1832 666 securitas.
1873 599 2042 683 Quidquid
2064 623 2141 684 crgo
2159 624 2239 684 pro·

229 712 327 771 quam
354 690 505 753 fluctuari
533 690 655 752 iustum
683 688 949 772 (Ρ661.05,23);
982 689 1136 769 quoniam
1159 687 1206 750 illi
1258 708 1351 768 spere
1386 695 1481 768 atque
1514 710 1556 750 ex
1583 688 1685 750 animi
1707 689 1868 752 sententia
1895 688 2036 764 eveniet,
2069 687 2102 750 id
2129 694 2240 752 totum

229 796 325 839 curae
348 797 460 838 sumus
483 775 515 857 (1
537 775 626 838 Ρ611.
647 779 675 853 5,
699 776 749 858 7),
771 775 826 856 qui
845 774 973 838 habitat
994 775 1028 836 in
1047 773 1205 837 adiutorio
1259 780 1427 854 acceptrun
1452 773 1523 836 Deo
1550 773 1682 851 referet,
1712 774 1780 837 sive
1801 795 1860 855 per
1889 773 2068 836 hominum
2086 774 2238 837 ministe-

229 860 394 938 altissimi,
435 861 470 922 in
507 861 705 942 protectione
738 862 802 924 Dei
840 860 921 924 coeli
953 859 1206 924 commorabitur
1258 859 1344 922 rium
1366 860 1505 923 senserit
1526 859 1595 922 eius
1617 860 1874 936 beneficentiam,
1897 859 1966 924 sive
1985 859 2025 923 ab
2043 859 2237 924 inanimatis

168 995 175 1016 .
229 944 471 1030 (Ρ661.01,1);
499 947 554 1027 qui
581 947 689 1028 tangit
711 968 784 1024 vos,
812 947 918 1027 tangit
940 945 1098 1027 pupillam
1120 945 1205 1008 oculi
1258 946 1416 1008 creaturis
1446 944 1576 1008 adiutus
1603 945 1709 1008 fuerit.
1762 943 1818 1008 816
1847 945 1935 1008 enim
1969 945 2133 1025 reputabit
2158 966 2237 1009 cum
2315 1003 2320 1010 .

228 1032 293 1094 mei
316 1030 548 1114 (Ζ6611.2,8);
572 1053 626 1095 616
649 1032 782 1115 clypeus
804 1040 890 1110 tuus,
913 1053 1028 1095 murus
1051 1031 1203 1107 aheneus,
1258 1030 1366 1092 animo
1393 1052 1465 1095 suo:
1496 1038 1583 1095 certe
1611 1031 1774 1094 Dominus
1802 1039 1852 1094 cst
1876 1031 1931 1112 qui
1954 1029 1996 1093 61
2021 1052 2074 1095 me
2095 1031 2236 1095 istorum

229 1116 478 1181 adversantibus
501 1118 560 1181 tibi
587 1117 783 1181 adversabor
809 1117 886 1200 (Ios.
905 1121 954 1191 20,
976 1117 1010 1200 2)
1017 1141 1025 1195 3
1056 1117 1154 1179 ctiam
1177 1117 1204 1180 si
1257 1116 1383 1179 animos
1409 1116 1596 1193 inclinavit,
1630 1117 1685 1197 qui
1713 1115 1794 1179 mihi
1818 1116 2052 1198 adglutinavit,
2086 1124 2125 1180 ut
2153 1138 2235 1181 suas

214 1209 335 1266 ‘mater
362 1203 572 1267 obliviscatur
604 1203 760 1281 filiorum,
793 1225 859 1267 non
892 1209 1004 1267 tamen
1031 1201 1205 1274 obliviscar
1257 1222 1336 1282 erga
1362 1223 1415 1265 me
1443 1201 1656 1284 benignitatis
1685 1203 1904 1266 instrumenta
1931 1202 2043 1266 forent
2095 1202 2137 1266 In
2163 1203 2234 1266 fru-

228 1289 277 1351 tui
301 1288 533 1371 (16640111).
564 1286 1204 1372 (116116110111666116611116661666·
1255 1307 1336 1369 gum
1365 1288 1566 1352 abundantia
1587 1288 1754 1372 cogitabit,
1789 1288 1970 1352 Dominum
1992 1309 2063 1352 esse
2084 1289 2139 1370 qui
2160 1310 2233 1353 coe-

228 1395 290 1456 pus
311 1375 348 1437 iu
370 1374 513 1438 historiis
536 1374 674 1452 biblicis,
703 1382 740 1437 ut
762 1374 899 1438 doceant
920 1381 1012 1437 tanta
1033 1372 1204 1437 sedulitate
1256 1371 1325 1435 lum
1348 1374 1494 1450 exaudit,
1518 1381 1555 1437 ut
1579 1375 1704 1439 coelum
1726 1373 1881 1438 61611161
1902 1382 2040 1450 terram,
2061 1375 2133 1455 ipsa
2154 1395 2234 1456 quo-

229 1461 300 1524 vias
323 1470 510 1523 sanctorum
531 1460 687 1523 custodiri
710 1482 729 1523 a
751 1461 907 1537 Domino,
937 1467 974 1522 ut
994 1481 1036 1522 nc
1059 1458 1100 1522 ad
1121 1459 1204 1540 lapi·
1256 1479 1319 1538 que
1341 1459 1495 1523 61611161
1516 1480 1591 1524 suos
1612 1461 1733 1538 foetus;
1756 1460 1791 1522 in
1813 1460 1886 1524 aliis
1908 1481 1976 1523 non
1999 1459 2160 1524 dubitabit
2177 1460 2234 1524 be·

230 1544 304 1608 dem
332 1544 462 1626 quidem
489 1546 681 1627 impingant.
735 1544 932 1627 Quanquam
958 1562 1050 1629 itaquo
1088 1545 1204 1608 merito
1256 1543 1473 1608 ncdictionem
1494 1546 1628 1609 Domini
1650 1545 1752 1610 solam
1774 1566 1859 1624 6666,
1882 1545 2077 1628 quaomnia
2099 1566 2233 1628 prospe·

231 1651 330 1711 supra
351 1631 435 1693 mihi
455 1631 589 1712 permisi
608 1631 781 1713 explodere
802 1653 913 1695 eorum
931 1631 1125 1711 opinionem,
1148 1630 1203 1711 qui
1257 1637 1372 1692 rentur
1379 1653 1386 1707 ;
1408 1653 1469 1695 nec
1491 1637 1539 1693 161
1560 1631 1666 1695 661616
1689 1630 1882 1708 admonitus,
1902 1633 2052 1714 ingratus
2070 1653 2140 1696 6666
2159 1654 2232 1697 616-

230 1716 451 1780 univcrsalem
464 1717 528 1780 Dei
546 1715 787 1797 pretddcntiam
804 1717 1103 1793 comminiscuntur,
1122 1736 1204 1797 quae
1257 1714 1381 1791 tinebit.

230 1823 296 1864 non
320 1803 487 1883 speciatim
509 1801 550 1865 ad
573 1824 685 1865 curam
707 1803 959 1883 uniuscuiusque
982 1807 1148 1864 creaturae
1170 1823 1205 1865 sc
1344 1805 1393 1863 47.
1440 1799 1478 1864 81
1500 1801 1630 1866 adversi
1651 1801 1729 1883 quid
1750 1802 1932 1884 contigerit,
1956 1802 2117 1885 extemplo
2138 1824 2233 1866 men-

230 1887 394 1966 demittat,
427 1888 462 1950 in
495 1888 610 1968 primis
638 1894 748 1952 tamen
777 1887 950 1969 specialem
978 1887 1063 1951 11616
1092 1908 1205 1951 curam
1257 1892 1324 1948 tem
1346 1886 1400 1950 hic
1422 1908 1547 1968 quoque
1570 1887 1703 1951 extollet
1724 1889 1760 1951 in
1782 1888 1973 1951 Dominum:
2000 1889 2090 1953 cuius
2111 1909 2233 1954 manus

231 1994 309 2055 erga
337 1994 396 2036 nos
430 1979 658 2055 recognoscere
691 1995 806 2055 operae
834 1974 977 2056 pretium
1007 1981 1063 2036 661.
1109 1972 1205 2037 Unde
1258 1970 1299 2034 ad
1319 1973 1512 2052 patientiam
1531 1973 1755 2055 placidamque
1778 1974 1878 2036 animi
1900 1972 2155 2038 moderationem
2172 1996 2233 2038 no-

231 2057 393 2133 Christus,
416 2058 471 2122 ubi
491 2060 629 2122 66661111
647 2059 780 2143 (Matth.
805 2064 852 2138 10,
872 2059 928 2142 20)
951 2081 992 2122 16
1010 2059 1205 2122 vilissimum
1257 2056 1306 2120 bis
1339 2057 1590 2138 imprimendam
1623 2059 1712 2123 valet
1740 2059 1927 2141 plurimum.
1978 2056 2017 2122 Si
2048 2060 2170 2142 Ioseph
2196 2061 2234 2125 in

229 2143 361 2225 quidem
376 2145 610 2225 ¹passerculum
637 2145 671 2208 in
694 2154 816 2209 terram
839 2144 985 2209 decidere
1009 2145 1079 2208 sine
1101 2144 1204 2226 patris
1257 2144 1518 2224 recognoscenda
1554 2144 1693 2208 fratrum
1731 2143 1867 2226 perfidia
1906 2144 2099 2210 immoratus
2137 2153 2233 2226 esset,

228 2229 407 2307 voluntate,
430 2230 495 2294 huc
517 2231 629 2293 statim
650 2231 799 2312 applicat,
823 2238 860 2294 ut
881 2252 943 2312 qno
966 2230 1068 2312 pluris
1091 2251 1203 2293 sumus
1257 2250 1426 2310 nunquam
1453 2230 1633 2293 fraternum
1653 2231 1813 2312 potuisset
1838 2231 1873 2292 in
1895 2251 1949 2293 666
1978 2231 2125 2294 animum
2151 2232 2234 2297 reci-

228 2316 423 2396 passcribus,
446 2336 483 2378 eo
505 2316 653 2379 interiori
674 2337 753 2381 cura
770 2323 960 2399 reputemus
977 2317 1088 2379 Deum
1108 2316 1203 2379 nobis
1256 2334 1341 2394 pere.
1388 2312 1631 2396 sedquoniam
1660 2325 1804 2380 mentem
1827 2315 1869 2378 ad
1890 2316 2072 2380 Dominum
2093 2319 2231 2396 16116111,

813 327 1078 394 ΙΝ8ΤΙΤΠΤΙΟ
1100 329 1204 392 RDL.
1229 327 1409 393 CHRIST.
1434 332 1664 396 1539-1554.

229 333 292 394 895
358 280 382 433 r·

228 2401 422 2483 prospicere,
445 2422 482 2464 66
505 2401 661 2483 eo'usque
686 2403 792 2484 ipsam
814 2400 978 2479 extendit,
1002 2408 1040 2464 ut
1061 2400 1203 2465 confida-

228 2507 303 2550 mus
323 2485 455 2567 capillos
473 2487 589 2568 capitis
607 2489 711 2551 nostri
729 2494 918 2552 numeratos
936 2508 1006 2552 esse
1025 2486 1115 2570 (ibid.
1137 2489 1201 2568 30).

184 2650 191 2657 1
230 2568 319 2650 Quid
341 2571 434 2635 nobis
454 2570 543 2634 aliud
565 2581 722 2654 optemus,
746 2575 774 2637 si
795 2595 856 2639 nec
878 2596 964 2637 unus
987 2595 1004 2637 6
1027 2574 1131 2655 capite
1153 2573 1203 2655 pi·

228 2655 280 2721 lus
302 2656 444 2720 defluere
465 2665 580 2738 potest,
603 2660 667 2722 nisi
690 2681 731 2723 cx
754 2660 823 2724 cius
847 2657 1036 2724 voluntate?

315 2746 365 2805 46.
410 2742 474 2806 His
495 2750 567 2806 tum
594 2746 777 2826 promissis,
809 2752 882 2809 tum
904 2743 1063 2827 exemplis
1086 2744 1204 2808 confir·

228 2835 338 2892 matus
360 2828 425 2891 Dei
447 2850 572 2907 servus,
596 2830 754 2914 adiunget
776 2832 964 2896 testimonia
984 2851 1073 2913 quae·
1088 2829 1205 2893 docent

229 2914 289 2978 sub
311 2913 447 2977 Domini
469 2919 628 2995 potestate
646 2911 716 2981 esse
738 2939 851 2981 omncs
873 2917 1036 2994 homines,
1060 2916 1128 2978 sive
1150 2934 1204 2977 eo-

228 3021 304 3062 rum
326 2999 520 3063 concih'andi
540 3008 618 3065 suut
640 3004 755 3082 animi,
777 3004 845 3067 sive
868 3001 1048 3067 cohibenda
1069 3000 1203 3079 malitia,

229 3105 271 3147 ne
293 3084 378 3165 quid,
398 3094 522 3149 noceat.
566 3088 730 3152 Dominus
758 3089 933 3164 61111661,
956 3088 1011 3169 qui
1034 3086 1090 3149 dat
1110 3085 1204 3149 nobis

231 3170 381 3252 gratiam,
404 3191 471 3233 non
493 3171 580 3253 apud
601 3194 655 3237 cos
677 3175 772 3238 modo
794 3176 849 3256 qui
865 3174 959 3238 nobis
981 3173 1063 3237 bene
1081 3171 1203 3246 volunt,

230 3254 408 3318 sedetiam
430 3257 466 3318 in
488 3257 588 3322 oculis
611 3261 862 3343 Aegyptiorum3
886 3259 1028 3323 hostium
1045 3278 1122 3320 vero
1145 3277 1204 3319 no·

230 3347 372 3404 61161111
400 3342 641 3423 improbitatem
668 3346 819 3428 frangere
846 3345 947 3408 variis
975 3342 1080 3408 modis
1102 3343 1201 3406 novit.

228 3425 400 3490 Interdum
433 3428 520 3491 enim
548 3437 692 3492 mentem
720 3431 785 3494 illis
808 3429 936 3506 adimit,
966 3451 1009 3493 ne
1031 3428 1109 3510 quid
1131 3428 1204 3493 sani

229 3513 370 3578 sobriive
392 3514 519 3577 consilii
538 3536 653 3596 capere
670 3524 792 3597 queant
799 3540 807 3595 ;
830 3515 968 3597 qualiter
985 3523 1135 3579 satanam
1155 3514 1204 3577 di-

228 3599 332 3660 mittit
354 3599 386 3680 (l
407 3599 490 3682 Reg.
510 3603 560 3679 22,
580 3600 645 3685 22),
669 3602 724 3683 qui
741 3599 910 3666 mendacio
928 3601 1064 3684 impleat
1081 3622 1117 3665 os
1134 3621 1203 3663 om-

230 3685 323 3746 nium
350 3684 585 3766 prophetarum
615 3687 655 3750 ad
685 3687 911 3770 decipiendum
932 3687 1049 3753 Achab
1056 3710 1063 3766 ;
1092 3687 1203 3750 116116-

229 3768 324 3832 bearn
345 3771 479 3834 iuvenili
502 3772 635 3836 consilio
654 3773 820 3838 dementat
846 3772 936 3857 (ibid.
960 3778 1006 3851 12,
1029 3771 1203 3855 106115),

231 3861 269 3917 11
295 3875 396 3936 regno
423 3876 481 3938 per
508 3878 601 3921 snam
629 3860 801 3923 stultitiam
829 3860 992 3941 spolietur.
1043 3859 1203 3922 Nonnun-

231 3960 329 4021 quam
362 3941 418 4004 ubi
451 3949 594 4006 mentem
623 3945 688 4010 illis
715 3945 877 4022 concedit,
912 3946 959 4008 ita
986 3946 1146 4010 absterret
1172 3950 1205 4007 61

230 4025 405 4104 exanimat,
428 4049 469 4091 ne
491 4028 524 4091 id
546 4029 632 4111 quod
653 4037 870 4115 conceperunt
886 4031 990 4095 velint
1007 4038 1064 4094 611
1080 4030 1204 4094 machi-

230 4119 359 4175 nentur.
403 4112 576 4191 Interdum
598 4117 710 4194 ctiam,
738 4118 795 4181 ubi
817 4119 927 4181 conari
949 4117 1097 4199 permisit
1118 4115 1204 4197 quod

229 4196 330 4261 libido
353 4205 385 4260 ct
407 4200 513 4264 rabies
536 4201 700 4280 suadebat,
724 4204 864 4284 impetus
890 4224 1002 4266 eorum
1023 4209 1204 4283 opportuno

231 4282 410 4365 abrumpit,
434 4306 493 4350 nec
515 4286 594 4350 sinit
616 4287 657 4350 ad
678 4291 780 4353 finem
801 4310 903 4370 usquc
924 4287 1098 4370 procedere
1119 4285 1204 4369 qued

228 4369 413 4434 instituunt.
459 4368 516 4435 Sic
538 4374 709 4437 consilium
731 4374 942 4457 Achitophel,
965 4372 1050 4456 quod
1072 4371 1203 4436 exitiale

227 4453 350 4519 Davidi
367 4456 515 4519 futurum
533 4468 611 4536 erat,
632 4469 708 4523 ante
726 4465 855 4541 tempus
873 4460 1042 4542 dissipavit
1065 4459 1098 4539 (2
1112 4455 1201 4522 Sam.

231 4543 280 4616 17,
300 4544 317 4600 7
338 4548 370 4604 61
396 4541 459 4626 14).
505 4541 562 4608 816
596 4551 629 4607 61
661 4551 826 4609 creaturas
859 4566 971 4609 omnes
1002 4546 1037 4607 11
1069 4565 1203 4607 suorum

227 4624 350 4688 bonum
372 4648 410 4691 ac
431 4627 570 4692 salutem
592 4631 756 4694 moderari
778 4631 807 4693 ei
830 4652 928 4694 61166
949 4636 1013 4705 661,
1036 4651 1073 4694 66
1092 4627 1202 4693 diabo-

228 4709 299 4773 lum
331 4713 429 4775 etiam
461 4714 583 4794 ipsum,
612 4737 708 4797 quem
734 4717 948 4798 conspicimus
976 4715 1059 4777 nihil
1087 4736 1202 4778 ausum

227 4795 327 4860 fuisse
349 4805 475 4862 tentare
497 4799 671 4864 adversum
692 4802 767 4878 Iob,
796 4802 865 4866 sine
893 4800 1055 4882 permissu
1075 4801 1145 4865 cius
1165 4822 1202 4866 ac

227 4881 381 4946 mandato
405 4885 486 4968 (Iob.
510 4891 536 4962 l,
559 4887 621 4970 12).
665 4887 763 4951 Hanc
784 4887 932 4950 notitiam
952 4888 1134 4951 necessario
1152 4909 1202 4952 se-

228 4967 338 5047 quitur
360 4975 431 5032 tum
453 4971 554 5033 animi
577 4973 741 5054 gratitudo
762 4973 797 5037 in
818 4993 972 5055 prospero
997 4994 1108 5036 rerum
1131 4993 1202 5037 616-

298 5241 328 5308 1)
346 5242 415 5306 Quin
434 5243 516 5295 ctiam
535 5243 603 5298 1550
620 5221 689 5315 seqq.

1256 2399 1375 2463 oblitus
1403 2401 1555 2478 iniuriae,
1586 2401 1628 2465 ad
1655 2401 1938 2465 mansuetudinem
1966 2422 2003 2465 ac
2027 2402 2236 2468 clementiam

1255 2485 1431 2551 inclinatus
1459 2496 1522 2564 661,
1552 2493 1590 2551 11
1611 2487 1729 2552 fratres
1755 2488 1854 2552 ctiam
1880 2486 1966 2550 ultro
1989 2487 2166 2566 solaretur,
2197 2511 2235 2554 66

1257 2570 1393 2636 diceret:
1417 2594 1482 2635 non
1504 2595 1561 2636 vos
1582 2574 1660 2638 estis
1682 2574 1738 2655 qui
1760 2595 1813 2637 me
1835 2572 2029 2636 vendidistis
2046 2574 2082 2637 11
2100 2574 2234 2657 Aegyp-

1256 2664 1342 2735 tmn,
1373 2658 1430 2722 scd
1452 2659 1516 2722 Dei
1542 2658 1712 2723 voluntate
1739 2659 1937 2741 praemissus
1965 2681 2039 2722 sum
2061 2666 2135 2722 6116
2163 2680 2232 2738 vos,

1256 2749 1294 2805 ut
1321 2744 1422 2808 vitam
1450 2745 1542 2809 vobis
1570 2765 1805 2810 conservarem.
1856 2745 1925 2808 Vos
1953 2743 2082 2826 quidem
2109 2745 2233 2827 cogita>

1257 2827 1316 2892 stis
1340 2827 1378 2892 de
1405 2850 1458 2893 me
1482 2829 1622 2908 malum,
1651 2831 1708 2895 sed
1730 2830 1891 2895 Dominus
1914 2831 2074 2893 convertit
2094 2829 2174 2892 illud
2196 2832 2235 2895 in

1258 2914 1379 2977 bonnm
1402 2914 1501 2998 (Gen.
1521 2920 1572 2993 45,
1593 2916 1637 3000 8).
1683 2915 1800 2981 81161)
1828 2915 1870 2980 61
1892 2914 2076 2980 Chaldaeos
2098 2921 2241 2980 accon?

1256 3000 1410 3063 vertisset
1432 3001 1589 3082 aquibus
1611 3001 1807 3080 vexabatur,
1838 3003 1949 3066 statim
1971 3022 2125 3066 accensus
2148 3009 2236 3066 essct

1258 3084 1299 3148 ad
1317 3085 1512 3166 vindictam
1531 3086 1588 3151 sed
1606 3089 1683 3170 quia
1700 3109 1781 3169 opus
1791 3088 1925 3151 Domini
1944 3087 2041 3150 simul
2059 3109 2219 3171 recognos

1258 3171 1317 3248 cit,
1355 3179 1459 3236 semet
1495 3172 1716 3255 pulcherrima
1748 3173 1805 3237 illa
1836 3174 1999 3236 sententia
2031 3172 2234 3238 consolatur:

1256 3257 1420 3332 Dominus
1448 3258 1551 3336 dedit,
1580 3260 1743 3323 Dominus
1770 3250 1921 3335 abstulit,
1951 3259 1993 3321 sit
2020 3280 2140 3322 nomen
2163 3260 2235 3322 Do-

1256 3343 1340 3405 mini
1360 3343 1576 3409 benedictum.
1629 3342 1685 3409 Sic
1706 3344 1817 3408 David
1843 3344 1992 3408 convitiis
2015 3352 2048 3408 et
2069 3344 2235 3426 lapidibus

1257 3449 1277 3491 a
1299 3425 1410 3492 861161
1431 3429 1609 3511 impetitus,
1632 3431 1658 3494 si
1681 3423 1906 3494 inhominem
1928 3430 2095 3494 defixisset
2111 3430 2233 3508 oculos,

1257 3512 1298 3576 ad
1316 3513 1531 3578 retaliandam
1548 3516 1702 3584 iniuriam
1720 3538 1794 3580 suos
1813 3516 2004 3594 animasset;
2022 3538 2138 3580 verum
2156 3517 2235 3598 quia

1255 3621 1322 3662 non
1343 3600 1412 3664 sine
1437 3601 1573 3664 Domini
1601 3609 1691 3665 motu
1712 3601 1807 3665 illum
1834 3623 1931 3684 agere
1959 3601 2128 3683 iutelligit,
2158 3602 2233 3666 illos

1254 3686 1363 3767 potius
1384 3687 1520 3769 mitigat.
1566 3685 1671 3752 Sinite
1694 3709 1777 3766 eum,
1800 3685 2072 3770 116111(28611.
2096 3691 2143 3764 16,
2166 3686 2232 3769 10),

1256 3771 1331 3853 quia
1358 3772 1521 3837 Dominus
1550 3775 1579 3838 61
1608 3775 1787 3856 praecepit,
1809 3780 1847 3837 ut
1868 3772 2049 3837 maledicat.
2095 3772 2234 3836 811111-

1256 3857 1324 3919 lum
1346 3857 1508 3923 efficacius
1529 3865 1580 3923 est
1600 3860 1668 3923 irae
1686 3869 1783 3942 atque
1800 3859 2021 3941 impatientiae
2038 3858 2233 3938 remedium,

1256 3964 1322 4005 161
1342 3964 1459 4025 parum
1480 3951 1567 4010 certe
1588 3946 1732 4027 profecit,
1756 3947 1811 4027 qui
1833 3944 1897 4009 Dei
1919 3943 2158 4026 providentiam
2181 3943 2234 4008 di·

1256 4027 1335 4096 dicit
1355 4029 1391 4092 in
1411 4030 1473 4095 hac
1493 4037 1585 4112 parte
1608 4031 1690 4095 bene
1712 4030 1872 4106 meditari,
1895 4038 1933 4093 ut
1953 4031 2055 4112 possit
2077 4051 2114 4093 eo
2136 4051 2234 4093 1161-

1256 4120 1323 4177 tem
1353 4135 1481 4196 semper
1509 4137 1676 4181 revocare:
1705 4118 1868 4182 Dominus
1888 4115 2005 4191 voluit,
2027 4115 2099 4178 ideo
2122 4116 2234 4179 16161-

1256 4199 1335 4262 1111
1357 4207 1421 4281 661;
1453 4223 1521 4265 161
1552 4201 1648 4266 modo
1674 4204 1749 4284 quia
1776 4201 1929 4266 reluctari
1956 4223 2022 4265 161
2054 4201 2143 4278 11661,
2172 4201 2234 4265 661

1255 4286 1331 4368 quia
1352 4287 1437 4350 nihil
1460 4287 1539 4365 vult,
1562 4288 1626 4350 nisi
1646 4288 1731 4371 quod
1753 4297 1786 4352 61
1806 4289 1930 4352 iustum
1952 4287 1995 4351 sit
2013 4293 2048 4351 et
2068 4285 2232 4368 expediat

1341 4377 1392 4436 48.
1438 4370 1532 4452 Quae
1562 4394 1661 4438 66166
1688 4382 1737 4439 661
1764 4396 1823 4439 611
1845 4381 1914 4436 tam
1934 4373 2070 4438 sollicite
2099 4371 2140 4436 ad
2167 4372 2233 4438 hoc

1255 4458 1459 4540 probandum
1486 4459 1648 4541 scriptura
1669 4460 1851 4536 incumbat,
1880 4466 1917 4522 ut
1937 4480 2039 4540 quum
2059 4458 2235 4522 denuntiat

1255 4545 1357 4607 Amos
1380 4545 1424 4630 (3,
1445 4543 1489 4628 6),
1511 4566 1578 4609 non
1598 4546 1666 4610 fore
1687 4546 1810 4610 malum
1828 4546 1863 4607 11
1886 4545 2018 4609 civitate
2035 4543 2120 4625 quod
2137 4544 2233 4609 Deus

1254 4650 1320 4692 non
1353 4630 1479 4708 fecerit3
1519 4637 1556 4694 11
1589 4652 1689 4713 quum
1722 4630 1836 4695 acerbe
1873 4630 2042 4712 redarguit
2072 4629 2232 4695 Ieremias

1255 4715 1391 4798 (Thren.
1412 4721 1441 4792 3,
1462 4717 1517 4800 37)
1545 4739 1600 4782 666
1627 4718 1683 4799 qui
1716 4717 1847 4781 evenire
1880 4715 2002 4798 aliquid
2035 4715 2232 4780 calamitatis

1254 4802 1414 4884 putabant
1434 4803 1578 4866 Domino
1606 4823 1671 4866 non
1700 4802 1840 4866 iubente.
1886 4801 1973 4865 Nam
1996 4803 2023 4866 si
2045 4823 2103 4885 per
2124 4801 2232 4864 homi-

1255 4909 1313 4952 166
1339 4889 1535 4972 infliguntur
1562 4888 1663 4965 mala,
1695 4887 1848 4952 dicuntur
1874 4887 1922 4951 illi
1944 4909 2014 4952 esse
2037 4887 2233 4954 sanctificati

1255 4972 1296 5036 ad
1326 4994 1406 5057 opus
1434 4974 1569 5038 Domini
1598 4973 1843 5057 exsequendum
1850 4996 1858 5051 ;
1886 4981 2109 5054 vocanturque
2136 4973 2231 5051 retia,

1255 5059 1355 5141 gladii
1381 5067 1414 5125 et
1442 5081 1585 5136 secures,
1614 5081 1697 5141 quae
1722 5081 1823 5124 manu
1845 5060 1916 5122 cius
1946 5057 2144 5140 dirigantur3
2178 5078 2231 5121 or-

1254 5166 1340 5228 gana
1366 5147 1447 5210 item
1468 5147 1536 5209 irae
1557 5146 1706 5224 Domini,
1733 5166 1816 5228 quae
1844 5143 1938 5208 sibilo
1960 5144 2030 5207 eius
2053 5143 2119 5207 solo
2142 5144 2232 5208 exci-

1253 5238 1366 5295 tentur
1383 5231 1460 5317 (Ios.
1483 5235 1531 5310 13,
1552 5234 1579 5295 3.
1602 5232 1662 5329 Ea.
1681 5235 1729 5311 12,
1751 5234 1790 5294 13
1808 5239 1842 5295 61
1862 5233 1910 5307 17,
1930 5232 1980 5294 20.
1999 5229 2087 5294 Psal
2109 5233 2158 5308 17,
2181 5232 2229 5293 13.
