4732 6030
222 363 288 426 915

223 546 413 634 superavit?
463 544 554 628 Ergo
587 545 614 609 si
642 542 823 608 minutulas
851 544 932 608 istas
959 542 1106 627 argutias
1131 562 1200 607 sec·

222 642 349 702 tantur:
376 633 496 696 mortui
517 651 577 712 pro
598 629 785 695 viventibus
806 629 1026 708 intercedunt,
1046 629 1200 710 quoniam

224 723 307 787 dixit
327 718 504 794 Dominus,
534 718 560 781 si
583 717 840 795 intercesserint;
871 736 931 798 ego
958 715 1055 798 longe
1077 715 1199 796 specio-

223 809 289 874 sius
312 803 566 887 argumentabor
587 802 730 866 1111000
751 801 897 865 modum:
921 803 956 864 in
975 812 1121 865 extrema
1141 820 1199 882 po-

222 892 292 977 puli
314 891 506 956 necessitate
529 888 635 952 Moses
656 901 724 952 non
744 887 979 965 intercedebat,
1004 887 1044 950 de
1065 906 1128 968 quo
1151 885 1199 949 di-

222 980 322 1056 citur,
352 977 380 1040 si
400 975 635 1040 intercesserit:
672 995 749 1056 ergo
776 974 941 1037 neminem
970 973 1072 1036 alium
1096 974 1198 1036 inter-

164 1112 166 1119 .
222 1064 336 1130 cedere
365 1060 542 1126 verisimile
565 1062 616 1137 fit,
648 1081 750 1141 quum
769 1080 881 1123 omnes
904 1081 924 1122 a
945 1059 1053 1137 Mose,
1081 1058 1199 1122 huma-

221 1151 324 1214 nitate
355 1155 388 1213 et
409 1147 568 1225 bonitate,
597 1145 710 1228 procul
732 1146 848 1209 absint.
893 1144 933 1208 Id
955 1145 1078 1209 scilieet
1098 1143 1199 1208 cavil-

221 1236 319 1300 lando
339 1239 591 1314 consequuntur,
610 1238 647 1295 ut
663 1232 703 1295 110
722 1232 822 1296 armis
839 1230 1063 1308 vulnerentur,
1081 1230 1199 1311 quibus

222 1343 257 1388 00
284 1319 421 1402 pulchre
447 1319 589 1382 munitos
621 1317 788 1399 putabant.
838 1316 885 1380 At
911 1336 989 1380 vero
1018 1316 1199 1397 simplicem

222 1405 419 1472 sententiam
451 1405 499 1469 sic
538 1403 759 1484 contorqueri,
799 1402 896 1466 valde
928 1401 1102 1466 ridiculum
1135 1408 1197 1464 est:

222 1494 298 1575 quia
320 1499 450 1555 tantum
471 1490 663 1571 pronuntiat
683 1489 855 1566 Dominus,
877 1487 988 1569 populi
1009 1487 1142 1570 flagitiis
1164 1507 1199 1550 00

220 1600 288 1644 000
321 1577 538 1659 parciturum,
573 1576 674 1638 etiam
700 1574 729 1638 si
754 1574 865 1638 Moses
892 1573 1009 1656 aliquis
1042 1581 1199 1655 patronus

220 1664 286 1728 illis
315 1663 536 1744 contingeret,
566 1669 622 1724 aut
645 1658 797 1737 Samuel,
826 1680 974 1741 0001011,
990 1657 1142 1741 01001100
1164 1678 1199 1722 00

221 1757 390 1831 tantopere
417 1747 645 1829 indulgentem
668 1747 885 1827 praestiterat.
930 1743 997 1824 Qui
1020 1766 1136 1809 sensus
1157 1765 1199 1807 ex

221 1836 320 1901 simili
347 1833 531 1898 Ezechielis
556 1832 627 1896 loco
655 1831 854 1896 lucidissime
881 1831 1016 1895 elicitur.
1063 1828 1099 1894 Si
1128 1830 1198 1894 fue-

220 1923 296 1999 rint,
319 1920 427 2002 inquit
446 1918 610 1990 Dominus
632 1916 705 2001 (Ea.
727 1922 775 1995 14,
798 1916 866 2001 14),
896 1917 951 1981 isti
972 1923 1039 1980 tres
1060 1916 1096 1980 in
1119 1915 1198 1981 eivi-

219 2014 288 2071 tate
315 2006 394 2084 viri,
425 2003 536 2081 Noah,
563 2003 683 2067 Daniel
706 2010 738 2066 01
759 2002 832 2081 Iob,
862 2003 945 2066 filios
968 2009 1001 2066 et
1024 2002 1109 2066 filias
1131 2022 1198 2065 non

219 2092 408 2157 liberabunt
434 2091 469 2153 in
492 2108 551 2153 sua
571 2087 710 2166 iustitia;
744 2089 801 2151 sed
823 2089 950 2153 animas
971 2095 1100 2152 tantum
1122 2108 1198 2152 suas

219 2177 415 2243 liberabunt.
460 2175 526 2240 Ubi
548 2174 683 2238 dubium
705 2195 770 2238 non
792 2181 849 2253 est,
873 2175 953 2256 quin
975 2174 1118 2238 indicare
1140 2195 1197 2237 vo-

220 2263 328 2340 luerit,
352 2262 380 2327 si
402 2262 595 2326 reviviscere
618 2276 685 2328 dnos
704 2293 737 2328 ex
754 2277 809 2328 illis
826 2261 1002 2343 contingat.
1054 2276 1197 2328 11100101·-

221 2349 276 2401 tius
304 2365 336 2401 eo
363 2354 485 2415 tempore
510 2362 541 2397 su
562 2351 648 2398 erstes
674 2350 746 2408 erat,
770 2346 867 2398 Daniel
890 2347 1005 2410 scilieet,
1036 2361 1117 2413 quem
1140 2350 1199 2396 turn

221 2416 384 2482 0010101,11
405 2416 493 2484 primo
517 2433 533 2466 a
553 2414 714 2467 olescentiae
741 2415 820 2478 flore,
853 2415 1064 2482 incomparabile
1091 2413 1198 2466 dedisse

220 2504 333 2572 pietatis
351 2502 494 2570 specimen.
541 2485 609 2548 Eos
636 2483 737 2565 igitur
769 2484 958 2548 omittamus
990 2504 1070 2566 quos
1096 2483 1198 2565 scrip·

222 2582 298 2638 tura
319 2571 405 2636 clare
435 2569 637 2634 demonstrat
663 2590 796 2634 cursum
823 2591 919 2634 suum
946 2590 1197 2634 consummasse.

220 2657 299 2722 Ideo
317 2656 451 2734 Paulus,
472 2676 573 2737 quum
593 2654 633 2718 de
650 2653 779 2719 Davide
797 2654 941 2736 loquitur
959 2654 1046 2739 (Aet.
1064 2659 1112 2733 13,
1132 2655 1197 2739 36),

219 2765 285 2808 101
308 2742 401 2807 docet
429 2741 579 2824 precibus
606 2740 714 2822 ipsum
738 2742 851 2805 iuvare
872 2742 1111 2823 posteritatem,
1141 2740 1199 2806 sed

220 2829 381 2894 duntaxat
402 2829 502 2892 aetati
523 2847 602 2892 0000
623 2827 819 2891 110011110οθ.

309 2919 357 2978 18.
402 2915 493 2996 Ergo
529 2933 583 2975 eos
599 2910 623 2996 ¹)
650 2909 738 2975 omni
772 2913 902 2994 pietatis
928 2919 1003 2977 voto
1030 2934 1197 2991 exuemus,

219 3001 275 3083 qui
297 2999 383 3065 nihil
410 3006 477 3063 toto
497 2998 584 3063 vitae
617 2997 754 3063 decursu
780 3019 879 3080 quam
906 2998 1062 3080 pictatem
1083 3007 1116 3063 et
1137 2999 1199 3061 mi-

219 3084 428 3151 sericordiam
456 3083 645 3166 spirarimt?
695 3083 872 3166 Equidem,
900 3091 939 3163 ut
965 3084 1121 3163 curiosius
1142 3106 1199 3148 ex-

221 3178 331 3237 cutere
360 3171 462 3235 nolim
483 3168 562 3251 quid
582 3176 697 3252 agant,
727 3177 784 3233 aut
805 3169 884 3252 quid
909 3169 1124 3250 meditentur,
1153 3171 1200 3235 ita

220 3278 426 3339 nequaquam
459 3262 510 3320 est
536 3254 716 3337 probabile,
751 3257 850 3320 variis
883 3263 917 3320 et
947 3256 1199 3338 particularibus

219 3343 304 3408 votis
327 3343 391 3406 huo
414 3341 491 3407 illuc
514 3341 729 3420 circumferri3
759 3341 816 3405 scd
841 3341 948 3423 potius
971 3348 1056 3407 stata
1078 3363 1115 3407 ac
1136 3344 1199 3406 im-

219 3436 309 3493 mota
329 3428 499 3494 voluntate
527 3429 562 3490 in
583 3428 649 3491 Dei
670 3448 810 3509 regnum
837 3428 996 3509 aspirare,
1025 3426 1110 3509 quod
1131 3450 1199 3492 non

218 3515 330 3580 minus
358 3514 534 3597 impiorum
562 3512 765 3591 confusione,
794 3533 893 3594 quam
919 3513 1066 3578 fidelium
1094 3513 1199 3579 salute

221 3608 354 3666 constat
404 3600 492 3681 Quod
512 3600 543 3663 01
563 3619 672 3663 aeram
694 3604 753 3677 est,
776 3619 881 3664 eoram
902 3620 1019 3680 000000
1040 3601 1199 3664 cerream

220 3687 254 3750 ia
277 3685 485 3749 cenomanicae
507 3687 643 3766 eorporis
667 3683 787 3750 0111011
811 3705 873 3749 aea
892 3685 1022 3750 dubiam
1043 3688 1199 3750 01100111

221 3772 305 3849 aeri,
332 3791 386 3836 aec
414 3772 509 3835 lotias
531 3776 639 3852 patere
665 3791 760 3852 qaam
781 3770 846 3853 fert
867 3772 1089 3836 commasticare
1110 3772 1200 3836 illias

220 3861 344 3922 001010.
387 3857 461 3920 Iam
482 3877 559 3922 vero
582 3857 711 3921 tametsi
737 3857 773 3919 in
795 3857 882 3922 hunc
904 3857 1038 3922 modum
1058 3879 1117 3940 pro
1139 3881 1198 3924 no·

220 3941 271 4008 bis
293 3963 386 4006 orare
408 3942 631 4020 concedamus,
655 3963 721 4006 non
742 3950 854 4006 tamen
875 3964 894 4007 a
912 3944 1006 4008 nobis
1028 3944 1101 4009 ideo
1122 3966 1198 4026 pro·

220 4028 310 4093 tinus
343 4027 518 4093 invocandi
550 4034 655 4092 erunt.
705 4028 820 4110 Neque
847 4027 880 4091 id
909 4029 1074 4111 agendum
1096 4051 1138 4095 ex
1161 4053 1198 4095 oo

221 4114 436 4196 consequitur,
461 4112 547 4195 quod
569 4113 624 4195 qui
645 4114 681 4179 in
700 4115 797 4178 terris
820 4113 944 4197 degunt
965 4116 1122 4194 homines,
1149 4118 1219 4182 vi-·

220 4201 330 4266 cissim
352 4198 408 4279 alii
430 4199 568 4264 aliorum
584 4200 734 4281 precibus
752 4200 978 4266 commendare
1000 4223 1035 4267 se
1052 4211 1197 4285 possunt

219 4285 293 4351 Hoc
320 4285 409 4350 enim
436 4284 571 4350 alendae
597 4286 633 4348 in
660 4286 739 4368 ipsis
766 4288 895 4351 caritati
921 4288 1064 4353 officium
1087 4289 1196 4365 001111,

221 4371 300 4436 dum
321 4392 398 4436 0000
420 4371 507 4435 inter
529 4392 564 4434 00
585 4372 795 4437 necessitates
817 4370 921 4438 veluti
942 4374 1141 4455 partiuntur,
1165 4382 1198 4437 et

219 4466 337 4522 mutuo
368 4457 561 4540 0000101011.
617 4458 729 4539 Atque
767 4457 802 4521 id
833 4459 966 4539 quidem
998 4459 1124 4523 iaciunt
1156 4483 1198 4523 ex

218 4543 356 4609 Domini
380 4552 568 4626 praecepto,
590 4564 697 4625 neque
719 4543 934 4625 promissione
956 4544 1197 4624 destituuntur;

221 4649 303 4711 quac
324 4630 389 4695 duo
408 4651 536 4711 semper·
554 4628 589 4692 in
610 4629 758 4693 oratione
775 4629 898 4711 primas
919 4638 1040 4695 tenent.
1072 4627 1197 4697 Omnes

220 4715 381 4781 eiusmodi
401 4715 546 4780 rationes
569 4736 589 4778 a
613 4716 755 4780 mortuis
777 4714 911 4779 absunt:
940 4737 1022 4798 quos
1043 4737 1063 4779 a
1084 4725 1197 4782 nostro

220 4801 433 4867 contubernio
456 4801 536 4865 dmn
559 4799 719 4864 subduxit
740 4799 918 4879 Dominus,
945 4801 1077 4865 nullum
1103 4804 1197 4869 nobis

220 4908 296 4951 cum
324 4887 389 4952 11110
418 4887 551 4969 reliquit
574 4887 823 4964 commercium,
854 4907 892 4951 ae
912 4908 954 4952 00
976 4887 1042 4953 illis
1064 4889 1197 4972 quidem

219 4972 400 5051 nobiscmn,
424 4981 587 5054 quantum
609 4973 740 5055 assequi
759 4972 836 5038 lieet
857 4973 1062 5040 coniecturis.
1097 4975 1197 5056 Quod

290 5279 319 5346 1)
337 5296 385 5333 000
405 5279 472 5333 1545
489 5296 558 5349 seqq.

791 351 1185 420 011011Μο0011.
1208 348 1391 418 OHRIS'P.
1416 356 1648 419 roes-1554.

2163 352 2231 428 010

1845 449 1884 541 [r
1897 465 1973 534 10ος
1989 464 2103 532 0000;
2122 460 2233 518 esar.

1252 540 1280 606 si
1302 540 1376 623 0010
1397 548 1565 621 00000101,
1588 543 1662 606 fieri
1682 562 1749 607 non
1769 561 1864 624 00000
1886 541 1967 622 quin
1989 539 2126 604 eandem
2148 559 2233 621 erga

1251 647 1311 692 nos
1333 627 1504 692 caritatem
1526 628 1698 706 retineant,
1721 635 1760 691 ut
1781 634 1859 692 sunt
1881 647 1948 689 una
1969 625 2141 690 nobiscum
2161 624 2232 689 fide

1252 713 1432 792 coniuncti,
1469 713 1543 795 quis
1575 721 1685 779 tamen
1714 736 1751 778 eo
1778 734 1883 794 usque
1910 712 2024 795 longas
2056 711 2122 775 illis
2155 731 2232 775 esse

1252 820 1348 864 aures
1370 799 1537 879 revelavit,
1561 821 1645 881 quac
1668 800 1710 865 ad
1731 820 1827 865 voees
1844 804 1974 863 nostras
1991 794 2229 880 porrigantur?

1252 886 1363 950 oculos
1401 886 1500 948 etiam
1533 892 1603 949 tam
1636 886 1852 969 perspicaces,
1887 884 1944 965 qui
1976 882 2231 949 necessitatibus

1251 973 1373 1036 nostris
1401 971 1602 1053 advigilent?
1646 973 1826 1056 Negantur
1846 969 1978 1051 quidem
2005 971 2041 1032 in
2062 969 2131 1033 suis
2152 989 2230 1031 um·
2343 972 2347 977 ’

1251 1057 1319 1121 bris
1340 1058 1448 1121 nescio
1478 1057 1558 1138 quid
1586 1058 1625 1121 de
1647 1059 1774 1140 fulgore
1802 1057 1905 1120 divini
1931 1057 2045 1121 vultus
2070 1055 2160 1137 10000
2181 1054 2231 1117 ir-

1251 1142 1418 1221 radiante,
1444 1144 1479 1205 in
1502 1164 1581 1224 quo,
1603 1165 1662 1209 ceu
1684 1145 1719 1208 in
1741 1142 1885 1225 speculo,
1915 1164 1968 1206 res
1990 1141 2163 1205 hominum
2184 1162 2229 1204 ex

1252 1228 1317 1291 alto
1347 1228 1534 1309 despiciant.
1579 1229 1707 1292 Verum
1734 1230 1768 1292 id
1790 1229 1968 1306 affirmare,
1991 1248 2057 1309 qua
2079 1246 2229 1307 praeser-

1252 1315 1313 1376 tim
1335 1314 1531 1379 confidentia
1553 1314 1602 1378 illi
1622 1315 1753 1392 audent,
1775 1315 1853 1396 quid
1876 1321 1935 1392 est,
1958 1314 2022 1378 nisi
2043 1333 2102 1395 per
2119 1321 2229 1376 temu-

1250 1400 1341 1464 lenta
1364 1400 1488 1464 cerebri
1510 1400 1614 1464 nostri
1643 1401 1770 1465 somnia
1797 1400 1880 1465 velle
1903 1401 1938 1464 in
1960 1399 2070 1464 abdita
2090 1398 2155 1462 Dei
2176 1400 2228 1462 iu-

1252 1485 1335 1550 dicia
1364 1486 1434 1550 sino
1461 1486 1532 1550 eius
1553 1486 1653 1551 verbo
1675 1496 1847 1568 penetrare
1875 1495 1908 1550 et
1935 1505 2162 1568 perrumpere,
2190 1506 2228 1550 ac

1252 1572 1449 1654 scripturam
1477 1571 1687 1637 conculcare?
1725 1594 1809 1654 quae
1837 1574 1934 1636 toties
1961 1571 2069 1637 carnis
2095 1578 2230 1634 0001100

1251 1658 1462 1739 prudentiam
1486 1658 1664 1738 sapientiae
1689 1659 1753 1723 Dei
1780 1658 1948 1723 inimicam
1981 1678 2052 1722 esse
2081 1677 2230 1738 pronun·

1251 1744 1321 1821 tiat,
1345 1744 1526 1808 vanitatem
1548 1765 1664 1808 sensus
1687 1746 1791 1809 nostri
1811 1746 1845 1807 in
1868 1744 2060 1808 universum
2082 1741 2229 1819 damnat,

1250 1836 1415 1911 prostrata
1432 1829 1522 1892 omni
1539 1838 1652 1894 nostra
1669 1830 1804 1908 ratione,
1826 1830 1929 1894 solam
1940 1830 2004 1894 Dei
2022 1827 2231 1893 voluntatem

1252 1938 1272 1979 a
1292 1916 1386 1979 nobis
1407 1915 1481 1981 vult
1502 1916 1651 1997 spectari.

1340 2005 1387 2065 19.
1433 2000 1528 2081 Quae
1556 2022 1634 2066 1010
1662 2003 1843 2084 scripturae
1871 2000 2060 2065 testimonia
2080 2019 2227 2082 propug-

1250 2087 1359 2151 nando
1387 2087 1466 2152 huic
1496 2108 1555 2150 suo
1580 2088 1750 2152 mendacio
1776 2088 1952 2163 asciscunt,
1978 2085 2117 2168 pessime
2147 2105 2227 2150 con·

1251 2180 1412 2254 torquent.
1459 2171 1526 2237 Sed
1548 2174 1651 2250 enim,
1675 2166 1965 2255 10001001,Ἰο0011
1988 2178 2145 2235 0100011
2167 2191 2226 2252 pa-

1250 2266 1405 2340 trumque
1427 2258 1597 2322 Abraham
1619 2266 1652 2322 et
1674 2260 1767 2326 Isaac
1788 2280 1908 2323 nomeu
1930 2278 2028 2339 super
2050 2277 2226 2338 0001100-

1250 2345 1432 2409 steritatem
1453 2345 1625 2412 invocetur
1647 2353 1742 2427 rogat
1763 2343 1862 2429 (Gen.
1882 2349 1932 2422 48,
1955 2344 2018 2428 16).
2062 2343 2226 2422 Primum,

1249 2429 1421 2495 videamus
1449 2431 1554 2512 qualis
1585 2432 1649 2495 ista
1682 2432 1725 2495 sit
1756 2431 1970 2497 invocationis
2003 2429 2108 2493 forma
2139 2429 2230 2493 inter

1250 2516 1425 2580 Israelitas.
1471 2517 1546 2580 Non
1575 2517 1662 2580 enim
1689 2525 1798 2598 patres
1821 2537 1896 2582 suos
1924 2515 1966 2579 ad
1986 2513 2137 2579 ferendas
2165 2516 2231 2580 sibi

1252 2603 1418 2684 suppetias
1450 2603 1641 2683 implorant;
1674 2603 1731 2667 sed
1763 2604 1874 2668 Deum
1906 2603 2125 2680 obtestantur,
2161 2623 2230 2682 000

1252 2709 1422 2752 servorum
1447 2709 1597 2767 suorum,
1625 2688 1811 2767 Abraham,
1839 2689 1933 2753 Isaac
1955 2695 1988 2751 et
2015 2687 2125 2763 Iacob,
2154 2707 2228 2751 me-

1250 2774 1393 2837 minerit.
1438 2775 1564 2838 Eorum
1591 2795 1670 2856 ergo
1696 2776 1885 2857 exemplum
1912 2773 1996 2837 nihil
2020 2774 2060 2837 iis
2083 2774 2229 2854 patroci-

1251 2868 1368 2938 natur,
1404 2861 1462 2941 qni
1488 2859 1530 2924 ad
1558 2867 1689 2925 sanctos
1720 2862 1807 2943 ipsos
1836 2880 2020 2925 sermonem
2043 2858 2232 2924 habuerint.

1251 2945 1381 3009 Verum
1404 2947 1482 3027 01110
1503 2945 1630 3026 stipites
1652 2947 1723 3025 isti,
1748 2954 1910 3028 0000011
1932 2943 2145 3022 hebetudine,
2170 2967 2234 3010 000

1253 3032 1332 3112 quid
1359 3031 1401 3096 sit
1428 3052 1548 3096 nomen
1576 3031 1673 3097 Iacob
1701 3033 1867 3110 invocare,
1900 3053 1962 3097 nec
1989 3051 2049 3095 cur
2073 3030 2238 3111 invocari-⁴,

1253 3117 1333 3182 dum
1355 3119 1411 3196 sit,
1439 3119 1588 3198 capiunt,
1618 3138 1684 3180 non
1710 3118 1849 3198 mirum,
1878 3118 1907 3182 si
1933 3119 1968 3181 in
1999 3119 2071 3199 ipsa
2100 3136 2234 3198 quoque

1251 3203 1357 3267 forma
1390 3203 1435 3268 sie
1470 3202 1641 3285 pueriliter
1671 3204 1824 3268 titubant.
1870 3203 2039 3286 Loquutio
2061 3202 2142 3266 haec
2164 3223 2233 3266 non

1252 3290 1352 3354 semel
1381 3290 1415 3353 in
1451 3290 1623 3370 seripturis
1659 3291 1810 3355 occurrit.
1859 3291 1981 3354 Iesaias
2012 3287 2056 3372 (4,
2080 3286 2112 3372 l)
2142 3290 2233 3353 enim

1251 3376 1399 3440 virorum
1422 3395 1542 3439 nomen
1564 3376 1710 3439 invocari
1732 3397 1834 3458 super
1851 3376 2006 3439 mulieres
2030 3374 2125 3451 dicit,
2150 3374 2233 3439 dum
2303 3376 2312 3391 ““

1251 3483 1306 3526 eos
1329 3461 1452 3525 habent
1473 3461 1668 3524 maritorum
1685 3460 1764 3539 loco,
1788 3463 1848 3527 sub
1869 3481 2011 3544 quorum
2032 3458 2097 3523 fide
2120 3469 2154 3524 et
2177 3468 2233 3523 tu-

1252 3546 1318 3611 tela
1340 3545 1469 3630 degant.
1514 3548 1606 3629 Ergo
1628 3549 1792 3613 invocatio
1814 3548 1956 3611 nominis
1978 3545 2152 3611 Abraham
2174 3567 2233 3610 su-

1250 3654 1310 3715 per
1331 3632 1499 3697 Israelitas
1524 3634 1560 3697 in
1581 3632 1642 3697 hoe
1664 3635 1728 3697 sita
1750 3640 1812 3697 est:
1837 3634 1916 3697 dum
1939 3632 2069 3716 generis
2091 3633 2142 3696 sui
2165 3633 2232 3696 ori·

1252 3720 1364 3803 ginem
1386 3718 1428 3782 ad
1450 3740 1527 3782 eum
1549 3719 1712 3797 referunt,
1736 3740 1876 3802 eumque
1898 3739 1958 3800 pro
1981 3724 2094 3782 autore
2116 3726 2150 3781 et
2171 3740 2232 3799 pa-

1251 3809 1344 3869 11110
1375 3825 1434 3869 000
1463 3804 1582 3869 celebri
1611 3805 1771 3870 memoria
1791 3807 1911 3870 colunt.
1956 3805 2072 3885 Neque
2093 3824 2173 3867 vero
2195 3804 2232 3867 id

1250 3891 1329 3956 facit
1355 3890 1469 3968 Iacob,
1503 3890 1590 3972 quod
1619 3891 1663 3954 sit
1696 3891 1736 3955 de
1764 3890 1976 3974 propaganda
2004 3889 2149 3954 nominis
2177 3891 2231 3954 sui

1252 3976 1439 4042 celebritate
1466 3976 1641 4053 sollieitus;
1670 3977 1727 4041 sed
1756 3998 1860 4058 quum
1888 3983 1993 4040 totam
2019 3982 2231 4057 posterorum

1251 4061 1488 4127 beatitudinem
1515 4071 1663 4127 constare
1692 4064 1821 4128 noverit
1849 4062 2050 4127 haereditate
2076 4061 2228 4141 foederis,

1251 4148 1339 4230 quod
1372 4169 1484 4212 000001
1516 4149 1609 4212 Deus
1640 4149 1826 4231 pepigerat,
1854 4148 1942 4230 quod
1967 4147 2033 4212 illis
2064 4147 2230 4211 bonorum

1251 4236 1400 4298 omnium
1426 4254 1595 4297 summum
1622 4239 1691 4298 fore
1719 4235 1822 4313 videt,
1851 4239 2077 4316 comprecatur
2104 4240 2144 4296 ut
2170 4255 2229 4316 ge·

1249 4341 1327 4383 nere
1349 4319 1411 4384 suo
1430 4327 1633 4384 censeantur.
1678 4319 1719 4383 Id
1737 4322 1825 4384 enim
1846 4320 1937 4384 aliud
1958 4340 2025 4383 non
2043 4327 2101 4396 001,
2125 4339 2229 4400 00001

1249 4406 1391 4471 foederis
1418 4406 1655 4470 successionem
1679 4406 1721 4470 ad
1748 4428 1803 4470 eos
1824 4406 2054 4471 transmittere.
2099 4405 2154 4468 Illi
2176 4405 2229 4469 vi·
2305 4431 2306 4435 ¹

1250 4493 1375 4570 eissim,
1400 4491 1480 4555 dum
1506 4492 1698 4556 memoriam
1720 4493 1880 4557 eiusmodi
1905 4491 2056 4574 precibus
2082 4491 2151 4555 suis
2174 4491 2227 4554 in-

1250 4579 1388 4655 ducunt,
1423 4598 1490 4641 001
1521 4578 1563 4641 ad
1595 4579 1842 4644 intercessiones
1878 4585 2086 4640 mortuorum
2119 4577 2227 4640 suffu-

1250 4666 1360 4748 giunt,
1384 4662 1442 4727 sed
1462 4664 1607 4728 Domino
1629 4664 1767 4730 foederis
1789 4666 1842 4729 sui
1863 4663 2121 4729 recordationem
2143 4663 2227 4727 obii·

1249 4752 1350 4829 ciunt,
1374 4770 1438 4831 quo
1460 4750 1626 4816 Dominus
1647 4751 1713 4815 illis
1731 4771 1769 4817 se
1789 4751 1968 4833 propitium
1989 4770 2026 4813 ac
2043 4749 2228 4814 beneficum

1248 4837 1332 4915 soro,
1360 4836 1397 4899 in
1423 4836 1591 4915 Abrahae,
1617 4837 1711 4902 Isaac
1738 4844 1772 4901 et
1799 4836 1896 4902 Iacob
1924 4836 2066 4918 gratiam
2092 4835 2225 4917 recepit

1249 4923 1384 5004 Alioqui
1413 4943 1513 5003 quam
1539 4944 1657 5005 parum
1686 4925 1720 4987 in
1748 4931 1882 5003 patrum
1906 4922 2024 4986 merita
2045 4922 2149 4986 sancti
2172 4941 2227 4985 rc·

1250 5009 1454 5085 clinaverint,
1476 5015 1616 5073 testatur
1636 5009 1767 5090 publiea
1788 5028 1853 5072 vox
1871 5008 2024 5073 ecclesiae
2044 5006 2132 5089 apud
2149 5022 2227 5088 pro-

1249 5094 1384 5177 phetam
1413 5092 1561 5179 (10063,
1584 5094 1651 5178 16);
1675 5102 1711 5159 11
1734 5102 1827 5176 00101
1850 5107 1974 5170 100101,
1999 5100 2031 5156 01
2053 5093 2227 5158 Abraham

1249 5181 1387 5245 nescivit
1409 5201 1477 5258 nos,
1499 5189 1532 5244 et
1550 5180 1655 5245 Israel
1674 5181 1839 5263 ignoravit
1858 5202 1931 5257 nos;
1954 5187 1989 5244 tu
2006 5179 2148 5243 Domine
2165 5200 2227 5261 pa·

1250 5274 1300 5330 ter
1321 5270 1447 5344 noster,
1473 5273 1510 5330 01
1536 5264 1723 5350 redemptor
1749 5274 1868 5331 noster.
1913 5268 1963 5332 Ac
1985 5266 2064 5331 dum
2085 5267 2132 5330 sic
2153 5267 2228 5348 qui-
