4770 6030
204 345 268 408 616
776 333 1043 405 1666166616
1064 338 1169 405 nun.
1193 337 1374 406 666166.
1400 339 1631 402 isac-1554.
1752 292 1754 299 '
2143 340 2209 402 aro

207 551 307 614 quam
327 529 389 594 sibi
410 529 446 592 in
467 526 567 593 coelis
590 531 821 609 praeparatam
842 525 1013 591 crederent
1034 526 1185 592 haeredi·
1236 547 1309 590 ram
1330 525 1602 608 peregrinationis
1629 531 1774 604 nostrae,
1802 438 1866 590 ald
1880 453 1940 590 ide
1948 449 2211 591 6161ξὲ61113ῗέ-

207 623 310 681 tatem
330 635 401 679 esse
423 613 569 677 intuitos.
1237 611 1379 676 rusalem
1405 611 1535 693 proprie
1563 619 1759 694 competere;
1787 610 1845 677 sed
1872 612 1906 675 in
1928 632 2040 676 veram
2069 612 2212 693 patriam

292 703 342 763 26.
386 698 427 763 Id
454 698 572 763 melius
599 696 740 762 elucebit
773 716 815 760 ex
847 696 1058 762 similitudine
1086 719 1185 780 quam
1235 696 1395 774 fidelium,
1424 718 1463 761 ac
1483 695 1657 761 coelestem
1677 696 1768 760 illam
1790 698 1971 775 civitatem,
1999 697 2034 760 in
2056 717 2121 778 qua
2138 698 2211 762 Do·

204 785 314 871 posuit
339 784 466 850 Paulus
498 782 541 848 ad
571 783 709 848 Galatas
737 780 951 867 (4‚1seqq.).
1005 782 1184 865 Oomparat
1236 783 1346 847 minus
1372 781 1630 846 benedictionem
1655 789 1689 846 et
1709 784 1813 847 vitam
1834 782 2004 847 mandavit
2031 783 2066 845 in
2093 803 2210 865 perpe-
2328 823 2335 840 .

203 871 401 936 Iudaeorum
431 876 565 954 gentem
586 867 719 933 haeredi
741 866 894 950 parvulo,
917 869 987 950 qui,
1012 868 1053 933 ad
1075 890 1110 936 se
1132 891 1184 934 re-
1236 877 1331 932 tuum
1353 867 1455 949 (Paul.
1478 871 1547 944 133,
1568 866 1611 951 3),

204 956 348 1042 gendum
363 955 510 1020 nondum
525 954 669 1028 idoneus,
687 953 799 1017 tutoris
813 959 869 1017 661
883 953 1072 1038 paedagogi,
1091 956 1184 1020 cuius
1323 956 1372 1016 28.
1425 953 1518 1018 Haeo
1548 954 1633 1018 ratio
1659 960 1723 1032 est,
1751 974 1810 1018 cur
1836 952 1969 1017 maioris
1995 974 2094 1034 quam
2119 975 2210 1021 nunc

182 1042 368 1111 custodiae
386 1042 576 1106 commissus
597 1046 656 1117 est,
681 1039 815 1104 ductum
831 1040 986 1122 sequitur.
1015 1038 1112 1119 Quod
1125 1063 1184 1105 au·
1235 1037 1349 1103 deceat
1370 1039 1559 1103 aestimasse
1586 1038 1757 1103 mortalem
1777 1039 1880 1103 vitam
1902 1040 2035 1120 eiusque
2056 1037 2209 1106 benedic·

204 1135 271 1193 tem
287 1149 361 1192 eam
374 1127 416 1192 ad
435 1127 657 1193 caeremonias
673 1124 920 1189 similitudinem
931 1125 955 1208 ¹)
977 1126 1086 1204 refert,
1099 1127 1183 1190 nibil
1236 1124 1341 1189 tiones
1371 1125 1475 1189 sancti
1502 1124 1655 1206 legantur
1681 1125 1741 1189 sub
1763 1125 1866 1190 veteri
1892 1129 2096 1190 testamento.
2142 1126 2209 1190 'Ia-

204 1213 313 1279 obstat
340 1212 512 1296 quominus
544 1211 609 1276 1166
642 1231 768 1292 quoque
796 1211 961 1292 aptissime
992 1211 1182 1298 applicetur.
1235 1211 1331 1275 metsi
1362 1210 1452 1274 enim
1480 1210 1579 1292 probe
1608 1218 1780 1288 noverant,
1807 1231 1873 1275 non
1899 1231 1970 1275 esse
1996 1211 2034 1274 in
2054 1231 2106 1289 ea,
2133 1217 2210 1276 tan·

203 1297 331 1363 Eadem
358 1319 436 1382 ergo
462 1298 529 1362 illis
556 1296 757 1378 baereditas,
789 1317 872 1378 quae
898 1296 992 1362 nobis
1019 1296 1184 1363 1166116616
1233 1315 1334 1377 quam
1354 1297 1390 1359 in
1407 1316 1521 1360 cursus
1543 1296 1594 1360 sui
1615 1303 1703 1361 meta
1719 1295 1975 1361 consistendum:
1998 1297 2075 1377 quia
2095 1304 2209 1361 tamen

204 1385 280 1463 fuit,
304 1383 360 1449 sed
382 1384 476 1450 66166
499 1382 667 1448 adeundae
689 1390 722 1446 et
743 1381 935 1446 tractandae
956 1382 1103 1446 nondum
1123 1405 1198 1466 per·
1234 1382 1507 1464 recognoscebant
1533 1402 1616 1462 quae
1636 1381 1718 1460 illic,
1746 1381 1788 1446 ad
1815 1402 1870 1445 eos
1886 1402 1950 1463 pro
1977 1381 2209 1447 teneritudinis

205 1477 347 1535 aetatem
369 1490 503 1552 capaces
524 1469 640 1533 forent.
684 1467 811 1531 Eadem
832 1467 1014 1533 interillos
1036 1467 1181 1548 eeclesia,
1233 1468 1379 1548 ipsorum
1416 1466 1546 1530 modulo
1579 1466 1789 1545 exercendos,
1829 1467 1955 1550 gratiae
1993 1489 2071 1532 suae
2102 1468 2208 1532 linea-

205 1554 263 1620 sed
285 1556 378 1621 cuius
401 1560 491 1620 aetas
518 1553 625 1619 adhuc
646 1553 782 1636 puerilis
804 1561 883 1617 erat
927 1550 998 1618 Sub
1020 1553 1083 1619 hae
1104 1575 1182 1638 ergo
1234 1558 1347 1617 menta
1372 1553 1536 1617 Dominus
1564 1553 1787 1634 impresserat,
1817 1553 1934 1616 maiori
1955 1553 2025 1617 eius
2046 1555 2210 1618 suavitate

203 1640 406 1725 paedagogia
432 1640 506 1704 illos
532 1640 694 1705 continuit
721 1638 900 1716 Dominus,
932 1646 969 1703 ut
996 1640 1182 1721 spirituales
1234 1638 1473 1716 afficiebantur,
1502 1659 1599 1720 quam
1622 1639 1650 1702 si
1672 1640 1778 1721 ipsam
1799 1659 1858 1721 per
1880 1659 1916 1702 se
1938 1638 2207 1703 considerassent

203 1727 436 1810 promissiones
467 1747 533 1790 non
566 1727 613 1789 ita
638 1724 745 1789 nudas
772 1731 805 1788 61
834 1731 963 1806 apertas
984 1725 1050 1788 illis
1079 1725 1179 1805 daret,
1234 1722 1517 1803 Quemadmodum
1536 1731 1645 1787 autem
1656 1723 1828 1802 Dominus,
1841 1724 2210 1789 benevolentiamsuam

203 1811 261 1876 sed
295 1813 435 1876 terrenis
473 1809 709 1894 quodammodo
742 1809 960 1874 adumbratas.
1010 1810 1182 1876 Abraham
1233 1830 1312 1892 erga
1333 1808 1446 1873 fideles
1463 1809 1691 1892 praesentibus
1708 1810 1802 1875 bonis
1819 1809 1978 1887 testando,
2001 1809 2209 1893 spiritualem

203 1917 295 1981 ergo,
328 1897 422 1962 Isaac
443 1904 476 1961 et
497 1896 594 1961 Iacob
626 1916 801 1977 eorumque
828 1896 1051 1978 posteritatem
1080 1918 1182 1979 quum
1232 1893 1421 1959 felicitatem
1447 1894 1605 1959 eiusmodi
1634 1896 1722 1980 typis
1744 1917 1782 1960 ac
1809 1895 1964 1979 symbolis
1991 1904 2068 1960 tunc
2090 1895 2209 1959 adum·

78 2011 93 2036 ·
203 2005 238 2046 m
272 2004 363 2065 spem
396 1981 653 2046 immortalitatis
681 1987 860 2063 cooptaret,
892 1989 1016 2045 terram
1045 1980 1181 2047 Oanaan
1232 1980 1361 2058 brabat,
1385 1981 1471 2045 itae
1493 2001 1647 2045 converso
1669 1979 1768 2045 dabat
1789 1982 1824 2044 in
1844 1982 1957 2062 poenis
1978 1982 2148 2063 corporeis,
2169 1982 2209 2045 in

202 2069 238 2135 in
269 2067 505 2133 haereditatem
537 2067 604 2131 illis
640 2067 803 2148 promisit:
842 2088 909 2156 non
940 2067 977 2131 in
1009 2088 1074 2150 qua
1106 2089 1180 2151 spes
1233 2066 1386 2148 reprobos
1408 2065 1519 2131 iudicii
1541 2067 1592 2130 661
1614 2066 1816 2131 documenta
1860 2067 1984 2148 Itaque,
2007 2074 2045 2130 61
2062 2067 2128 2131 Dei
2148 2068 2207 2132 be-

203 2174 279 2218 suas
301 2155 532 2231 terminarent,
561 2151 618 2217 sed
640 2153 733 2217 66166
755 2159 888 2234 aspectu
909 2154 946 2216 in
968 2174 1061 2235 spem
1081 2175 1179 2218 verae
1232 2151 1350 2216 neficia
1370 2152 1406 2214 in
1428 2152 1525 2216 rebus
1548 2153 1687 2217 terrenis
1708 2154 1814 2235 magis
1834 2152 2007 2234 conspicua
2028 2159 2137 2232 erant,
2159 2154 2208 2216 ita
2231 2154 2242 2163 ’

201 2238 300 2318 illius,
324 2260 406 2322 quae
427 2238 571 2303 nondum
593 2238 779 2321 apparebat,
802 2237 1014 2303 haereditatis
1032 2261 1067 2304 se
1085 2259 1179 2303 exer·
1231 2257 1361 2318 poenae.
1414 2236 1512 2301 Hanc
1531 2236 1624 2301 inter
1651 2259 1771 2320 poenas
1793 2246 1826 2303 et
1848 2238 1999 2320 praemia
2020 2237 2207 2320 analogiam

202 2331 315 2390 eerent
336 2346 374 2390 66
395 2327 634 2389 confirmarent
679 2325 730 2388 Ao
751 2344 795 2388 ne
815 2322 1013 2389 hallucinari
1034 2333 1176 2406 possent,
1231 2342 1268 2387 ac
1290 2323 1551 2388 convenientiam
1572 2321 1625 2408 (ut
1645 2325 1691 2388 sic
1711 2321 1840 2408 loquar)
1868 2322 1946 2388 dum
1973 2324 2115 2406 imperiti
2137 2344 2207 2388 non

203 2409 342 2475 dabatur
368 2411 514 2492 superior
534 2410 721 2492 promissio,
751 2430 834 2491 quae
855 2415 979 2473 terram
998 2410 1090 2474 illam
1111 2431 1177 2474 non
1230 2407 1433 2490 expendunt,
1456 2409 1618 2473 mirantur
1638 2415 1764 2473 tantam
1786 2410 1822 2473 in
1843 2410 1915 2474 Deo
1936 2410 2145 2487 varietatem,
2168 2415 2207 2473 ut

202 2512 392 2580 supremum
410 2516 480 2561 esse
493 2496 558 2560 Dei
575 2494 770 2559 beneficium
786 2500 971 2559 testaretur.
996 2493 1053 2560 sio
1069 2497 1178 2562 Abra·
1228 2495 1285 2578 qui
1314 2494 1356 2558 ad
1383 2493 1547 2576 quaelibet
1574 2494 1715 2559 bominis
1737 2494 1854 2560 delicta
1883 2496 1988 2560 saevis
2015 2494 2206 2559 horrendis·

87 2625 92 2634 ,
201 2581 280 2645 bam
300 2577 490 2665 inaccepta
518 2588 625 2646 terrae
653 2581 868 2665 promissione
894 2587 1023 2663 torpere
1044 2602 1110 2645 non
1133 2583 1177 2647 si-
1229 2600 1292 2662 que
1318 2576 1485 2663 suppliciis
1514 2580 1712 2644 vindicanda
1732 2580 1810 2645 olim
1832 2582 1972 2660 subitus,
2004 2602 2092 2645 nunc
2113 2580 2207 2645 velut

199 2667 304 2746 nitur;
338 2666 396 2731 sed
420 2667 538 2731 maiori
565 2665 779 2750 promissione
804 2665 942 2749 erigitur
966 2666 1055 2731 illius
1082 2689 1177 2732 mens
1228 2665 1333 2748 posito
1352 2666 1510 2749 pristinae
1535 2665 1724 2730 iracundiae
1751 2666 1885 2743 affectu,
1909 2674 1942 2730 et
1963 2666 2073 2731 mitius
2094 2673 2127 2729 ct
2147 2686 2205 2730 ra-

199 2752 235 2815 in
256 2752 445 2816 Dominum.
476 2751 582 2816 Audit
603 2753 706 2817 enim:
730 2751 911 2830 Abrabam,
934 2771 994 2835 ego
1015 2759 1177 2833 protector
1228 2752 1297 2816 rius
1318 2752 1422 2816 multo
1443 2752 1573 2834 puniat:
1603 2758 1637 2816 et
1657 2773 1775 2835 parum
1796 2752 1901 2829 abest,
1933 2753 2013 2834 quin
2033 2751 2073 2816 ob
2095 2750 2130 2815 id
2152 2750 2205 2814 di·

199 2846 285 2915 1666,
309 2843 342 2902 61
363 2858 488 2902 merces
508 2845 567 2901 tua
586 2859 709 2922 magna
730 2837 827 2902 valde
844 2835 945 2921 (Gen.
969 2842 1016 2916 15,
1038 2838 1080 2921 1).
1110 2839 1175 2904 Hic
1227 2857 1340 2902 versos
1360 2837 1482 2903 veteris
1504 2845 1538 2901 et
1558 2838 1637 2904 novi
1658 2839 1846 2902 testamenti
1863 2838 1953 2902 Deos
1971 2838 2203 2920 imaginentur.

199 2923 363 3001 videmus,
391 2922 582 2988 Abrahamo
615 2924 751 3005 proponi
785 2924 885 2987 finem
911 2944 990 2988 suae
1017 2924 1176 2990 mercedis
1228 2922 1355 2986 Verum
1381 2923 1502 2988 talibus
1530 2923 1692 3006 scrupulis
1710 2922 1806 2987 facile
1828 2922 2051 3005 expediemur,
2082 2922 2111 2987 si
2133 2923 2205 2986 ani-

198 3008 235 3072 in
257 3009 409 3087 Domino,
432 3030 474 3073 ne
495 3008 588 3073 illam
607 3015 745 3090 quaerat
763 3009 889 3074 fluxam
906 3029 944 3074 66
961 3009 1121 3075 lubricam
1138 3010 1175 3074 in
1227 3030 1319 3072 mum
1345 3009 1524 3074 referemus
1553 3009 1595 3073 ad
1622 3011 1719 3074 istam
1745 3009 1880 3073 Domini
1912 3008 2202 3090 dispensationem:

199 3094 370 3159 elementis
398 3094 496 3158 buius
522 3092 651 3172 mundi,
687 3093 744 3159 sed
775 3095 1076 3160 immarcessibilem
1104 3117 1175 3161 esse
1227 3094 1313 3177 qnod
1343 3100 1415 3158 tum
1448 3096 1577 3159 futurae
1610 3117 1647 3160 ac
1675 3103 1828 3159 aeternae
1859 3094 2023 3159 felicitatis
2052 3095 2202 3177 gratiam,

200 3186 337 3262 reputet
372 3176 552 3263 Subiungit
571 3178 687 3244 deinde
708 3186 817 3244 terrae
837 3182 1083 3262 possessionem,
1107 3202 1174 3246 non
1227 3181 1437 3246 terrestribus
1458 3172 1641 3258 beneficiis,
1663 3187 1735 3244 tum
1757 3179 1934 3262 spiritualis
1955 3181 2070 3244 mortis
2091 3179 2203 3262 gravi·

200 3264 264 3328 alia
286 3264 485 3344 conditione,
512 3286 612 3347 quam
641 3272 679 3329 61
704 3265 750 3330 611
771 3265 901 3330 dinnao
928 3266 1174 3333 benevolentiae
1227 3272 1342 3345 tatem,
1376 3268 1538 3349 corporeis
1570 3267 1682 3348 poenis
1710 3266 1895 3349 significare
1916 3273 1950 3330 61
1978 3267 2122 3348 figurare
2142 3285 2203 3347 pro

199 3350 382 3436 symbolum
405 3371 443 3416 ac
464 3351 611 3416 coelestis
631 3350 843 3415 haereditatis
863 3360 971 3436 typus.
1228 3373 1265 3416 eo
1287 3359 1432 3434 tempore
1453 3353 1565 3430 voluit,
1587 3373 1651 3434 quo
1672 3357 1904 3416 testamentum
1921 3372 2027 3430 suum,
2045 3349 2204 3433 quodam·

285 3439 337 3500 27.
382 3435 490 3516 Quem
512 3437 633 3501 sanctis
654 3437 754 3502 fuisse
776 3457 922 3517 sensum,
945 3458 1058 3502 eorum
1078 3459 1174 3504 voces
1227 3438 1323 3502 modo
1345 3437 1453 3503 adhue
1474 3439 1685 3516 involutum·
1701 3436 1875 3502 israelitico
1901 3436 2020 3520 populo
2041 3435 2201 3500 tradebat

198 3520 375 3587 declarant.
421 3520 477 3587 Sic
498 3522 609 3587 David
630 3543 650 3586 a
670 3521 947 3588 benedictionibus
969 3525 1174 3607 temporariis
1312 3527 1362 3599 29,
1408 3523 1559 3588 Alterum
1581 3523 1701 3589 veteris
1723 3529 1756 3587 et
1779 3524 1856 3588 novi
1877 3522 2064 3588 testamenti
2087 3521 2202 3586 discri-

199 3607 240 3671 ad
269 3628 433 3672 summam
458 3607 550 3671 illam
576 3615 672 3690 atque
702 3608 852 3673 ultimam
879 3611 1030 3693 assurgit
1082 3611 1173 3674 Lan·
1225 3629 1303 3673 men
1324 3610 1478 3673 statuitur
1503 3611 1540 3673 in
1559 3609 1689 3693 figuris:
1718 3608 1805 3691 quod
1832 3609 1929 3687 illud,
1958 3608 2091 3672 absente
2113 3608 2202 3672 veri-

199 3700 294 3775 guet,
316 3693 423 3775 inquit
444 3693 547 3778 (Psal.
568 3694 618 3773 73,
638 3693 709 3778 26),
736 3695 785 3758 tui
807 3693 967 3759 desiderio
986 3715 1043 3759 cor
1064 3717 1174 3760 meum
1226 3701 1308 3772 tate,
1341 3695 1519 3778 imaginem
1547 3703 1692 3773 tantum,
1731 3703 1764 3758 et
1795 3715 1854 3777 pro
1886 3715 2018 3776 corpore
2049 3693 2204 3758 'umbram

198 3784 232 3841 et
264 3798 339 3842 caro
371 3798 458 3858 mea,
492 3780 584 3844 Deus
621 3781 727 3864 portio
754 3801 828 3844 mea
860 3782 896 3844 in
927 3781 1171 3863 sempiternum.
1225 3781 1424 3859 ostentabat;
1447 3780 1509 3846 hoo
1529 3788 1734 3864 praesentem
1751 3781 1923 3846 veritatem
1940 3786 1973 3844 et
1989 3798 2106 3860 eorpus
2124 3779 2202 3843 soli·

199 3862 286 3927 Item
307 3863 409 3962 (Psal.
432 3867 480 3942 16,
501 3863 550 3948 5):
573 3865 734 3930 Dominus
754 3886 831 3949 pars
852 3865 1064 3931 baereditatis
1081 3887 1174 3932 meae
1225 3866 1304 3931 dum
1326 3865 1466 3931 exhibet
1511 3867 1620 3949 Atque
1643 3867 1740 3932 huius
1761 3866 1829 3930 fere
1850 3867 1889 3929 fit
1909 3865 2040 3943 mentio,
2062 3864 2202 3929 ubicun-

198 3954 232 4012 et
261 3948 370 4014 cahcis
401 3951 484 4029 mei;
517 3959 554 4015 tu
583 3971 617 4015 66
650 3952 705 4033 qui
735 3971 909 4017 conservas
936 3951 1173 4017 haereditatem
1224 3974 1287 4034 que
1328 3952 1431 4017 veteri
1470 3957 1664 4017 testamento
1707 3972 1831 4017 novum
1869 3952 2055 4034 opponitur;
2099 3950 2204 4014 fusior

197 4054 306 4121 meam
333 4035 425 4099 mibi.
475 4035 562 4100 Item
589 4036 691 4121 (Psal.
720 4040 795 4116 142,
815 4037 864 4121 6):
898 4037 1038 4102 clamavi
1067 4037 1107 4102 ad
1140 4045 1173 4102 16
1224 4046 1335 4102 tamen
1364 4045 1415 4102 est
1431 4038 1511 4102 -eius
1537 4039 1688 4103 tractatio
1721 4038 1756 4101 in
1783 4036 1919 4118 epistola
1952 4035 1993 4100 ad
2021 4035 2201 4113 Hebraeos,

197 4120 354 4200 Domine,
378 4120 461 4199 dixi,
485 4128 522 4186 16
545 4143 579 4186 66
600 4144 675 4206 spes
697 4144 784 4201 mea,
806 4124 912 4204 portio
932 4143 1007 4187 mea
1027 4124 1062 4186 in
1085 4130 1174 4189 terra
1223 4144 1322 4205 quam
1345 4122 1422 4189 alibi
1444 4145 1591 4206 usquam.
1635 4124 1708 4188 Illic
1730 4122 1874 4205 disputat
1896 4120 2060 4204 apostolus
2083 4120 2202 4186 adver·

196 4207 358 4273 vivorum.
408 4205 476 4286 Qui
502 4209 548 4273 sio
576 4207 664 4290 loqui
686 4207 822 4288 audent,
851 4230 888 4293 se
913 4209 1055 4291 profecto
1076 4230 1173 4272 mun·
1225 4231 1281 4273 666
1312 4229 1368 4274 666
1400 4210 1455 4292 qui
1491 4210 1573 4292 legis
1604 4210 1765 4274 mosaicae
1803 4208 2043 4273 observationes
2079 4206 2203 4271 aboleri

198 4291 291 4372 dum,
325 4299 359 4356 et
391 4292 550 4375 quidquid
583 4307 633 4359 est
658 4294 818 4359 bonorum
845 4296 1082 4378 praesentium,
1116 4314 1173 4376 spe
1224 4315 1317 4377 posse
1339 4316 1407 4358 non
1424 4294 1592 4377 putabant,
1615 4295 1680 4360 nisi
1701 4301 1739 4358 61
1756 4314 1865 4360 666661
1884 4293 2054 4358 traherent
2070 4291 2202 4374 religio-

197 4398 256 4442 666
290 4377 521 4459 transcendere
549 4381 752 4463 profitentur.
804 4379 901 4444 Hanc
927 4387 1038 4444 tamen
1069 4380 1173 4443 futuri
1224 4382 1276 4445 nis
1296 4382 1395 4445 totius
1417 4381 1555 4445 ruinam.
1591 4379 1665 4460 Quo
1688 4380 1775 4445 hunc
1795 4400 1939 4444 errorem
1959 4379 2085 4455 refutet,
2106 4397 2203 4440 6666-

99 4490 105 4509 ·
197 4463 318 4528 saeculi
356 4463 593 4530 beatitudinem
629 4465 807 4548 prophetae
845 4466 974 4547 saepius
1005 4464 1065 4529 sub
1094 4470 1172 4549 typo
1223 4467 1285 4530 mit
1316 4465 1403 4550 quod
1436 4465 1476 4530 de
1508 4465 1633 4531 Christi
1667 4465 1844 4532 sacerdotio
1876 4464 2078 4547 praedictum
2111 4462 2203 4545 apud

198 4569 296 4631 quem
324 4570 344 4613 a
370 4550 513 4614 Domino
542 4557 748 4632 acceperant,
776 4549 972 4617 describunt
1023 4548 1172 4628 Qualiter
1224 4553 1418 4635 prophetam
1439 4553 1554 4616 fuerat,
1598 4552 1686 4616 Nam
1711 4572 1812 4633 quum
1841 4561 2011 4615 aeternum
2040 4548 2088 4613 illi
2110 4547 2201 4612 defe-

198 4633 431 4717 intelligendae
459 4642 536 4700 sunt
565 4637 649 4713 istae
674 4637 870 4700 sententiae:
898 4634 985 4718 quod
1014 4635 1061 4717 pii
1093 4636 1171 4701 hae-
1223 4645 1316 4702 ratur
1344 4638 1575 4716 sacerdotium,
1603 4645 1728 4703 certum
1756 4643 1807 4701 est
1834 4636 1956 4701 aboleri
1982 4633 2202 4701 sacerdotium

198 4719 337 4783 reditate
365 4720 558 4785 obtinebunt
584 4728 720 4799 terram,
749 4720 898 4785 scelerati
928 4727 1037 4785 autem
1064 4743 1106 4787 ex
1133 4744 1172 4787 ea
1222 4722 1313 4803 illud,
1335 4725 1392 4788 ubi
1414 4724 1470 4788 alii
1488 4724 1560 4788 aliis
1578 4745 1778 4790 successores
1795 4721 1937 4806 quotidie
1959 4719 2201 4786 substitueban-

197 4803 427 4887 disperdentur
460 4805 572 4890 (Prov.
594 4809 623 4883 2,
643 4806 715 4890 21);
749 4805 835 4889 quod
862 4806 1043 4871 Ierusalem
1074 4828 1171 4872 omne
1222 4816 1285 4873 tur.
1330 4809 1527 4875 Praevalcrc
1549 4817 1658 4873 autem
1680 4810 1757 4874 novi
1785 4809 1879 4873 istius
1907 4807 2083 4872 sacerdotis
2104 4805 2201 4869 iusti·

197 4909 302 4972 genus
330 4890 453 4956 divitiis
487 4890 679 4970 abundabit,
714 4899 748 4956 et
775 4889 856 4956 Sion
889 4913 997 4958 rerum
1023 4895 1172 4957 omnium
1222 4896 1382 4960 tutionem
1413 4896 1542 4978 probat,
1569 4893 1655 4977 quod
1681 4896 1862 4960 iuramento
1895 4893 2066 4957 stabilitur.
2111 4888 2200 4956 Sub-

197 4976 289 5057 copia
315 4974 488 5058 1111116611)
533 4974 627 5058 Quae
640 4979 759 5042 omnia
779 4976 928 5043 videmus
956 4998 1021 5042 non
1047 4980 1083 5043 in
1105 4987 1170 5043 ter·
1222 4981 1330 5063 iungit
1357 4988 1482 5063 postea:
1527 4982 1563 5044 in
1596 5001 1635 5045 66
1668 4980 1838 5045 sacerdotii
1870 4978 2082 5042 translatione
2113 4977 2201 5042 verti

199 5115 400 5121 ss--ss-
1223 5067 1321 5130 etiam
1355 5068 1542 5130 testamenti
1573 5067 1793 5130 mutationem.
1837 5066 1946 5145 Atque
1979 5063 2014 5126 id
2049 5082 2200 5127 necessa·

266 5176 295 5245 1)
317 5178 382 5231 aad.
403 5180 574 5247 potissimum
597 5179 665 5236 1543
681 5197 752 5252 seqq.
901 5182 931 5249 2)
955 5184 1037 5252 Apud
1055 5185 1170 5237 Imm,
1222 5151 1310 5250 rium
1331 5152 1439 5250 fuisse
1458 5152 1582 5215 rationo
1599 5153 1778 5250 6661116161,
1797 5151 1948 5232 quoniam
1965 5170 2005 5213 ea
2025 5157 2100 5246 erat·
2116 5146 2201 5230 logis

197 5246 379 5299 1661ῑί610116-
1223 5237 1443 5315 1mbecrlhtas‚
1476 5257 1559 5319 quae
1590 5236 1674 5300 mhrl
1701 5234 1862 5301 adducere
1895 5233 1936 5299 ad
1966 5235 2200 5317 perfectionem
