4770 6030
190 354 251 415 797
714 347 814 414 ΟΑΡ.
834 347 878 413 X.
901 347 994 433 (Vl.)
1037 346 1101 412 DE
1124 342 1665 412 11811110111011111111.
2128 352 2190 415 798

188 464 301 517 Atat·
318 463 429 516 Bell·
449 461 551 516 calo.

188 561 249 605 nos
277 505 319 604 all
344 503 459 605 verain
491 448 605 602 eonim
618 536 882 621 intelligentiam
914 557 1084 620 nunquam
1111 557 1165 601 ae·
1217 534 1452 617 imprimuntur
1472 534 1574 607 nobis,
1597 535 1714 617 quibus
1735 556 1812 600 oves
1830 535 1940 618 gregis
1962 536 2013 600 sui
2029 537 2192 602 Dominus

189 647 350 703 sessuros,
379 625 444 690 nisi
470 624 579 690 oeulos
606 623 642 686 in
670 644 803 706 seopum
832 630 1073 700 convertamus,
1102 642 1165 704 quo
1218 621 1348 704 signare
1386 620 1476 686 solet.
1531 620 1605 685 Hae
1644 641 1722 704 ergo
1754 621 1881 685 ratione
1913 620 2004 704 digni
2032 622 2193 687 habemur

189 734 249 777 sua
269 712 371 777 verba
399 710 532 793 spiritus
567 707 685 791 dirigit.
731 706 769 774 Si
790 731 906 778 verum
934 715 984 773 est
1011 707 1097 791 quod
1120 707 1166 772 ait
1218 727 1320 790 regno
1347 708 1426 771 Dei:
1455 707 1532 789 quia
1560 707 1714 789 stigmata
1735 707 1871 771 Domini
1892 708 1996 772 nostri
2025 716 2192 789 portamus

189 796 358 875 Christus,
392 796 438 860 ibi
470 796 618 859 animum
648 801 798 858 nostrum
832 794 993 872 residere,
1027 793 1084 858 ubi
1116 800 1166 858 est
1217 794 1252 856 11
1278 812 1425 876 eorpere,
1455 813 1538 874 quae
1566 792 1812 857 sunt-filiorum
1840 793 1903 856 Dei
1930 794 2024 876 signe
2051 792 2141 878 (Gal.
2163 799 2191 874 6,

188 883 362 948 thesaurus
383 891 495 946 noster
518 879 807 964 (quemadmodum
823 880 882 944 filii
904 879 1024 944 saeeuli
1046 880 1165 943 intenti
1221 879 1284 962 17).
1320 876 2193 959 Η11111111111111111111111111111111111111-

189 990 260 1034 esse
289 969 394 1033 solent
421 967 462 1032 ad
489 988 529 1031 ee
555 965 774 1047 comparanda
801 987 884 1048 quae
913 964 955 1029 ad
983 965 1165 1047 praesentis
1217 965 1302 1028 ferre
1324 963 1603 1028 mortificationem
1626 963 1702 1028 Iesu
1720 962 1845 1028 Christi
1866 965 1903 1028 in
1920 987 2053 1048 torpore
2071 973 2191 1045 nostro,
2245 1029 2248 1036 .

188 1056 276 1121 vitae
304 1055 435 1120 delioius
456 1050 611 1135 fatiunt),
648 1053 694 1115 ita
720 1050 871 1115 fidelibus
899 1049 1077 1115 videndum
1105 1057 1163 1127 est,
1216 1058 1254 1114 11
1276 1051 1345 1114 vita
1366 1050 1468 1131 ipsius
1495 1050 1721 1114 manifestetur
1748 1051 1783 1113 in
1805 1050 1897 1114 nobis
1921 1049 2191 1135 (2011.4,11);

187 1148 357 1224 postquam
385 1140 471 1204 hane
498 1138 600 1202 vitam
627 1137 732 1201 instar
761 1137 878 1201 somnii
909 1158 987 1200 mox
1015 1135 1165 1200 evanitu·
1216 1157 1277 1200 nos
1297 1136 1503 1218 passionibus
1524 1136 1593 1200 eius
1615 1136 1818 1212 eonformari,
1841 1143 1879 1199 ut
1899 1139 2129 1220 perveniamus
2150 1137 2193 1203 ad

188 1248 261 1291 ram
290 1225 487 1302 didicerunt,
516 1230 553 1286 ut
580 1244 619 1287 ea
646 1223 763 1304 quibus
784 1243 862 1287 1111
879 1223 944 1286 frui
964 1221 1094 1299 volunt,
1127 1241 1165 1285 eo
1216 1221 1463 1286 similitudinem
1485 1221 1729 1287 resurrectionis
1752 1243 1793 1286 ex
1815 1224 1959 1287 mortuis.
2000 1222 2192 1303 (11111111-

188 1313 421 1389 transmittant,
444 1310 500 1374 ubi
511 1308 648 1374 solidam
658 1309 761 1373 vitam
776 1315 854 1373 simt
870 1308 1022 1373 habituri.
1068 1305 1165 1386 Quod
1215 1308 1325 1373 iieitur
1351 1307 1449 1385 ratio,
1483 1328 1549 1371 non
1572 1306 1613 1371 ad
1640 1306 1843 1389 probandam
1865 1307 1968 1373 ullam
1990 1308 2191 1392 dignitatem,

188 1419 266 1481 ergo
288 1398 420 1475 fatiunt,
443 1396 499 1477 qui
521 1394 703 1476 demigrare
725 1394 903 1458 instituunt
923 1394 959 1458 in
977 1393 1086 1458 loeum
1103 1392 1164 1456 ali-
1218 1392 1275 1458 sed
1296 1413 1388 1474 spem
1410 1393 1503 1476 regni
1531 1392 1788 1458 eonfirmendam
1809 1394 1965 1476 pertinet:
1996 1417 2034 1460 ae
2056 1396 2085 1459 si
2107 1394 2192 1461 diee-

188 1505 300 1566 quem,
329 1484 385 1547 ubi
405 1487 598 1564 perpetuam
619 1480 706 1544 vitae
728 1479 838 1543 sedem
860 1480 1044 1563 elegerunt,
1071 1478 1165 1543 nobis
1216 1486 1282 1557 ret,
1309 1486 1348 1542 ut
1365 1479 1449 1545 iusto
1470 1479 1536 1542 Dei
1556 1477 1674 1544 iudieio
1695 1480 1848 1544 11111111
1868 1480 2047 1545 vindictam
2068 1482 2108 1545 ab
2129 1483 2192 1545 ini·

190 1568 386 1633 imitandum
407 1573 468 1631 est:
492 1566 706 1647 praemittimt
730 1565 780 1628 illi
802 1586 878 1630 suas
898 1565 1085 1641 faeultates3
1107 1585 1165 1628 ne·
1216 1565 1310 1630 mieis
1337 1566 1461 1630 vestris-
1481 1569 1632 1646 expetere
1661 1586 1774 1629 earum
1801 1587 1882 1647 quas
1903 1567 1994 1631 vobis
2021 1567 2194 1631 intulerint

189 1676 251 1737 que
272 1654 336 1718 illis
359 1652 400 1717 ad
423 1659 552 1734 tempus
579 1672 676 1734 aegre
698 1658 825 1727 earent,
854 1652 930 1733 quia
952 1673 986 1716 se
1007 1651 1166 1716 beatiores
1216 1651 1442 1725 vexationum,
1473 1651 1520 1714 ita
1551 1652 1644 1715 vobis
1676 1650 1912 1715 relaxationem
1938 1658 1972 1716 et
2003 1654 2145 1735 quietem
2173 1674 2193 1717 a

189 1759 227 1804 eo
247 1746 379 1822 putant,
409 1759 472 1820 quo
494 1737 567 1819 plus
590 1737 713 1801 habent
733 1737 908 1816 bonorum,
936 1737 992 1802 uhi
1011 1735 1066 1800 diu
1089 1741 1166 1800 sunt
1217 1737 1445 1801 vexationibus
1471 1737 1640 1818 impertiri.
1691 1735 1788 1801 Alter
1813 1736 1919 1816 loeus,
1947 1739 2003 1820 qui
2031 1739 2192 1803 11111111-

188 1826 298 1890 futuri.
342 1823 444 1889 Nobis
462 1824 490 1888 si
509 1823 634 1888 eoelum
651 1823 790 1905 patriam
808 1844 878 1888 esse
895 1821 1066 1900 eredimus,
1088 1821 1166 1886 illue
1216 1823 1298 1886 tiam
1324 1822 1389 1886 Dei
1417 1820 1532 1886 dooere
1559 1822 1673 1899 tradit,
1701 1842 1836 1887 suorum
1864 1822 2017 1905 obsequia
2039 1824 2194 1889 oblivioni

188 1911 296 1994 potius
328 1911 550 1975 transmittere
587 1929 663 1990 opes
702 1916 829 1972 nostras
862 1909 1029 1987 eonvenit,
1067 1927 1166 1990 quam
1216 1928 1284 1972 non
1300 1907 1466 1984 mandare,
1484 1913 1522 1970 ut
1538 1927 1638 1990 prope
1659 1907 1818 1972 iniustum
1835 1908 1903 1973 fore
1922 1910 2048 1988 innuat,
2067 1911 2096 1975 si
2112 1910 2193 1975 obli·

189 1995 244 2062 hie
271 1998 428 2073 retinere,
461 1994 518 2058 ubi
545 1994 653 2058 subita
679 1995 874 2076 migratione
901 1995 1046 2075 peritura
1073 1993 1166 2057 nobis
1217 1994 1369 2072 viaeatur,
1391 1992 1478 2057 hane
1494 1993 1654 2057 rationem
1672 1993 1786 2058 habet:
1809 1995 1981 2073 Dominus,
2002 2017 2066 2078 quo
2085 1997 2192 2079 segni·

190 2083 265 2146 sint.
316 2080 487 2162 Quomodo
526 2087 636 2144 autem
674 2078 955 2145 transmittemus?
988 2099 1106 2161 nempe
1137 2078 1166 2143 si
1217 2078 1297 2143 tiem
1322 2085 1468 2144 nostram
1490 2085 1635 2159 aeueret,
1657 2078 1810 2144 fidutiam
1832 2081 1925 2146 nobis
1947 2082 2036 2159 feeit,
2060 2103 2127 2146 non
2148 2082 2193 2146 ir-

188 2188 368 2250 pauperum
379 2165 926 2242 neeessitatibusoommunieamus3
942 2162 1164 2246 quibusquid·
1217 2164 1317 2229 ritum
1337 2165 1415 2244 fore,
1438 2178 1536 2246 quem
1562 2165 1598 2228 in
1620 2164 1757 2248 gloriam
1778 2166 1920 2231 nominis
1942 2169 1993 2231 sui
2015 2169 2193 2249 suseeperi·

189 2253 268 2335 quid
279 2261 439 2336 erogatur,
453 2252 514 2316 sibi
525 2251 638 2315 datum
647 2251 809 2315 Dominus
820 2249 1103 2335 imputat(ll1atth.
1113 2253 1164 2326 25,
1217 2271 1290 2315 mus
1311 2250 1464 2315 laborem.
1510 2247 1649 2333 Semper
1670 2251 1924 2329 meminerimus,
1948 2253 2033 2318 hane
2055 2254 2192 2335 promis·

190 2338 256 2422 40).
300 2338 398 2403 Unde
427 2337 559 2420 egregia
590 2336 649 2435 illa
668 2337 839 2434 promissio
874 2335 986 2421 (Prov.
1009 2339 1063 2414 19,
1092 2334 1163 2418 17):
1217 2336 1350 2414 sionem,
1373 2341 1576 2435 utneaeteras
1597 2356 1725 2413 omnes,
1746 2336 1831 2435 nihil
1852 2337 1976 2437 fruetus
1998 2339 2091 2403 nobis
2114 2338 2193 2404 alla-

190 2425 435 2593 111111
463 2420 1167 2590 111110111111111111
1218 2421 2192 2586 ffltttttlttttttattflttttttt

188 2596 409 2677 Deponuntur
421 2595 555 2662 enimin
576 2614 711 2657 manum
732 2593 883 2670 Domini,
905 2613 989 2675 quae
1009 2592 1165 2656 fratribus
1216 2594 1267 2657 Eo
1289 2600 1400 2658 autem
1419 2593 1503 2672 freti,
1527 2594 1688 2659 eonfidere
1709 2614 1822 2659 seeure
1845 2592 2008 2672 debemus,
2032 2596 2193 2678 obsequiis

190 2702 232 2746 ex
253 2681 397 2746 earitatis
419 2680 524 2745 offieio
544 2677 787 2762 impenduntur.
832 2678 909 2758 Ille,
931 2686 969 2742 ut
990 2685 1040 2742 est
1061 2678 1165 2742 bonae
1216 2680 1316 2743 etiam
1336 2680 1473 2758 nostris,
1495 2679 1673 2763 quamlibet
1698 2678 1855 2761 indignis,
1878 2682 1944 2743 noir
1966 2679 2194 2746 defuturama

189 2767 266 2831 fidei
284 2767 506 2849 depositarius,
525 2765 603 2830 olim
623 2765 772 2829 restituet
789 2786 864 2830 eum
881 2765 1008 2847 eopioso
1023 2764 1163 2828 foenore.
1216 2764 1281 2829 Dei
1305 2765 1508 2848 benignitate
1529 2765 1783 2851 retributionem.
1829 2765 1871 2829 In
1893 2786 1932 2829 ea
1953 2768 2193 2847 exspeetatione

188 2854 321 2936 Ergone
343 2852 428 2916 tanti
449 2857 526 2916 sunt
547 2850 633 2934 apud
644 2851 753 2914 Deum
775 2858 887 2915 nostra
904 2850 1018 2927 offieia,
1041 2857 1079 2913 ut
1100 2849 1167 2914 sint
1216 2857 1255 2914 ut
1274 2872 1334 2917 nos
1356 2853 1527 2917 eonfirmet
1554 2850 1732 2933 apostolus,
1765 2852 1875 2916 Deum
1897 2851 2014 2917 asserit
2034 2873 2100 2915 non
2122 2873 2192 2918 esse

189 2939 222 3000 in
245 2938 314 3002 eius
336 2959 437 3001 manu
459 2939 552 3020 quasi
574 2934 760 3002 reeenditae
782 2937 875 3000 nobis
896 2934 995 3018 opes?
1029 2936 1075 2998 Et
1092 2935 1164 3017 quis
1216 2937 1388 3013 iniustum,
1422 2938 1501 3019 quin
1534 2942 1741 3002 eonstaturus
1776 2938 1818 3002 sit
1846 2937 1923 3002 fidei
1951 2937 2053 3001 semel
2086 2937 2190 3002 datae.

190 3023 322 3087 horreat
353 3024 399 3087 ita
429 3023 532 3105 loqui,
565 3043 667 3104 quum
699 3021 793 3086 toties
827 3043 865 3087 ae
896 3029 965 3086 tam
992 3027 1103 3103 aperte
1130 3020 1165 3084 id
1215 3021 1347 3088 Iustitia
1377 3023 1480 3106 igitur
1511 3022 1578 3086 ista
1605 3023 1709 3105 magis
1741 3022 1783 3087 ad
1811 3022 1942 3088 divinae
1969 3024 2192 3106 promissionis

150 3148 155 3160 .
190 3115 326 3173 testetur
347 3108 529 3190 scriptura?
574 3108 763 3185 Caeterum,
793 3108 915 3190 siquis
942 3115 971 3171 a'
988 3127 1080 3171 mera
1099 3106 1165 3170 Dei
1216 3110 1402 3185 veritatem,
1434 3129 1533 3190 quam
1565 3107 1607 3172 ad
1640 3107 1840 3174 reddendam
1868 3109 1967 3174 debiti
1996 3111 2192 3192 aequitatem

190 3194 389 3276 benignitate
420 3194 584 3259 transilire
616 3194 696 3260 velit
725 3193 766 3257 ad
793 3213 928 3276 operum
961 3193 1163 3276 dignitatem,
1216 3194 1363 3259 refertur.
1409 3194 1450 3258 In
1471 3213 1569 3276 quem
1592 3214 1725 3258 sensum
1752 3196 1881 3278 insigne
1903 3202 1953 3260 est
1976 3194 2099 3261 dietum
2120 3196 2192 3260 Au·

190 3280 242 3344 his
265 3280 457 3344 testimoniis
484 3280 526 3344 ad
553 3302 698 3344 errorem
728 3278 940 3344 astruendum
967 3277 1051 3342 nihil
1072 3278 1164 3343 iuva·
1216 3280 1347 3364 gustini,
1367 3279 1391 3363 ¹)
1419 3278 1504 3362 quod
1525 3285 1564 3344 ut
1584 3281 1637 3344 vir
1657 3287 1789 3345 sanetus
1812 3287 1957 3364 repetere
1980 3282 2110 3364 saepius
2130 3301 2190 3362 pro

188 3365 285 3430 bitur.
329 3365 423 3429 Nihil
454 3367 541 3429 enim
571 3367 633 3431 rite
659 3365 736 3430 inde
764 3365 911 3449 eolligas,
944 3365 1008 3430 nisi
1040 3384 1165 3428 meram
1216 3365 1418 3430 memorabili
1439 3386 1506 3428 non
1528 3364 1702 3444 dubitavit,
1725 3367 1772 3430 ita
1792 3389 1858 3431 nen
1880 3366 2053 3449 indignum
2075 3365 2190 3446 iudico,

189 3450 319 3516 divinae
336 3471 416 3533 erga
425 3472 484 3515 nos
501 3450 725 3535 indulgentiae
742 3452 1005 3534 propensionem;
1019 3448 1164 3533 quando-
1216 3451 1302 3535 quod
1328 3450 1456 3517 assidue
1484 3452 1641 3516 memoria
1663 3460 1856 3534 repetamus.
1907 3451 2045 3531 Fidelis,
2076 3453 2190 3534 inquit,

190 3535 334 3618 quidem,
364 3556 426 3618 quo
447 3558 507 3601 nos
534 3537 576 3600 ad
596 3536 864 3602 benefaciendum
886 3537 1022 3614 animet,
1050 3556 1164 3618 quam·
1215 3537 1392 3616 Dominus,
1415 3537 1472 3620 qui
1493 3558 1528 3602 se
1548 3538 1641 3602 nobis
1663 3539 1739 3602 feeit
1761 3537 1951 3602 debitorem:
1983 3560 2049 3602 non
2069 3536 2192 3621 aliquid

189 3623 269 3686 libet
288 3622 342 3686 vel
363 3622 430 3686 solo
453 3623 522 3687 eius
543 3624 665 3687 intuitu
686 3622 822 3706 indigna
844 3623 918 3697 sint,
941 3643 1024 3705 quae
1040 3621 1089 3685 illi
1107 3642 1164 3685 ex·
1216 3644 1237 3687 a
1258 3623 1352 3689 nobis
1373 3621 1567 3705 aeeipiendo,
1592 3622 1648 3687 sed
1671 3624 1780 3687 omnia
1801 3623 2029 3706 promittendo.

83 3700 90 3720 ⁸
190 3708 340 3773 hibemus
361 3709 522 3789 obsequia,
545 3709 673 3773 nullum
694 3716 803 3773 tamen
825 3707 990 3791 perditum
1012 3709 1097 3773 sinit
1301 3711 1352 3772 84.
1404 3707 1623 3773 Addueuntur
1644 3717 1678 3773 et
1704 3709 1780 3774 illae
1808 3709 1906 3774 Pauli
1933 3710 2128 3774 sententiae:
2163 3711 2192 3774 si

276 3798 326 3856 83.
372 3792 440 3859 Sed
457 3794 562 3877 magis
580 3801 700 3876 urgent
717 3795 853 3877 apostoli
871 3794 972 3872 verba
1000 3792 1034 3874 (2
1047 3793 1161 3859 Thess.
1215 3794 1354 3860 habeam
1386 3814 1517 3858 omnem
1547 3793 1660 3872 fidem,
1694 3795 1742 3858 ita
1773 3804 1811 3858 ut
1838 3802 1964 3859 montes
1991 3795 2061 3860 loeo
2088 3794 2192 3860 dimo-

193 3883 219 3957 l,
233 3880 276 3965 5),
294 3879 439 3962 quidum
451 3879 1077 3945 Thessalonieensesintribulationibus
1088 3900 1164 3947 111·
1215 3901 1324 3958 veam,
1358 3881 1527 3945 caritatem
1566 3886 1677 3944 autem
1710 3902 1776 3944 non
1807 3880 1960 3956 habeam,
2000 3880 2084 3945 nihil
2117 3903 2192 3946 sum

190 3966 331 4042 solatur,
355 3987 410 4030 eas
432 3966 564 4029 immitti
585 3966 650 4030 illis
673 3965 778 4044 11111,
807 3974 845 4029 11
871 3965 962 4048 digni
984 3966 1166 4030 habeantur
1216 3965 1248 4050 (l
1270 3964 1343 4030 (111.
1367 3969 1414 4043 13,
1434 3966 1478 4049 2).
1522 3964 1621 4029 Item:
1651 3987 1739 4031 nune
1757 3972 1894 4031 manent
1916 3988 1998 4049 spes,
2021 3966 2111 4044 fides,
2138 3988 2191 4032 ea·
2215 4013 2220 4022 ·

190 4072 290 4132 regno
318 4052 398 4129 Dei,
427 4073 486 4133 pro
515 4073 578 4132 quo
605 4053 782 4133 patiuntur.
834 4050 1020 4134 Siquidem,
1048 4051 1162 4133 inquit,
1216 4053 1309 4116 ritas:
1329 4051 1386 4116 sed
1403 4052 1549 4116 maxima
1565 4052 1601 4115 in
1618 4051 1678 4130 his,
1697 4053 1816 4117 earitas
1834 4052 1925 4137 (ibid.
1944 4075 1975 4119 v.
1999 4054 2061 4137 13).
2089 4052 2188 4118 Item:

189 4136 312 4199 iustum
329 4145 379 4201 est
396 4137 482 4219 apud
500 4138 617 4215 Deum,
636 4137 772 4201 reddere
791 4139 831 4201 iis
856 4138 911 4218 qui
929 4158 986 4201 vos
1003 4137 1163 4219 affligunt,
1216 4159 1314 4220 super
1340 4137 1451 4201 omnia
1477 4137 1594 4201 habete
1622 4139 1806 4216 oaritatem,
1834 4159 1916 4220 quae
1945 4146 1997 4204 est
2022 4138 2191 4203 vineulum

190 4220 411 4299 afflictionem:
450 4223 540 4287 vobis
572 4231 680 4287 autem
719 4222 953 4287 relaxationem
985 4223 1162 4302 nobiseum,
1215 4223 1421 4306 perl‘eetionis
1442 4221 1576 4373 glot&
1598 4222 1662 4307 14).
1702 4224 1756 4288 Ex
1777 4224 1891 4306 primis
1914 4224 2038 4289 duobus
2058 4230 2190 4288 eonten-

190 4327 290 4388 quum
316 4308 515 4372 revelabitur
546 4309 708 4373 Dominus
740 4309 833 4373 Iesus
866 4331 884 4372 e
917 4307 1013 4372 11111.
1058 4308 1164 4373 Autor
1216 4309 1300 4374 dunt
1318 4308 1421 4374 nostri
1474 4308 1629 4386 harisaei,
1653 4310 1789 4374 earitate
1811 4331 1870 4374 nos
1891 4310 2061 4375 iustificari
2083 4308 2190 4390 petius

189 4414 267 4457 vero
289 4392 443 4474 epistolae
465 4393 507 4457 ad
528 4394 695 4459 Hebraeos
718 4393 763 4477 (e,
787 4395 855 4474 10):
879 4415 945 4458 111
967 4402 1025 4472 est,
1049 4394 1180 4477 inquit·
1215 4413 1314 4479 quam
1334 4394 1413 4459 fide:
1441 4394 1563 4459 virtute
1584 4395 1755 4473 nimirum,
1783 4402 1821 4459 ut
1841 4395 1905 4479 ipsi
1927 4396 2033 4473 aiunt,
2056 4394 2188 4476 potiere.

189 4478 330 4543 iniustus
351 4478 452 4556 Deus,
474 4487 513 4543 ut
529 4480 738 4545 obliviscatur
755 4480 861 4562 operis
878 4480 988 4557 vestri,
1011 4488 1045 4544 et
1066 4479 1164 4545 11111-
1216 4483 1263 4544 At
1284 4479 1373 4546 nullo
1394 4481 1525 4563 negotio
1548 4479 1684 4545 diluitur
1704 4480 1786 4546 haee
1812 4483 1981 4565 argutatio.
2025 4480 2189 4561 Exposui-

189 4564 301 4642 tionis,
335 4585 434 4646 quam
466 4565 653 4629 ostendistis
688 4567 723 4628 in
758 4565 889 4629 nomine
921 4566 1039 4646 ipsius,
1078 4565 1164 4647 quod
1216 4589 1289 4633 mus
1322 4567 1411 4631 enim
1438 4565 1530 4646 alibi,
1564 4566 1606 4631 ad
1638 4588 1751 4632 veram
1778 4567 1877 4632 fidem
1903 4566 1987 4630 nihil
2015 4566 2188 4649 pertinere,

188 4650 380 4715 ministratis
407 4651 536 4715 sanetis.
581 4651 635 4714 Ad
663 4650 804 4733 priorem
836 4649 944 4715 loeum
970 4651 1163 4734 respondeo:
1216 4673 1298 4734 quae
1319 4653 1426 4735 primo
1446 4651 1516 4716 loeo
1539 4651 1699 4717 dicuntur.
1743 4653 1895 4716 Alterum
1918 4672 1978 4715 nos
2000 4671 2127 4732 quoque
2148 4649 2189 4715 de

188 4735 313 4799 nullam
339 4736 407 4801 11111
435 4737 544 4800 meriti
565 4736 758 4820 dignitatem
785 4736 978 4820 signifieari;
1004 4736 1062 4800 sed
1088 4737 1165 4818 quia
1217 4760 1297 4803 vera
1322 4737 1387 4802 fide
1415 4738 1681 4819 interpretemur,
1711 4759 1775 4819 qua
1801 4739 1956 4801 maiorem
1978 4756 2048 4800 esse
2070 4735 2189 4801 oarita-

187 4821 279 4887 Deus
311 4829 405 4905 pater
442 4822 514 4887 vult
545 4844 619 4901 nos,
653 4844 732 4905 quoa
764 4822 863 4905 elegit
894 4822 993 4901 filios,
1032 4820 1165 4887 Christe
1216 4830 1284 4887 tem
1311 4823 1403 4901 dioit3
1437 4843 1504 4887 non
1530 4830 1688 4905 tanquam
1716 4825 1759 4887 sit
1785 4823 1890 4905 magis
1916 4822 2098 4901 meritoria,
2131 4820 2190 4886 sed
2257 4882 2260 4889 .

188 4908 404 4991 primogenito
432 4909 639 4987 eonformari;
667 4909 751 4973 sieut
772 4909 914 4990 oportuit
939 4908 1033 4972 illum
1058 4909 1164 4990 primo
1217 4910 1293 4990 quia
1320 4909 1426 4991 magis
1458 4909 1624 4974 fruetuosa
1652 4916 1715 4984 est,
1752 4909 1828 4989 quia
1854 4908 1951 4972 latius
1978 4914 2081 4990 patet,
2112 4908 2190 4990 quia

187 4994 264 5072 pati,
287 5003 321 5058 et
341 5001 412 5059 tum
432 4994 564 5058 demum
585 4995 709 5060 intrare
730 4995 763 5057 in
787 4993 924 5077 gloriam
941 4994 1003 5059 sibi
1021 4992 1164 5058 destina·
1216 4994 1364 5076 pluribus
1383 4995 1500 5072 servit,
1523 4994 1600 5077 quia
1621 5014 1748 5076 semper
1771 4994 1867 5077 viget,
1890 5015 1991 5075 quum
2012 4993 2088 5058 fidei
2109 5013 2189 5058 usus

189 5083 270 5154 tam;
293 5080 339 5142 ita
358 5085 395 5142 et
416 5101 475 5143 nos
496 5101 556 5161 per
578 5081 698 5144 multas
719 5079 944 5143 tribulationes
967 5085 1092 5162 eportet
1111 5080 1163 5142 in·
1189 5074 1192 5151 l
1324 5135 1420 5140 m„

189 5161 280 5243 gredi
301 5164 337 5226 in
359 5187 497 5247 regnum
516 5166 687 5230 eoelorum.
732 5165 972 5230 'I'ribulationes
990 5187 1068 5248 ergo
1086 5159 1192 5251 duml
1287 5196 1515 5266 1)1„p„1·32‚
1546 5198 1641 5251 Em
1661 5198 1685 5264 2,
1704 5197 1729 5252 2·
1760 5197 2190 5262 Ρ111.83.1.16;1091.111

187 5247 332 5328 patimur
359 5271 417 5330 pro
436 5249 561 5316 Christi
590 5253 735 5330 nomine,
764 5249 923 5334 quaedam
943 5250 1047 5316 veluti
1066 5258 1164 5315 notae
1189 5262 1192 5301 =
1218 5267 1283 5320 alibi
1300 5283 1388 5336 saepe.
