4770 6030
201 340 260 400 111
567 285 571 292 ’
729 336 828 402 aar.
852 337 897 401 x.
921 334 1013 419 (vr.)
1056 337 1119 401 nn
1137 334 1517 402 msamreamonn
1539 336 1679 403 riona
2146 343 2207 404 111

201 448 448 518 A201332893
468 447 570 504 0288.
1620 476 1624 485 ·

201 547 261 590 nos
283 524 507 589 intercedente
530 436 655 590 Oliristi
676 524 801 588 iustitia
823 524 884 589 sibi
905 523 1093 589 reconciliat
1109 524 1178 588 Do-
1230 524 1267 587 in
1288 544 1379 606 spem
1400 525 1518 589 falsam
1544 525 1692 590 inductos
1715 523 1836 588 rideret
1858 547 1895 589 aa
1914 524 2050 589 luderet.
2096 523 2209 605 Quum

201 613 325 688 minus,
356 631 393 674 ac
420 610 565 693 gratuita
591 617 797 692 peccatorum
826 610 1015 675 remissione
1044 609 1179 674 donatos
1231 610 1319 672 enim
1339 611 1493 692 perfectio
1515 611 1607 676 nulla
1623 611 1790 694 obtingere
1808 609 1901 675 nobis
1922 611 2032 692 possit,
2053 610 2208 693 quamdiu

201 718 261 780 pro
285 696 389 780 ,iustis
417 696 530 774 habet,
564 717 639 761 cum
665 695 823 761 eiusmodi
848 694 1070 760 misericordia
1102 717 1179 760 con·
1231 695 1292 761 hac
1315 717 1412 760 earne
1438 695 1547 760 induti
1568 719 1696 775 sumus,
1726 697 1780 759 lex
1803 703 1912 760 autem
1938 703 2077 760 mortem
2099 718 2136 761 ae
2158 697 2209 762 iu·

201 785 347 846 iunctam
376 781 475 846 simul
499 803 569 846 esse
596 781 682 846 hanc
704 783 773 846 eius
802 781 1064 860 beneficentiam,
1093 779 1179 863 quod
1232 780 1353 845 dicium
1375 782 1524 846 omnibus
1547 783 1730 860 denuntiet,
1759 783 1814 864 qui
1836 803 1903 846 non
1930 782 2093 866 integram
2115 784 2209 848 iusti·

201 889 260 951 per
282 867 434 949 spiritum
456 889 552 932 suum
574 875 725 932 sanetum
747 867 784 930 in
805 867 899 932 nobis
923 867 1063 944 habitat,
1087 867 1178 932 cuius
1232 867 1312 930 tiam
1339 888 1436 950 opere
1466 869 1704 950 praestiterint,
1738 868 1871 934 habebit
1900 889 2028 949 semper
2056 889 2118 950 quo
2148 889 2209 933 nos

201 954 322 1019 virtute
345 954 624 1036 concupiscentiae
646 951 754 1018 earnis
776 960 905 1018 nostrae
927 953 1032 1035 magis
1053 975 1091 1018 ac
1109 974 1179 1016 rna—
1233 961 1374 1032 accuset,
1402 974 1537 1036 reosque
1568 963 1656 1038 agat:
1691 955 1755 1018 nisi
1781 962 1895 1019 contra
1928 961 2112 1019 occurreret
2144 954 2208 1018 Dei

202 1038 379 1122 gisindies
397 1039 644 1116 mortificantur,
663 1061 722 1104 nos
739 1061 817 1104 vero
836 1038 1093 1103 sanctificamur:
1118 1038 1179 1103 hoc
1232 1038 1466 1117 misericordia,
1500 1060 1583 1120 quae
1615 1040 1746 1106 assidua
1779 1046 1987 1122 peecatorum
2019 1040 2208 1104 remissione

202 1132 259 1203 est,
284 1145 512 1189 consecramur
529 1125 682 1203 Domino,
706 1127 740 1189 iu
758 1146 871 1189 veram
888 1125 975 1188 ritae
992 1124 1178 1206 puritatem,
1231 1146 1291 1188 nos
1317 1123 1455 1189 subinde
1483 1124 1673 1192 absolveret.
1725 1125 1835 1206 Quare
1862 1125 1897 1189 id
1923 1147 2051 1207 semper
2080 1132 2208 1191 constat

202 1209 352 1276 cordibus
382 1211 501 1275 nostris
533 1211 568 1273 in
604 1211 685 1294 legis
715 1211 905 1292 obsequium
932 1211 1088 1276 formatis.
1133 1208 1180 1275 Ut
1232 1209 1318 1292 quod
1343 1211 1502 1292 principio
1529 1211 1731 1277 dicebamus:
1761 1214 1789 1276 si
1814 1212 1877 1294 ipsi
1899 1233 1939 1275 ex
1967 1219 2080 1276 nostra
2101 1211 2209 1295 digni·

202 1298 283 1361 haec
311 1296 354 1360 sit
380 1298 556 1378 praecipua
582 1305 694 1361 nostra
722 1296 887 1373 voluntas,
920 1295 1081 1361 voluntati
1110 1296 1179 1360 eius
1232 1302 1298 1360 tate
1321 1297 1540 1375 aestimamur,
1563 1297 1720 1380 quidquid
1737 1297 1933 1372 meditemur
1951 1304 2008 1361 aut
2025 1297 2207 1376 moliamur,

202 1383 340 1457 servire,
376 1403 413 1447 ae
443 1383 512 1446 eius
543 1381 704 1446 duntaxat
727 1381 866 1465 gloriam
894 1380 999 1445 modis
1026 1381 1179 1446 omnibus
1231 1403 1290 1445 nos
1319 1395 1431 1446 tamen
1458 1404 1533 1447 cum
1560 1385 1711 1449 omnibus
1737 1385 1858 1448 nostris
1885 1383 2052 1448 conatibus
2080 1389 2113 1447 et
2140 1389 2209 1447 stu-

202 1466 390 1550 provehere.
453 1468 634 1532 Enimvero
664 1469 763 1532 etiam
797 1467 876 1531 dum
908 1469 1012 1532 sancti
1045 1467 1179 1551 spiritns
1233 1466 1294 1531 diis
1315 1476 1419 1532 morte
1441 1476 1473 1532 et
1495 1469 1682 1534 confusione
1692 1468 1819 1553 ⁶dignos
1842 1490 1920 1534 esse.
1957 1500 1962 1507 ¹

203 1553 303 1618 ductu
325 1553 360 1614 in
383 1553 445 1618 viis
468 1554 603 1617 Domini
625 1553 844 1629 ambulamus,
876 1574 918 1616 ne
940 1560 1051 1617 tamen
1073 1552 1175 1617 nost'
1319 1556 1368 1616 38.
1413 1553 1551 1619 Duobus
1576 1556 1628 1619 his
1656 1555 1783 1620 fortiter
1814 1554 2044 1620 insistendum:
2080 1553 2209 1618 nullum

202 1639 292 1702 obliti
315 1638 441 1702 animos
463 1637 630 1717 tollamus,
659 1649 831 1703 remanent
853 1639 1109 1721 imperfectionis
1126 1659 1179 1702 re-
1233 1660 1376 1721 unquam
1399 1640 1561 1704 11111111
1583 1641 1629 1723 pii
1651 1642 1792 1705 hominis
1814 1663 1908 1723 opus,
1937 1639 2022 1722 quod
2045 1641 2072 1704 si
2095 1660 2208 1704 severo

202 1724 336 1805 liquiae,
366 1743 447 1804 quae
476 1726 568 1788 nobis
596 1725 791 1790 humilitatis
824 1732 1055 1807 argumentum
1084 1745 1179 1807 prae-
1231 1725 1296 1789 Dei
1317 1723 1435 1789 iudieio
1457 1726 1708 1804 examinaretur,
1731 1748 1798 1790 non
1820 1735 1906 1791 esset
1927 1724 2119 1790 damnabile.
2153 1724 2208 1790 Ad

175 1810 307 1874 beant.
353 1808 427 1873 Non
450 1820 499 1874 est
521 1811 635 1888 iustus,
659 1812 704 1875 ait
724 1812 886 1892 scriptura
908 1810 940 1895 (l
961 1811 1042 1895 Reg.
1063 1814 1092 1890 8,
1111 1808 1178 1891 46),
1232 1810 1307 1885 hoe,
1342 1811 1370 1874 si
1398 1810 1463 1874 tale
1491 1811 1620 1894 aliquod
1648 1812 1758 1890 detur,
1792 1812 1877 1895 quod
1905 1811 2055 1894 possibile
2084 1811 2209 1874 homini

201 1896 257 1977 qui
279 1895 379 1959 faciat
407 1894 526 1960 boniun
548 1904 581 1959 et
608 1917 674 1960 non
701 1905 820 1979 peccet.
866 1894 1007 1976 Qualem
1029 1918 1066 1960 er
1128 1898 1179 1962 iu·
1232 1917 1298 1959 non
1328 1905 1393 1975 est,
1420 1899 1560 1977 peccatis
1589 1905 1716 1975 tamen,
1745 1898 1862 1981 quibus
1890 1897 2038 1962 laborare
2061 1905 2208 1961 autorem

202 1981 325 2045 stitiam
348 2001 389 2043 ex
412 1982 479 2045 suis
497 1983 648 2063 operibus
667 1983 849 2048 etiamnum
866 1982 1075 2047 obtinebunt.
1104 1984 1179 2050 Pri·
1231 1982 1340 2064 ipsum
1368 1989 1494 2046 certum
1514 1991 1577 2060 est,
1607 1983 1758 2048 vitiatum
1780 2006 1817 2048 ae
1840 1984 2046 2066 inquinatum
2068 1983 2209 2065 gratiam

200 2087 293 2129 mum
323 2065 409 2141 dieo,
439 2067 524 2149 quod
551 2069 709 2150 optimum
737 2069 777 2132 ab
805 2068 871 2132 illis
898 2069 1036 2150 proferri
1063 2077 1178 2151 potest,
1231 2066 1375 2149 perdere.
1427 2065 1530 2148 Atque
1558 2067 1608 2132 bie
1630 2070 1824 2151 praecipuas
1852 2074 1895 2133 est
1922 2074 2042 2132 metrae
2069 2068 2209 2148 disputa·

202 2151 311 2234 aliqua
339 2158 448 2216 tamen
476 2175 605 2236 semper
633 2155 740 2219 earnis
773 2155 961 2235 impuritate
994 2175 1181 2237 respersum
1232 2154 1325 2217 tionis
1350 2154 1451 2217 cardo.
1504 2154 1591 2218 Nam
1624 2155 1661 2219 de
1686 2155 1846 2237 principio
1871 2155 2101 2236 iustificationis
2128 2151 2209 2216 nibil

202 2245 235 2302 et
257 2243 445 2319 corruptum
466 2259 545 2315 esse,
569 2262 606 2304 ac
629 2247 787 2321 tanquam
798 2238 921 2321 aliquid
932 2241 1030 2306 faecis
1052 2240 1179 2305 admix-
1232 2239 1311 2302 inter
1331 2259 1387 2303 nos
1406 2244 1433 2302 et
1451 2240 1592 2305 satiares
1605 2238 1807 2304 Scholastieos
1824 2261 1949 2322 papiae
1966 2245 2027 2304 est:
2049 2240 2126 2321 qain
2138 2258 2208 2319 peo-

202 2331 273 2387 tum
292 2322 421 2386 habere.
460 2321 595 2407 seligat,
614 2326 757 2408 inquam,
777 2348 818 2389 ex
836 2331 905 2389 tota
922 2348 983 2390 sua
1000 2327 1069 2390 vita
1085 2348 1180 2392 sanc·
1232 2330 1315 2389 coar
1334 2326 1469 2407 protrito
1491 2347 1512 2389 a
1537 2325 1735 2390 damnatione
1765 2325 1927 2403 liberatae,
1950 2326 2106 2390 iustitiam
2134 2325 2208 2389 obti-

201 2417 254 2473 tus
271 2407 336 2472 Dei
355 2430 478 2487 servus,
501 2409 588 2493 quod
606 2411 640 2475 in
659 2412 728 2475 eius
746 2432 844 2476 eursu
858 2412 1004 2475 'maxime
1022 2412 1180 2477 eximium
1231 2414 1309 2489 neat,
1333 2410 1424 2492 idque
1441 2431 1500 2492 per
1516 2411 1728 2476 remissionem
1743 2416 1955 2493 pematornm,·
1977 2413 2041 2475 nisi
2061 2412 2142 2490 qaod
2159 2409 2209 2474 iiii

201 2515 235 2559 se
263 2493 392 2575 putabit
414 2494 566 2573 edidisse;
596 2497 679 2562 bene
703 2497 850 2562 revolvat
879 2497 1026 2580 singulas
1053 2506 1177 2580 partes:
1231 2495 1287 2560 ned
1319 2495 1460 2560 11111111
1495 2497 1724 2578 iustificationis
1763 2497 1986 2560 renovationem
2019 2495 2208 2577 aonrpreben·
2261 2538 2264 2546 ,

201 2579 423 2661 deprehendet
443 2581 556 2662 procul
579 2582 675 2647 dubio
697 2582 815 2647 alieubi
837 2582 923 2664 quod
940 2585 1047 2647 carnis
1067 2593 1178 2666 putre-
1231 2582 1322 2661 dant,
1344 2602 1407 2663 qna
1427 2584 1658 2664 perspiritum
1680 2581 1743 2647 Dei
1764 2582 1972 2662 refmmmmnr
1992 2583 2026 2644 in
2048 2582 2123 2664 lepis
2145 2580 2208 2646 obe·

201 2664 311 2729 dinem
338 2667 456 2747 sapiat3
484 2668 614 2749 quando
636 2690 806 2751 nunquam
835 2681 880 2732 ea'
900 2677 951 2733 est
977 2676 1089 2733 nostra
1111 2669 1179 2734 ala·
1230 2668 1390 2732 dieutiam.
1446 2667 1608 2733 Iustitiam
1634 2688 1703 2733 aero
1729 2667 1863 2732 lammis
1889 2668 2057 2750 regenerati
2085 2668 2131 2730 sie
2157 2667 2208 2731 dc·

201 2752 299 2816 critas
333 2750 375 2815 ad
401 2751 485 2816 bene
514 2752 678 2836 agendum
705 2775 788 2836 quae
816 2775 886 2819 esse
920 2753 1028 2833 debet,
1057 2754 1115 2820 sed
1142 2755 1179 2819 in
1230 2752 1383 2818 senam.-
1404 2754 1485 2834 qaod
1506 2753 1670 2837 beawper
1693 2752 1810 2820 Obristi
1836 2752 1931 2834 (idem
1952 2752 2019 2817 Deo
2047 2753 2140 2815 sanet
2160 2771 2207 2815 re

202 2858 300 2902 eursu
328 2836 525 2902 retardando
554 2839 657 2904 multa
682 2839 840 2905 debilitas.
885 2838 1084 2922 Quanquam
1112 2863 1178 2905 non
1230 2839 1411 2903 conaliatm
1431 2841 1518 2905 bonis
1538 2840 1680 2922 operibns
1697 2841 1799 2905 instas
1815 2845 1973 2904 tenemur
1989 2838 2076 2920 apad
2092 2837 2206 2916 Deum,

202 2922 355 2986 obscuras
378 2944 448 2988 esse
470 2925 615 2994 maculas
633 2927 792 3004 videmus,
811 2926 927 3008 quibus
947 2948 1096 3009 respersa
1113 2928 1179 2992 sint
1230 2930 1258 2990 et
1284 2946 1390 2989 eoram
1415 2927 1523 2991 arente
1549 2927 1592 2990 sit
1617 2931 1764 3008 acceptas.
1821 2925 1936 2991 Veram
1957 2924 2114 2989 Dominae
2140 2942 2207 2987 cea-

203 3028 301 3089 opera
323 3017 527 3091 sanctorum;
548 3012 599 3076 fac
622 3019 732 3078 tamen
752 3013 987 3078 minutissimos
1009 3034 1079 3078 esse
1100 3034 1178 3077 nae-
1230 3017 1289 3088 tra,
1311 3031 1344 3074 se
1366 3010 1460 3090 fidem
1481 3012 1652 3093 imputasse
1673 3011 1821 3077 Abrabae
1840 3013 1874 3075 in
1895 3012 2053 3076 iustitiam
2066 3028 2207 3092 monera·

203 3114 261 3158 vos
291 3091 460 3159 duntaxat.
506 3094 574 3162 Sed
601 3119 644 3163 an
671 3098 779 3164 oculos
800 3098 866 3163 Dei
892 3098 976 3163 nihil
1003 3098 1177 3176 offendent,
1230 3095 1465 3181 tiat(Rom.4,
1487 3098 1558 3182 13),
1586 3118 1646 3162 nm
1674 3118 1708 3163 eo
1733 3103 1879 3179 tempore,
1909 3118 1968 3178 qao
1990 3096 2082 3161 idolis
2104 3094 2205 3160 aelim

203 3199 312 3244 coram
334 3180 450 3260 quibus
475 3204 517 3246 ne
545 3182 658 3249 stellae
680 3182 811 3267 quidem
839 3205 940 3266 purae
964 3185 1061 3249 sunt?
1107 3184 1178 3249 Ha·
1230 3181 1392 3259 servmbm;
1419 3182 1474 3248 sed
1495 3202 1592 3263 qnam
1611 3183 1721 3248 mattis
1742 3185 1809 3248 iam
1830 3183 1924 3249 annis
1944 3184 2024 3247 citae
2046 3182 2206 3246 sorditate

201 3266 325 3342 bemus,
349 3286 409 3329 nec
432 3288 536 3330 unum
556 3290 575 3332 a
597 3272 718 3335 sanctis
740 3270 830 3335 exire
852 3291 948 3352 opus,
970 3270 1071 3353 quod,
1094 3271 1122 3335 si
1141 3271 1178 3334 in
1230 3267 1425 3333 maduisset.
1474 3267 1545 3334 Dia
1571 3288 1641 3352 erpo
1672 3271 1805 3335 coluerat
1832 3267 1999 3334 Abrabam
2031 3267 2136 3332 Deam
2169 3286 2207 3330 en

202 3372 237 3416 se
258 3359 438 3428 censeatur,
461 3373 527 3416 non
548 3365 714 3421 mereatur
735 3356 855 3421 iustam
877 3356 1107 3421 confiuionem.
1224 3374 1308 3437 paro
1329 3353 1426 3432 eorde,
1449 3359 1477 3418 et
1498 3375 1566 3419 eam
1586 3355 1662 3439 lepis
1679 3355 1880 3421 obedientiam
1897 3355 2106 3436 praestiterat,
2128 3372 2208 3432 qaae

289 3438 338 3498 37.
383 3436 513 3502 Deinde
538 3441 666 3508 etiamsi
685 3442 757 3507 fieri
778 3448 900 3524 posset,
929 3449 968 3506 ut
989 3441 1097 3525 aliqua
1118 3436 1178 3507 rio·
1230 3439 1269 3503 ab
1296 3438 1417 3503 nomm
1443 3440 1568 3504 mortali
1590 3443 1750 3522 praestari
1771 3446 1887 3522 poam
1916 3439 2003 3504 babet
2028 3443 2131 3502 tamen
2152 3437 2208 3503 ad

200 3523 251 3587 bis
284 3528 394 3586 essent
424 3524 556 3589 omnino
585 3548 668 3608 pura
694 3527 905 3611 absolutaque
934 3548 1046 3610 opera,
1075 3549 1178 3592 unum
1229 3525 1288 3589 bae
1308 3526 1476 3607 repositam
1497 3527 1532 3589 im
1551 3526 1614 3607 fide
1634 3527 1797 3591 iustitiam.
1848 3524 1935 3592 Unde
1956 3524 2138 3608 mllipimas,
2161 3542 2207 3588 se

203 3616 313 3672 tamen
335 3617 506 3688 peccatum
527 3613 606 3677 satis
634 3621 684 3678 est
706 3613 746 3678 ad
770 3612 943 3678 delendam
963 3614 1177 3697 exstinguen·
1229 3611 1365 3676 cardian
1388 3609 1485 3676 Pauli
1513 3613 1790 3691 ratiocinationem,
1816 3631 1877 3676 non
1900 3632 1938 3676 ea
1960 3610 2109 3692 operibns.
2156 3606 2207 3673 Si-
2334 3609 2337 3615 ’

203 3693 341 3775 demque
369 3715 500 3758 omnem
527 3699 718 3763 memoriam
745 3701 862 3781 prioris
890 3699 1047 3778 iustitiae,
1076 3707 1113 3764 ut
1133 3701 1178 3764 ait
1229 3696 1345 3762 militer
1365 3718 1462 3778 qaam
1479 3699 1564 3778 apud
1580 3697 1763 3780 prophetam
1785 3697 1885 3782 (Hab.
1907 3701 1935 3775 2,
1955 3698 1991 3782 4)
2014 3696 2136 3773 damur,
2157 3695 2207 3760 ia·

201 3781 362 3863 propheta
384 3780 456 3864 (Ea.
479 3785 527 3859 18,
547 3783 612 3866 24).
658 3783 721 3849 Oui
743 3792 776 3849 et
796 3784 934 3850 Iacobus
956 3784 1001 3869 (2,
1026 3784 1080 3869 10)
1100 3807 1177 3851 con·
1229 3788 1296 3847 aas
1317 3803 1356 3848 ea
1374 3782 1437 3863 fide
1457 3784 1549 3848 vivet:
1578 3804 1639 3846 nm
1664 3785 1702 3848 de
1722 3783 1833 3864 impiis
1858 3787 1887 3846 et
1908 3783 2057 3865 profanis
2078 3781 2208 3845 imbetar

202 3867 308 3931 sentit.
365 3863 432 3945 Qui
466 3868 616 3948 offendit,
650 3871 771 3953 inquit,
809 3872 845 3934 in
877 3893 958 3951 uno,
991 3870 1096 3936 factus
1128 3879 1179 3936 est
1230 3888 1344 3947 seram,
1373 3889 1449 3949 qaas
1469 3867 1629 3933 Dominae
1649 3869 1692 3933 ad
1717 3867 1812 3949 fidem
1833 3869 2026 3934 antemna
2045 3865 2206 3948 tantam

202 3953 348 4016 omnium
370 3973 454 4017 reus.
500 3953 572 4018 Iam
594 3977 695 4038 quum
723 3957 803 4023 haee
826 3959 893 4023 vita
921 3957 1069 4022 mortalis
1090 3978 1177 4022 nun·
1229 3955 1283 4020 sed
1309 3956 1407 4020 oratio
1429 3955 1472 4019 ad
1497 3954 1603 4035 fideles
1625 3955 1788 4038 diripitur,
1811 3960 1839 4019 et
1860 3956 1903 4020 iis
1924 3956 1989 4019 cita
2011 3953 2207 4035 premittitur

200 4059 298 4119 quam
321 4059 341 4100 a
362 4044 493 4118 peceato
514 4061 597 4122 pura
625 4042 666 4106 sit
688 4050 746 4106 aut
766 4065 885 4122 vacua,
907 4041 1063 4125 quidquid
1084 4044 1177 4109 iusti·
1229 4061 1267 4106 ea·
1296 4039 1366 4120 fide.
1429 4039 1553 4106 Paulas
1587 4061 1705 4123 quoqne
1741 4060 1860 4105 omnem
1891 4040 2073 4122 scrupalum
2105 4038 2205 4116 scirit,

199 4124 264 4186 tiae
287 4144 307 4186 a
328 4124 420 4188 nobis
442 4139 666 4207 comparatum
688 4128 780 4207 foret,
803 4129 836 4194 id
858 4128 1065 4211 sequentibus
1085 4128 1177 4193 iden·
1228 4146 1325 4208 qnam
1346 4146 1408 4207 pro
1429 4127 1657 4207 mrafimnatione
1682 4126 1771 4192 eilias
1796 4127 1959 4192 sententiae
1988 4127 2083 4190 istam
2107 4123 2206 4188 Daoi·

200 4207 300 4272 tidem
329 4211 470 4290 peccatis
499 4219 703 4295 corruptum,
731 4235 924 4297 oppressum
945 4222 978 4279 et
1001 4214 1175 4297 perditum,
1229 4212 1279 4276 dis
1300 4213 1487 4278 versiculum
1507 4214 1618 4278 mmit:
1640 4212 1720 4277 beati
1737 4232 1868 4294 moram
1885 4213 2034 4277 remissae
2052 4214 2123 4275 sart
2143 4208 2205 4272 iai·

198 4295 233 4358 in
254 4302 463 4376 conspectum
480 4295 545 4360 Dei
567 4307 633 4362 non
652 4300 787 4377 veniret,
811 4323 870 4366 nee
889 4302 924 4364 in
941 4300 1100 4365 iustitiam
1117 4321 1176 4365 no-
1228 4299 1359 4380 qnitatas
1381 4297 1483 4379 (Psal.
1504 4302 1553 4376 32,
1577 4296 1617 4382 l).
1664 4297 1788 4364 Certum
1809 4304 1854 4363 est
1875 4319 1945 4363 vero
1966 4296 2123 4362 Davidem
2144 4313 2205 4358 non

198 4381 248 4445 bis
270 4380 495 4462 imputaretur.
530 4384 691 4467 Denique,
712 4385 768 4449 ubi
791 4385 830 4450 de
848 4408 983 4468 operum
1001 4387 1110 4469 agitur
1126 4386 1176 4450 iu·
1228 4385 1266 4449 de
1298 4384 1421 4465 inpiis,
1454 4385 1508 4450 sed
1535 4385 1573 4449 de
1597 4384 1742 4464 nactam
1768 4385 1866 4465 loqui,
1896 4384 2002 4465 qualis
2029 4383 2095 4462 ipse
2122 4383 2204 4457 erat,

200 4466 295 4544 stitia,
319 4487 387 4529 non
409 4488 489 4548 opus
512 4468 594 4553 legis
615 4470 854 4553 respiciendum
875 4480 938 4551 est,
960 4471 1018 4536 sed
1040 4471 1176 4536 manda
1228 4471 1305 4551 qnia
1326 4490 1364 4534 ea
1384 4471 1582 4538 mneoientiae
1599 4491 1675 4534 suae
1691 4491 1785 4536 semu
1803 4470 1988 4552 ioqnebmm.
2022 4466 2108 4550 Erpa
2125 4464 2205 4530 bant

199 4560 277 4614 tum.
329 4549 408 4615 Ideo
442 4553 470 4616 si
504 4576 545 4618 ex
577 4555 649 4639 lege
682 4557 807 4621 iustitia
839 4559 1021 4639 quaeritur,
1054 4558 1177 4622 fiurstra
1228 4555 1446 4620 beatitudinem
1466 4577 1528 4621 nort
1548 4556 1640 4621 semel
1656 4556 1773 4635 babere,
1795 4558 1849 4621 seri
1870 4560 1932 4620 tota
1948 4555 2012 4618 vite
2028 4558 2127 4617 terrere
2147 4570 2203 4616 nos

199 4658 302 4701 unum
324 4645 381 4701 aut
403 4638 544 4704 alterum
566 4662 647 4723 opus
673 4643 1177 4724 proferamus3sednceessa1ia
1228 4647 1350 4724 oportet.
1402 4641 1560 4707 Postreno
1588 4643 1765 4726 leqatmnem
1802 4644 1838 4706 de
1867 4641 2006 4724 qrataita
2039 4658 2108 4702 aem
2134 4635 2203 4701 Deo

199 4731 248 4787 est
269 4730 427 4805 perpetua
449 4725 531 4809 legis
553 4727 744 4792 obedientia.
789 4727 901 4808 Quare
923 4728 1028 4807 illam,
1052 4728 1092 4792 de
1111 4749 1177 4810 qua
1228 4728 1470 4793 reconciliatione
1490 4749 1550 4792 non
1572 4731 1607 4793 ia
1626 4749 1724 4792 anam
1745 4734 1799 4792 ant
1815 4728 1946 4791 alteram
1965 4726 2047 4789 diem
2062 4722 2204 4804 proram
2321 4743 2330 4768 ⁴

199 4808 323 4891 loquuti
346 4831 477 4888 sumus,
506 4821 713 4894 peccatorum
733 4815 956 4880 remissionem
978 4837 1043 4879 non
1066 4814 1175 4893 semel,
1227 4814 1308 4896 pari,
1329 4816 1384 4879 sed
1400 4819 1584 4896 perpetuam
1605 4816 1640 4878 in
1662 4814 1785 4879 eeclesia
1806 4833 1870 4876 esse
1892 4815 2027 4876 testatur.
2064 4808 2204 4874 Proinde

199 4905 236 4956 ut
257 4896 354 4959 multi
374 4895 492 4960 stolide
514 4900 704 4980 opinantur,
733 4900 826 4965 nobis
847 4901 882 4964 in
904 4901 1064 4965 iustitiam
1083 4901 1177 4965 Deus
1228 4918 1289 4962 non
1311 4899 1410 4965 aliam
1430 4901 1585 4966 iustitiam
1605 4900 1648 4964 ad
1667 4900 1761 4979 {inem
1781 4918 1878 4979 usqae
1899 4898 1979 4961 ortae
2000 4896 2108 4960 nmen
2128 4893 2203 4973 {ide

199 4979 353 5062 imputat:
382 4988 420 5044 ut
447 4983 623 5065 impetrata
648 4986 842 5068 praeteritae
870 4988 957 5052 vitae
978 4987 1090 5065 venia,
1118 5007 1176 5068 po·
1229 4985 1289 5064 ies,
1316 5006 1412 5067 quarn
1438 5007 1517 5067 quae
1537 4986 1602 5050 iiiia
1621 4985 1811 5049 dmmibitm.
1857 4983 1964 5048 Manet
1989 4982 2072 5048 enim
2092 4999 2203 5063 perpe-

199 5070 268 5129 stea
281 5068 323 5137 in
345 5067 418 5150 loge
442 5069 602 5135 iustitiam
623 5092 828 5154 quaeramus,
851 5093 914 5156 quo
927 5071 952 5157 ¹)
973 5071 1056 5136 nihil
1078 5091 1177 5154 quam
1229 5075 1279 5135 tae
1312 5071 1461 5137 amdiamr
1489 5070 1647 5149 Obristm,
1680 5071 1735 5152 qai
1761 5075 1886 5152 patrem
1916 5068 2003 5133 nobis
2032 5066 2203 5132 rmoneitiet

197 5188 299 5194 -ψ-
376 5192 400 5197 κ
1246 5160 1264 5219 2
1284 5155 1358 5222 Cor.
1382 5162 1410 5236 5,
1437 5156 1508 5242 18),
1536 5177 1572 5222 ac
1592 5161 1744 5238 perpetrm
1763 5160 1807 5220 est
1831 5157 1941 5220 moni-s
1961 5155 2029 5219 eius
2051 5151 2201 5235 efficatia.

267 5251 574 5321 1)qu0d15t›3.1caa
1266 5264 1351 5327 empe
1378 5243 1508 5324 ablatio,
1530 5242 1716 5324 satisfactio,
1740 5241 1890 5323 aptata,
1913 5241 2051 5324 perfecta
2071 5239 2202 5321 datique
