4732 6030
92 355 96 361 '
185 375 245 438 en
417 367 419 379 ·
793 370 892 436 oar.
915 370 1010 435 rvr.
1032 370 1108 456 ιιι.)
1150 371 1214 437 nn
1237 368 1575 448 sloaannnrrs.
2123 380 2185 441 ιιι

183 484 298 548 laem
317 483 428 552 seca
446 482 548 539 caea.

184 560 322 642 aliisque
344 557 483 640 publicis
505 473 587 624 actis
608 557 857 641 appenduntur,
890 578 950 641 per
972 580 1007 623 se
1028 565 1159 641 accepta
1210 557 1268 636 bit,
1291 559 1447 624 subiectis
1469 568 1581 623 tamen
1602 560 1764 625 columnis
1792 561 1914 625 certius
1936 561 2110 643 stabilitur,
2139 565 2187 628 ita

184 645 269 711 nihil
291 653 383 708 sunt:
412 653 528 727 utpote
556 665 640 726 quae
667 644 791 708 f‘rustra
812 664 958 726 appensa
978 644 1100 722 forent,
1131 644 1160 707 si
1210 642 1291 709 fides
1319 645 1355 707 in
1376 644 1477 711 verbo
1497 644 1562 710 Dei
1590 666 1657 711 nen
1688 667 1782 711 secus
1810 667 1847 709 ac
1868 647 2083 712 fundamento
2104 651 2186 714 resi·

184 731 377 795 membrana
397 729 481 794 nihil
504 730 640 795 haberet
661 728 870 812 descriptum.
915 729 1030 812 Neque
1048 738 1160 794 tamen
1211 730 1274 795 det.
1321 728 1388 794 Sed
1412 751 1515 813 quum
1544 729 1705 797 accedunt
1727 741 1946 810 sacramenta,
1975 732 2057 817 ipsis
2079 733 2186 801 adhuc

185 816 259 881 ideo
277 837 344 879 non
363 818 560 881 confirmant
579 825 675 898 atque
693 815 870 898 obsignant
889 814 975 899 quod
999 816 1159 899 scripturn
1211 837 1271 880 eeu
1304 816 1466 880 columnis
1499 815 1636 881 solidius
1668 816 1833 882 innititur.
1879 819 1949 882 Ant
1978 819 2006 882 si
2038 818 2185 886 dieamus
2246 827 2255 853 ²

184 909 244 979 est,
268 900 348 966 dum
369 902 501 985 scriptis
522 901 730 966 adiiciuntur.
747 903 771 984 ¹)
803 901 919 983 Neque
940 901 1025 964 hanc
1043 901 1158 965 simili-
1211 902 1345 985 specula
1366 902 1401 964 in
1430 901 1549 985 quibus
1575 904 1701 985 gratiae
1722 904 1788 969 Dei
1806 902 1952 981 divitias,
1982 925 2062 988 quas
2090 906 2185 971 nobis

184 987 335 1053 tudinem
363 1007 471 1069 nuper
498 988 633 1051 anobis
661 989 841 1065 confictam¹
860 987 983 1051 iactare
1010 994 1157 1069 possunt,
1211 988 1380 1071 elargitur,
1403 988 1620 1071 contemplari
1642 989 1738 1053 liceat
1791 989 1864 1053 Illic
1876 989 1900 1072 ¹)
1924 990 2013 1054 enim
2032 1011 2104 1055 sese
2125 1012 2184 1056 no·

185 1093 284 1158 quarn
301 1072 428 1137 Paulus
449 1074 520 1157 ipse
542 1072 716 1155 usurpavit
734 1072 844 1155 (Rom.
864 1072 1158 1156 4,·11)cireumei-
1211 1073 1260 1138 bis
1286 1072 1417 1157 (utiam
1429 1071 1634 1159 dictumest)
1650 1075 1848 1153 manifestat,
1872 1084 2033 1157 quantum
2052 1086 2185 1142 nostrae

185 1159 312 1224 sionem
338 1178 460 1223 vocans
487 1158 648 1241 σφραγῖδα.
694 1157 760 1223 Ubi
782 1158 950 1222 revincere
972 1157 1158 1240 conatur,²)
1209 1157 1403 1224 hebetudini
1435 1179 1612 1241 agnoscere
1637 1159 1752 1224 datum
1780 1170 1845 1239 est;
1877 1169 1910 1225 et
1941 1160 2062 1226 bonam
2089 1183 2185 1227 suam

184 1265 253 1310 non
286 1244 387 1308 fuisse
418 1245 700 1309 circumcisionem
721 1243 874 1308 Abrahae
911 1244 947 1307 in
980 1244 1156 1322 «iustitiam,
1210 1265 1289 1328 erga
1310 1265 1371 1309 nos
1392 1245 1599 1309 voluntatem
1620 1246 1824 1311 testificatur.

184 1329 242 1394 sed
264 1330 335 1394 eius
357 1331 445 1412 pacti
466 1329 739 1413 obsignationem,
763 1330 858 1393 cuius
879 1327 942 1393 fide
964 1330 1073 1395 fuerat
1092 1330 1158 1393 iam
1297 1335 1325 1395 7.
1353 1331 1423 1395 Nec
1446 1331 1526 1394 satis
1547 1332 1696 1415 apposite
1716 1331 1965 1409 ratiocinantur,
1988 1331 2069 1395 dum
2087 1353 2128 1397 ex
2146 1354 2184 1398 eo

184 1424 261 1481 ante
282 1416 487 1480 iustificatus.
531 1416 578 1479 Et
603 1414 683 1498 quid
709 1422 775 1492 est,
809 1415 956 1492 obsecro,
990 1414 1077 1498 quod
1098 1415 1157 1479 ali-
1210 1415 1415 1481 contendunt
1443 1437 1512 1481 non
1533 1438 1604 1481 esse
1632 1417 1823 1482 testimonia
1844 1417 1970 1500 gratiae
1991 1417 2071 1497 Dei,
2107 1420 2184 1501 qnia

183 1522 283 1586 quem
303 1522 502 1585 magnopere
529 1500 688 1578 offendat,
717 1501 746 1565 si
771 1501 1022 1583 promissionem
1044 1500 1157 1566 decea-
1210 1510 1245 1566 et
1265 1504 1306 1568 ab
1333 1503 1444 1586 impiis
1472 1522 1569 1585 saepe
1591 1504 1812 1587 accipiuntur,
1845 1503 1904 1586 qui
1932 1513 2044 1567 tamen
2072 1505 2184 1569 Deum

182 1609 258 1652 mus
280 1586 447 1670 obsignari
469 1587 704 1653 sacramentis?
726 1607 829 1669 quum
852 1607 893 1650 ex
915 1587 996 1670 ipsis
1017 1589 1157 1671 promis·
1209 1588 1314 1653 nihilo
1336 1588 1399 1652 sibi
1420 1588 1526 1671 magis
1570 1589 1728 1674 repitium
1750 1587 1827 1652 inde
1848 1588 2006 1668 sentiunt,
2030 1588 2087 1653 sed
2109 1611 2188 1674 gra.

182 1672 329 1738 sionibus
340 1674 450 1756 palam
461 1674 513 1752 sit,
533 1675 671 1738 alteram
682 1672 1007 1748 alteracenfirmari?
1030 1675 1157 1757 Nempe
1207 1675 1335 1741 'viorem
1378 1674 1490 1757 potius
1615 1675 1784 1739 nationem
1827 1674 2037 1738 contrahunt.
2096 1676 2184 1741 Nam
2216 1747 2219 1757 Δ

182 1766 222 1823 ut
243 1779 391 1841 quaeque
420 1766 471 1823 est
491 1759 710 1837 manifestior,
741 1759 790 1822 ita
818 1768 869 1822 est
895 1758 936 1823 ad
958 1758 1157 1824 fulciendam
1209 1758 1324 1824 eedem
1357 1768 1553 1842 argnmento
1585 1781 1648 1825 nee
1681 1760 1889 1843 evangelium
1923 1767 2010 1824 esset
2035 1762 2182 1824 testimo·

180 1843 281 1910 fidem
307 1845 413 1927 magis
434 1845 560 1909 idonea.
606 1842 821 1910 Sacramenta
842 1866 934 1922 rere,
965 1854 999 1910 et
1020 1847 1157 1929 promis-
1208 1846 1304 1911 nium
1325 1845 1451 1929 gratiae
1471 1844 1551 1925 Dei,
1580 1844 1707 1928 quoda
1734 1845 1849 1910 multis
1871 1845 2006 1910 auditur
2033 1867 2070 1910 ae
2092 1866 2183 1930 sper·

182 1931 290 1995 aiones
325 1930 470 1995 afferunt
502 1931 713 2009 clarissimas,
754 1938 788 1994 et
826 1931 889 1995 hoe
922 1930 1046 1996 habent
1077 1952 1156 2014 prae
1209 1933 1310 2010 nitur,
1333 1950 1395 1995 nec
1417 1931 1572 1997 Christus
1595 1930 1728 1996 demum
1744 1933 1824 2015 ipse,
1848 1931 1905 2013 qui
1923 1952 1943 1995 a
1959 1932 2183 2030 compluribus
2298 1997 2302 2006 ,

180 2015 281 2083 verbo
303 2016 484 2098 peculiare,
515 2014 603 2100 quod
625 2036 679 2080 eas
704 2015 855 2080 velutin
878 2016 1156 2102 tabuladepictas
1208 2018 1301 2084 visus
1332 2026 1384 2081 est
1416 2036 1453 2081 ac
1485 2018 1653 2100 cognitus,
1699 2038 1841 2099 querum
1878 2017 2067 2099 paucissimi
2106 2038 2183 2081 enm

180 2100 276 2166 nobis
297 2100 339 2165 ad
360 2103 476 2167 virum
502 2107 758 2183 repraesentant
803 2103 919 2184 Neque
940 2124 1002 2166 nes
1024 2125 1156 2169 movere
1208 2111 1413 2186 receperunt.
1472 2101 1588 2169 Simile
1623 2103 1724 2166 etiam
1758 2103 1795 2166 in
1827 2100 2060 2185 diplomatibus
2092 2123 2183 2186 spec·

180 2185 284 2266 debet,
308 2208 391 2270 quae
412 2187 501 2251 inter
522 2195 726 2253 sacramenta
748 2194 782 2250 et
804 2187 1021 2270 diplomatum
1039 2190 1154 2274 sigilla,
1208 2197 1279 2252 tare
1311 2189 1396 2252 licet.
1449 2186 1620 2270 Siquidem
1654 2187 1741 2252 bona
1772 2208 1849 2271 pars
1882 2186 2106 2253 multitudinis
2135 2187 2181 2252 cd·

180 2273 334 2338 obiectari
381 2274 473 2338 solet·
507 2273 680 2339 distinctio.
741 2271 838 2354 Quod
874 2295 975 2357 quum
1018 2287 1156 2360 utraque
1208 2272 1347 2338 θιντικόν
1380 2273 1462 2338 illud
1495 2274 1656 2356 sigillum,
1696 2281 1866 2355 utcunque
1899 2293 1919 2336 a
1956 2275 2104 2357 principe
2142 2273 2184 2338 ad

180 2359 364 2426 carnalibus
403 2358 500 2424 huius
538 2359 654 2424 mundi
686 2359 856 2424 elementis
895 2368 1059 2440 constent,
1099 2362 1156 2425 illa
1208 2358 1467 2444 consignandam
1510 2360 1717 2424 voluntatem
1754 2379 1849 2422 suam
1889 2361 2073 2441 profectum
2112 2379 2183 2424 esse

181 2444 223 2508 ad
249 2445 482 2527 promissiones
509 2444 573 2510 Dei
606 2443 825 2528 obsignandas
854 2454 1000 2527 spectare
1033 2467 1155 2530 neque-
1208 2446 1347 2524 noverit,
1370 2444 1487 2509 irridet
1515 2454 1627 2509 tamen
1648 2453 1747 2527 atque
1771 2441 1893 2524 eludit;
1921 2445 1978 2508 alii
1999 2446 2092 2510 velut
2113 2466 2184 2509 rem

181 2540 271 2609 ant,
299 2551 361 2594 uae
390 2539 469 2594 sunt
498 2552 552 2594 res
578 2530 766 2613 spirituales
790 2539 823 2595 et
847 2543 1013 2612 aeternae3
1041 2554 1155 2616 quem·
1208 2529 1250 2596 ad
1279 2552 1314 2596 se
1341 2531 1477 2594 minime
1509 2531 1732 2614 pertinentem
1759 2550 1880 2610 susque
1914 2528 2019 2612 deque
2046 2530 2182 2608 habent;

180 2552 358 2681 admodum
381 2616 461 2680 haec
488 2615 530 2679 ad
551 2615 753 2700 obsignanda
777 2617 966 2700 principum
988 2617 1094 2682 edicta
1116 2617 1156 2684 de
1208 2616 1265 2681 alii
1292 2617 1393 2681 etiam
1420 2624 1648 2693 exsecrantur,
1682 2623 1720 2680 nt
1746 2622 1920 2698 conspecta
1941 2616 2002 2679 hac
2022 2622 2092 2679 tarn
2111 2617 2184 2699 pari

179 2701 278 2767 rebus
300 2703 399 2767 fluxis
421 2722 459 2766 ac
481 2701 611 2767 caducis
629 2700 869 2784 appenduntur.
914 2701 1086 2786 Siquidem
1104 2706 1155 2770 vir
1208 2703 1380 2767 amborum
1407 2701 1594 2767 conditione
1620 2703 1726 2784 magis
1755 2722 1792 2766 ac
1813 2701 1920 2784 magis
1946 2701 2004 2765 illa
2031 2703 2183 2784 superius

178 2786 294 2865 fidelis,
317 2785 397 2851 dum
419 2789 522 2852 oeulis
543 2795 748 2852 sacramenta
769 2789 1000 2869 obversantur,
1030 2787 1156 2855 nonin
1207 2808 1301 2852 ame
1322 2797 1483 2872 usurpata
1510 2786 1690 2852 similitudo
1718 2784 1867 2852 arridere
1888 2785 2012 2850 debeat.
2058 2787 2182 2870 ltaque,

178 2873 236 2940 illo
265 2874 389 2937 carnali
417 2875 601 2957 spectaculo
623 2875 754 2952 haeret;
788 2874 846 2938 sed
873 2874 939 2938 illis
961 2896 1042 2958 quos
1069 2875 1154 2940 indi·
1207 2881 1336 2938 certum
1357 2882 1408 2938 est
1429 2872 1524 2938 nobis
1546 2894 1565 2936 a
1585 2873 1730 2938 Domine
1748 2870 2006 2937 misericordiam
2023 2892 2061 2936 ac
2078 2872 2183 2936 bonae

181 2960 253 3026 cavi
275 2959 444 3043 analogiae
471 2958 626 3043 gradibus
655 2958 694 3023 ad
718 2959 871 3023 sublimia
891 2962 1050 3045 mysteria
1071 2983 1155 3045 quae
1207 2980 1287 3024 suae
1320 2959 1501 3025 voluntatis
1535 2959 1714 3044 granam&
1747 2979 1824 3023 cum
1852 2978 1944 3022 sacre
1977 2979 2037 3022 suo
2071 2957 2179 3036 verbo,

180 3046 217 3110 in
240 3046 453 3109 sacramentis
485 3047 591 3109 latent
622 3046 678 3128 pia
710 3044 970 3110 consideratione
999 3049 1152 3132 assurgit
1207 3053 1280 3110 tum
1308 3045 1521 3109 sacramentis
1549 3045 1669 3109 offerri.
1714 3045 1842 3110 Verum
1869 3065 1936 3108 non
1964 3042 2182 3128 apprehendi·

269 3135 298 3194 6.
353 3133 399 3195 Et
437 3130 568 3214 quando
607 3130 773 3195 Dominus
806 3131 1039 3214 promissiones
1077 3153 1154 3197 suas
1206 3139 1278 3210 tur,
1311 3131 1377 3194 nisi
1406 3130 1447 3194 ab
1476 3130 1528 3194 his
1550 3130 1608 3213 qui
1640 3130 1779 3195 verbum
1801 3138 1835 3194 et
1867 3139 2072 3194 sacramenta
2093 3136 2182 3194 certa

178 3215 311 3281 foedera
340 3226 524 3299 nuncupat,
559 3225 764 3282 sacramenta
796 3217 944 3302 symbola
975 3217 1153 3298 foederum,
1206 3215 1271 3281 fide
1293 3216 1466 3299 accipiunt.
1511 3213 1664 3296 Qualiter
1691 3215 1844 3281 omnibus
1872 3216 1908 3279 in
1930 3214 2071 3280 salutem
2093 3215 2181 3280 obla

181 3301 222 3365 ab
244 3302 324 3385 ipsis
353 3303 525 3366 hominum
552 3301 736 3368 foederibus
765 3303 871 3366 simile
897 3301 1015 3369 adduci
1035 3312 1152 3388 petest
1206 3310 1304 3366 tusa
1328 3310 1422 3385 patre
1449 3321 1487 3365 ac
1508 3302 1697 3385 propositus
1724 3301 1879 3367 Christus
1905 3322 1973 3364 non
2001 3310 2113 3364 tamen
2141 3299 2182 3364 ab

180 3388 288 3453 Perea
307 3408 401 3452 caesa
421 3386 500 3470 qnid
521 3389 656 3466 efficiat,
683 3389 750 3454 nisi
770 3389 871 3453 verba
891 3389 1153 3455 intercederent?
1207 3387 1359 3452 omnibus
1381 3388 1515 3470 agnitus
1538 3397 1760 3471 exceptusque
1781 3395 1840 3451 est.
1873 3385 1915 3450 Id
1937 3407 2039 3468 quum
2062 3385 2181 3450 alicubi

179 3472 246 3537 imo
274 3474 339 3537 nisi
367 3473 554 3556 praeirent?
598 3475 685 3538 Nam
712 3495 829 3557 porcae
856 3475 986 3557 saepius
1012 3475 1154 3540 caedun-
1205 3472 1350 3537 indicare
1378 3473 1589 3556 Augustinus
1610 3473 1725 3553 vellet,
1758 3471 1857 3549 dixit,
1890 3472 1983 3536 verbi
2005 3472 2182 3535 efficaciam

179 3567 245 3637 tur,
273 3559 355 3624 eitra
377 3559 484 3622 ullum
504 3560 645 3623 interius
667 3566 725 3623 aut
752 3559 925 3624 sublimius
939 3562 1152 3646 'mysterium
1205 3560 1241 3622 in
1264 3567 1468 3624 sacramento
1490 3559 1643 3643 preferri:
1666 3580 1734 3624 non
1756 3558 1833 3640 quia
1855 3557 1989 3635 dicitnr,
2024 3555 2081 3621 sed
2103 3557 2180 3638 quia

179 3643 271 3724 Quid
292 3643 409 3708 dextra
430 3643 515 3723 data,
560 3666 642 3709 uum
663 3666 782 3709 manus
803 3645 969 3710 hostiliter
991 3667 1058 3711 non
1078 3668 1153 3711 raro
1205 3643 1360 3709 creditur.
1407 3643 1543 3710 Proinde
1577 3644 1703 3710 Paulas
1732 3645 1809 3709 dum
1841 3643 1928 3725 opud
1958 3643 2063 3720 fideles
2088 3642 2181 3707 acrba

180 3730 417 3795 conserantur?
453 3733 500 3795 At
521 3668 578 3796 ulri
600 3731 700 3797 verba
720 3731 908 3814 praeierint,
931 3730 1053 3796 talibus
1076 3754 1154 3799 sane
1204 3730 1295 3812 facit,
1327 3731 1374 3794 sic
1400 3731 1438 3795 de
1458 3730 1661 3796 secrmncates
1682 3730 1821 3807 elisam,
1855 3734 1889 3792 at
1915 3730 1951 3793 in
1972 3729 2040 3793 illis
2061 3727 2181 3794 &tristi

180 3816 337 3901 symbolis
358 3815 528 3882 foederum
550 3816 639 3900 leges
661 3818 864 3897 sanciuntur,
888 3819 1039 3899 quamvis
1060 3819 1154 3902 prius
1204 3816 1446 3881 communionem
1471 3816 1617 3880 includet.
1660 3815 1699 3882 Ut
1725 3836 1821 3898 quam
1841 3815 1917 3879 dicit
1944 3814 2033 3896 (Gal.
2055 3819 2083 3892 3,
2108 3816 2181 3898 27).-

179 3901 288 3969 verbis
317 3910 505 3984 conceptae,
539 3901 703 3980 conditae,
737 3901 894 3968 decretae.
940 3901 1155 3976 Sacramenta
1206 3902 1378 3983 qamuaqae
1410 3901 1559 3983 baptmmi
1590 3904 1679 3980 estio,
1714 3900 1872 3967 Obrimum
1899 3900 2057 3964 induistis.
2101 3899 2181 3965 Item

179 3987 283 4070 igitur
315 3989 471 4053 exercitia
502 3997 597 4066 sunt,
639 4009 722 4070 quae
755 3989 928 4054 certiorem
965 3989 1057 4056 verbi
1090 3990 1154 4055 Dei
1206 3987 1239 4070 (1
1260 3985 1334 4053 (lor.
1357 3991 1405 4068 12,
1431 3987 1590 4071 laaph.
1603 3993 1631 4063 4,
1651 3985 1702 4071 4).·
1722 4007 1820 4051 mcum
1840 3998 1952 4068 corpas
1969 3991 1998 4050 et
2018 4006 2101 4050 unas
2118 3987 2181 4067 spi·

179 4070 278 4137 fidem
305 4074 399 4138 nobis
429 4075 568 4150 faciunt;
603 4081 636 4137 et
658 4074 736 4156 quia
757 4076 904 4139 camales
927 4096 1057 4152 snmus,
1093 4074 1154 4140 sub
1205 4074 1287 4137 ritus
1314 4093 1425 4138 mimas
1451 4093 1569 4151 meras,
1603 4074 1657 4153 qui
1685 4073 1719 4136 im
1742 4070 1864 4137 Glanate
1891 4073 2040 4153 baptisati
2061 4090 2178 4137 sumas.

179 4157 277 4221 rebus
305 4160 490 4225 carnalibus
517 4159 730 4224 exhibentur:
765 4168 804 4224 ut
830 4161 879 4223 ita
905 4181 965 4243 pro
987 4160 1153 4225 tarditatis
1209 4159 1313 4238 Qum
1333 4180 1403 4224 vcro
1430 4159 1467 4222 de
1488 4164 1688 4241 praeponere
1714 4163 1975 4223 scoeameatorum
2001 4178 2062 4221 aar
2083 4157 2179 4238 loqui

179 4250 312 4308 nestrae
340 4253 438 4329 captu
467 4266 528 4311 nes
557 4244 724 4324 erudiant,
760 4255 793 4310 et
814 4244 951 4328 perinde
973 4267 1011 4310 ae
1031 4268 1152 4329 pueros
1204 4248 1263 4323 tur,
1286 4244 1385 4310 nihilo
1401 4246 1480 4326 pius
1499 4244 1567 4309 ale
1587 4245 1704 4322 tribuit,
1722 4264 1817 4325 quam
1833 4244 1965 4326 friqt‘dis
1982 4248 2008 4307 et
2031 4242 2179 4307 inantus

177 4327 359 4413 paedagogi
386 4351 488 4394 manu
516 4329 646 4395 ducant.
691 4331 765 4396 Hae
793 4333 920 4396 ratione
941 4333 1153 4416 Augustinus
1202 4331 1324 4415 aare.
1372 4331 1438 4413 Quo
1458 4331 1625 4413 aptificat,
1655 4335 1806 4410 amneque
1827 4330 1921 4410 impii
1948 4349 1985 4394 ac
2005 4328 2179 4410 hypocritae

178 4423 421 4480 sacramentum
442 4415 581 4482 verbum
598 4415 726 4482 visibile
744 4421 966 4502 nuncupat;⁸)
990 4417 1078 4502 quod
1088 4419 1153 4483 Dei
1204 4438 1265 4482 etia
1279 4417 1496 4499 merstem,
1522 4416 1648 4480 dictam
1672 4417 1795 4499 oratioe
1811 4416 1847 4479 ia
1873 4415 2075 4479 casamenta
2095 4413 2179 4495 effac

178 4501 411 4583 promissiones
440 4502 533 4568 velut
560 4503 595 4565 in
617 4501 730 4567 tabula
752 4502 897 4586 depictas
919 4511 1151 4585 repraesentet,
1204 4508 1270 4568 tem
1290 4503 1338 4568 vel
1355 4502 1540 4601 opprimant,
1562 4518 1607 4571 vel
1625 4519 1779 4583 obsonant,
1807 4501 1853 4565 vei
1874 4500 2052 4581 impediant,
2079 4499 2115 4563 id
2134 4503 2180 4563 ta·

178 4594 212 4650 et
231 4585 293 4650 sub
315 4594 485 4669 aspectum
506 4587 661 4671 graphice
682 4596 781 4671 atque
803 4589 992 4675 cinereae)
1019 4610 1152 4673 expres·
1203 4609 1273 4653 mm
1293 4589 1421 4653 etiaeme
1441 4587 1559 4653 obstare
1579 4589 1753 4668 mammea,
1780 4585 1834 4651 abi
1856 4591 1883 4650 et
1903 4586 2021 4666 queas
2041 4582 2179 4649 Domine

177 4692 230 4736 sas
253 4681 384 4737 statuat.
421 4673 516 4738 Aliae
538 4694 667 4758 quoque
690 4672 922 4738 similitudines
944 4675 1055 4740 afferri
1076 4697 1152 4758 pos-
1197 4675 1309 4756 placet,
1329 4679 1358 4739 et
1376 4693 1484 4739 eciam
1504 4674 1542 4738 de
1554 4671 1672 4738 Christi
1689 4673 1957 4737 emmanicctioee
1973 4671 2179 4734 ceramium

176 4766 263 4837 sunt,
287 4759 407 4842 quibus
429 4769 633 4824 sacramenta
653 4760 784 4842 planius
806 4758 1034 4843 designentur:
1063 4769 1103 4825 ut
1124 4762 1153 4825 si
1203 4761 1350 4841 αβὲναιιί,
1384 4765 1412 4825 ct
1437 4760 1492 4824 hcc
1512 4761 1619 4842 ipsum
1645 4779 1763 4840 queque
1790 4754 1986 4840 catceati)
2008 4755 2089 4837 quod
2104 4776 2179 4838 pro·

176 4864 332 4908 vocemus
358 4842 436 4909 fidei
464 4853 597 4909 nostrae
622 4845 800 4910 columnas.
845 4844 921 4926 Quo
944 4846 1033 4909 enim
1054 4845 1152 4910 modo
1203 4847 1334 4910 mitent.
1378 4844 1662 4911 Oonstituimnse
1704 4849 1951 4907 esacramenta
1971 4861 2050 4907 vere
2071 4841 2178 4906 nomi·

177 4929 361 4995 aedificium
389 4951 449 4994 suo
477 4929 610 5013 quidem
637 4930 852 4996 fundamento
883 4940 950 4996 stat
969 4941 1003 4995 et
1023 4933 1152 4996 incum-
1204 4931 1277 4994 nari
1309 4932 1499 4995 testimonia
1530 4930 1656 5014 gratim
1724 4929 1771 5006 ei,
1811 4948 1848 4991 ac
1879 4927 1985 4992 veluti
2017 4925 2177 5010 quaedam

1203 5017 1465 5096 benevolentiae,
1500 5036 1566 5098 qua
1587 5034 1666 5097 erga
1693 5033 1754 5078 nos
1781 5013 1919 5077 affectus
1952 5021 2018 5093 est,
2053 5013 2175 5096 sigilla:

245 5150 276 5218 1)
293 5153 429 5206 adduntur
451 5151 520 5205 1543
541 5152 718 5275 ccqqiomss2)
735 5152 791 5206 Ubi
815 5170 849 5221 ex
867 5153 989 5222 professo
1013 5154 1153 5208 contendit

176 5216 246 5270 1550
263 5235 331 5289 seqq.
376 5221 458 5275 3111
476 5222 569 5275 Ioann.
683 5221 746 5289 .80,
764 5221 794 5284 3;
813 5223 874 5275 libr.
894 5220 1041 5276 19.oontra
1057 5223 1150 5275 Faust.
1273 5224 1302 5290 1)
1320 5223 1392 5291 Ipsis
1411 5218 1588 5274 1539-1550.
1684 5217 1714 5287 2)
1732 5236 1770 5300 ae·
1785 5220 1890 5300 gratiae
1903 5235 1977 5300 'snae
1994 5220 2091 5289 pignus
2108 5215 2178 5271 1550

176 5303 198 5339 e.
217 5286 258 5342 16.
327 5288 358 5356 4)
376 5287 485 5349 εἰκότως
504 5289 683 5345 lesa-1545.
1203 5308 1273 5363 seqq.
1342 5288 1372 5358 3)
1391 5289 1518 5344 exhibant
1535 5293 1712 5357 praestetque
1730 5296 1842 5358 spiritns
1859 5288 1910 5341 Der
1928 5285 1997 5341 1550
2014 5303 2083 5358 seqq.
