4770 6030
206 334 249 395 es
840 300 1117 414 [0000100010
1139 332 1243 397 aaa.
1266 329 1446 397 eumer.
1473 336 1562 397 reae.
1881 409 1885 426 Ι
2180 337 2220 398 ee

193 501 306 601 quere
334 527 368 582 et
393 518 564 600 abnegare,
593 525 746 602 reputent
770 540 829 601 pro
852 521 1043 602 aequisque
1065 521 1186 602 singuli
1835 565 1849 584 ,

115 609 120 636 ‘
207 603 624 754 ganapegssomffiffip
646 603 1023 774 pfflpplwoebbogl
1037 613 1095 704 est,
1116 607 1186 688 1³5⁰ss
1237 608 1313 687 DE
1334 608 1481 700 FIDE,
1504 609 1603 689 UBI
1624 609 1694 690 ET
1722 608 2045 700 SYMBCLUM‚
2067 607 2222 695 QUOD

777 741 783 753 '
862 740 868 753 '
948 714 1001 755 ⁰¹¹¹
1025 713 1042 755 ⁰
1063 713 1109 756 ⁸¹⁰
1128 713 1187 774 ¹³⁰¹
1409 727 1800 811 APOSTCLICUM
1820 726 2055 820 VCCANT‚

210 797 339 840 omnem
366 777 469 840 vitam
498 775 558 840 sub
585 778 696 847 crucis
718 776 888 858 disciplina
914 777 1035 854 erudit,
1063 799 1106 841 ne
1132 798 1187 842 cor
1552 847 1555 852 ,

210 861 366 926 adiiciant
376 861 418 924 ad
434 862 592 925 bonorum
606 863 827 944 praesentium
838 862 890 927 vel
902 862 1120 945 cupiditatem,
1134 862 1187 926 vel
1551 846 1919 928 EXPLIOATUR„
2012 908 2016 914 ,

100 1026 104 1033 ι
211 946 372 1011 fiduciam.
402 947 564 1025 Breviter,
584 948 631 1011 sic
641 948 709 1011 fere
720 954 847 1024 tractat,
860 956 899 1010 ut
910 969 1099 1030 quocunque
1110 949 1187 1012 flec-
1947 988 1950 993 >

209 1040 282 1097 tant
302 1032 427 1111 oculos,
450 1055 548 1115 quam
569 1033 666 1116 longe
690 1031 730 1183 Rp.
752 1031 826 1119 100]
851 1033 904 1098 hic
925 1033 1067 1098 mundus
1088 1041 1187 1115 patet,
1620 1036 1750 1121 CAR
1784 1037 1843 1119 H,

209 1140 276 1183 non
298 1120 362 1183 nisi
383 1118 641 1200 desperationem
663 1120 690 1183 si
713 1120 724 1182 i
745 1118 864 1201 ubique
885 1119 1112 1184 obversantem
1129 1119 1189 1183 ha

210 1205 324 1269 beant:
347 1213 384 1268 ut
400 1205 525 1269 Paulus
547 1204 634 1269 dicat
654 1204 904 1271 miserabiliores
920 1226 980 1269 nos
998 1227 1068 1270 esse
1086 1205 1190 1269 omni·
1330 1202 1370 1291 [p.
1381 1202 1455 1291 102]
1468 1205 1541 1269 Iam
1552 1205 1632 1286 satis
1644 1226 1686 1268 ex
1696 1205 1845 1286 proxima
1856 1203 2072 1286 disputatione
2082 1205 2222 1291 intelligi

210 1291 272 1355 bus
294 1291 488 1368 hominibus,
512 1291 596 1355 siin
619 1290 680 1354 hoc
701 1290 823 1354 mundo
845 1291 1006 1356 duntaxat
1022 1300 1191 1372 sperantes
1242 1298 1362 1373 potest,
1386 1312 1469 1373 quae
1486 1291 1579 1354 nobis
1600 1311 1659 1372 per
1674 1290 1781 1374 legem
1797 1289 1924 1372 agenda
1946 1291 2109 1356 Dominus
2125 1312 2221 1373 prae-

211 1374 560 1460 sumus(lCor.15).
604 1376 646 1440 In
672 1376 724 1440 his
746 1378 846 1441 tantis
868 1377 1027 1460 angustiis
1047 1396 1090 1440 ne
1110 1375 1191 1440 defi·
1243 1377 1372 1454 scribat,
1395 1397 1532 1458 quorum
1551 1377 1578 1439 si
1595 1397 1660 1458 qua
1678 1377 1713 1439 in
1733 1383 1827 1457 parte
1845 1374 1927 1457 lapsi
1948 1377 2114 1457 fuerimus,
2136 1378 2221 1442 iram

212 1463 309 1540 aiant,
333 1460 425 1527 adest
441 1462 505 1527 illis
522 1462 685 1525 Dominus
704 1463 760 1544 qui
782 1469 894 1527 monet
916 1468 953 1527 ut
974 1461 1071 1560 altius
1093 1469 1192 1543 caput
1243 1474 1277 1527 et
1296 1461 1440 1526 terribile
1462 1463 1576 1526 mortis
1596 1470 1746 1527 aeternae
1767 1460 1923 1525 iudicium
1945 1462 2042 1527 edicit
2047 1487 2056 1542 ;
2078 1484 2219 1542 rursum,

212 1559 350 1612 exerant
379 1555 412 1612 et
438 1548 567 1630 longius
595 1548 704 1613 oculos
732 1549 918 1627 conficiant,
946 1546 1189 1624 beat1tudinem,
1243 1569 1342 1631 quam
1370 1569 1436 1611 non
1464 1547 1559 1611 modo
1582 1545 1735 1625 arduum,
1764 1546 1822 1611 sed
1847 1567 1981 1628 prorsus
2002 1545 2102 1631 supr'a
2122 1549 2219 1627 vires,

211 1655 309 1716 quam
340 1635 375 1697 in
407 1634 529 1698 mundo
560 1654 626 1697 non
659 1633 786 1711 vident,
822 1633 909 1717 apud
936 1655 971 1698 se
994 1641 1188 1715 reperturos.
1244 1643 1401 1716 extraque
1423 1654 1552 1696 omnem
1574 1640 1720 1696 nostrum
1741 1632 1929 1697 facultatem
1950 1634 2006 1711 sit,
2029 1634 2137 1718 legem
2159 1636 2220 1698 im·

211 1720 309 1784 Hanc
329 1720 580 1797 beatitudinem,
602 1719 801 1801 praemium,
823 1719 1021 1797 mercedem,
1051 1720 1191 1784 retribu-
1243 1720 1333 1802 plere
1354 1730 1391 1782 ut
1413 1719 1524 1802 exigit
1559 1715 1671 1797 Quare
1693 1719 1721 1782 si
1741 1740 1801 1783 nos
1823 1717 1984 1784 duntaxat
2004 1721 2092 1802 ipsos
2112 1721 2220 1785 intue-

210 1806 341 1884 tionem,
363 1805 474 1883 vocat;
501 1826 567 1869 non
588 1825 723 1886 operum
743 1806 898 1870 meritum
919 1806 1111 1882 aestimans,
1133 1803 1191 1869 sed
1243 1827 1332 1884 mur,
1354 1805 1495 1887 quidque
1515 1804 1609 1868 nobis
1631 1803 1767 1887 dignum
1787 1805 1831 1869 sit
1850 1804 2043 1887 cogitamus,
2066 1805 2151 1895 nihil
2169 1814 2221 1871 est

210 1892 507 1972 compensationem
540 1911 611 1954 esse
651 1891 839 1973 significans
871 1912 983 1955 eorum
1020 1893 1190 1972 pressuris,
1242 1892 1346 1956 bonae
1373 1891 1442 1973 spei
1469 1889 1646 1971 reliquum,
1673 1888 1730 1953 sed
1757 1911 1778 1954 a
1804 1889 1876 1954 Deo
1904 1890 2044 1955 abiectos
2071 1913 2158 1957 mors
2185 1900 2220 1956 et

210 1977 423 2059 passionibus,
447 1975 650 2041 contumeliis
672 1983 730 2041 etc.
983 1986 985 1990 ’
1244 1977 1425 2043 certissima
1446 1976 1590 2041 confusio
1611 1997 1671 2039 nos
1691 1982 1811 2040 manet.
1844 1975 1886 2039 Id
1908 1976 2007 2040 etiam
2024 1977 2224 2059 explicatum

297 2059 519 2140 Quamobrem
540 2061 625 2126 nilfil
646 2061 745 2139 obest,
768 2064 939 2144 quominus
960 2063 1064 2127 vitam
1086 2070 1190 2126 aeter·
1244 2064 1320 2142 fuit,
1343 2084 1444 2126 unam
1465 2083 1535 2125 esse
1558 2061 1761 2144 effugiendae
1787 2061 1885 2125 huius
1907 2061 2102 2127 calamitatis
2123 2064 2223 2128 ratio-

181 2186 184 2192 ·
210 2169 303 2226 nam,
333 2149 628 2212 remunerationem
656 2148 835 2229 scripturae
857 2149 1006 2230 exemplo
1027 2169 1189 2227 vocemus,
1243 2170 1335 2225 nem,
1364 2168 1510 2230 quaeque
1537 2167 1596 2210 nos
1623 2148 1658 2210 in
1679 2146 1796 2211 melius
1817 2147 1982 2226 restituat,
2013 2169 2131 2230 nempe
2152 2149 2222 2213 Do·

210 2233 297 2316 quod
325 2234 361 2297 in
382 2255 422 2297 ea
439 2234 603 2298 Dominus
630 2254 705 2297 suos
727 2254 770 2297 ex
795 2232 959 2298 laboribus
982 2235 1189 2316 inquietam,
1242 2235 1324 2298 mini
1344 2230 1614 2310 misericordiam,
1636 2254 1735 2314 quam
1755 2234 1934 2298 certissime
1955 2234 2221 2316 experiemur,si

210 2340 253 2383 ex
276 2319 449 2384 afflictione
471 2320 504 2383 in
527 2318 787 2398 consolationem,
811 2340 854 2383 ex
874 2321 1038 2384 moestitia
1054 2321 1088 2383 in
1110 2341 1190 2402 gau·
1244 2340 1316 2384 eam
1337 2319 1441 2384 solida
1460 2317 1525 2382 fide
1546 2319 1754 2400 accipiemus,
1775 2320 1874 2400 inque
1894 2340 1933 2382 ea
1956 2340 2069 2384 secure
2091 2321 2221 2403 acquie-

210 2404 310 2482 dium,
334 2426 376 2468 ex
396 2405 576 2489 ignominia
596 2406 631 2469 in
651 2403 789 2487 gloriam
809 2407 953 2488 recipiat,
976 2406 1093 2483 omnia,
1117 2405 1191 2469 bre-
1244 2427 1379 2477 scemus.
1407 2404 1480 2470 Hoc
1499 2425 1587 2468 nunc
1600 2411 1755 2486 superest,
1769 2404 1874 2487 qualis
1890 2425 1960 2468 esse
1974 2405 2055 2470 haec
2064 2403 2147 2470 fides
2164 2405 2221 2470 de-

209 2492 411 2573 viter,=quae
432 2491 576 2572 perpessi
598 2496 676 2555 sunt
692 2490 788 2568 mala,
811 2492 903 2556 bonis
922 2491 1099 2556 maioribus
1116 2512 1191 2574 per-
1243 2493 1331 2555 beat:
1354 2490 1388 2554 id
1409 2490 1495 2573 quod
1517 2512 1559 2553 ex
1572 2489 1727 2573 symbolo,
1749 2489 1835 2572 quod
1847 2490 2072 2572 Apostolicum
2091 2500 2219 2569 vocant,

210 2583 323 2641 mutet.
370 2574 426 2641 Sic
447 2584 481 2640 et
502 2575 584 2640 nihil
607 2577 670 2641 crit
690 2576 894 2656 incommodi,
916 2579 944 2642 si
966 2578 1053 2642 vitae
1071 2577 1191 2642 sancti-
1244 2577 1337 2642 facile
1364 2576 1539 2653 discemus,
1563 2576 1798 2657 quo-*breviter
1824 2575 2051 2657 compendium
2080 2573 2121 2662 [p.
2143 2575 2217 2664 103]

211 2669 312 2726 tatem
345 2662 568 2727 existimemus
603 2683 674 2727 esse
706 2662 809 2741 viam,
848 2684 914 2727 non
946 2662 1078 2745 quidem
1107 2683 1191 2745 quae
1243 2662 1414 2728 collectum
1446 2669 1509 2740 est,
1544 2670 1577 2724 et
1606 2663 1699 2743 quasi
1731 2662 1870 2743 epitome
1897 2661 2057 2743 quaedam
2081 2661 2158 2726 fidei
2184 2663 2219 2727 in

212 2747 325 2827 ducat,
355 2747 413 2812 sed
440 2768 505 2831 qua
532 2747 627 2812 electi
655 2747 767 2812 aDeo
789 2769 848 2812 εο0
875 2749 910 2812 in
937 2749 1076 2832 gloriam
1097 2749 1192 2832 regni
1242 2769 1341 2831 quam
1357 2748 1518 2813 consentit
1537 2746 1672 2812 ecclesia
1693 2747 1860 2812 catholiea.

211 2833 358 2898 coelestis
381 2833 555 2898 ducantur:
578 2834 732 2914 quoniam
752 2832 834 2899 haec
846 2834 932 2898 bona
943 2835 1022 2898 ‘eius
1039 2834 1192 2898 voluntas
1328 2834 1456 2898 Verum
1472 2840 1647 2914 antequam
1663 2832 1751 2896 ultra
1766 2832 2002 2917 progredimur,
2025 2832 2221 2898 admonendi

211 2926 270 2998 est,
293 2920 474 3004 glorificare
501 2939 581 3001 quos
609 2919 831 2984 sanctificavit
876 2920 950 2984 Hae
972 2921 1112 2999 ratione,
1135 2920 1192 2984 ob·
1244 2941 1372 2997 sumus,
1395 2919 1477 2983 duas
1498 2939 1568 2982 esse
1589 2918 1667 2982 fidei
1693 2919 1823 2982 formas.
1868 2918 1984 2983 Altera
2005 2928 2069 2984 est:
2099 2921 2221 3003 siquis

211 3007 418 3070 servationes·
432 3003 661 3068 mandatorum
684 3004 852 3086 aliquoties
873 3013 1033 3070 vocantur
1049 3006 1192 3069 iustitiae
1244 3005 1356 3072 credat
1376 3006 1497 3069 Deum·
1514 3025 1599 3082 esse,
1629 3004 1797 3068 historiam
1817 3025 1900 3087 quae
1927 3005 1968 3069 dc
1990 3003 2122 3070 Christe
2143 3027 2221 3070 nar·

210 3090 346 3154 Domini
353 3114 361 3169 ;
376 3111 442 3153 non
459 3090 575 3172 quibus
590 3090 753 3153 Dominus
764 3091 925 3169 iustificet,
945 3091 1005 3156 hoc
1022 3098 1079 3169 cst,
1091 3093 1192 3155 iustos
1244 3101 1337 3155 ratur
1363 3112 1476 3155 veram
1504 3111 1575 3154 esse
1603 3090 1793 3168 arbitretur;
1821 3090 1916 3172 quale
1938 3099 1988 3155 est
2014 3092 2107 3157 nobis
2136 3091 2221 3155 iudi-

213 3174 333 3239 habeat
360 3197 397 3240 ac
425 3182 569 3257 reputet,
599 3174 656 3239 sed
677 3175 793 3256 quibus
823 3173 863 3274 [p.
884 3175 958 3261 101]
983 3178 1084 3241 iustos
1098 3198 1190 3256 euos,
1244 3178 1331 3242 cium
1353 3177 1394 3240 dc
1414 3177 1464 3254 iis,
1486 3197 1569 3259 quae
1590 3176 1642 3240 vel
1665 3176 1742 3239 olim
1765 3185 1857 3258 gesta
1874 3184 2059 3254 narrantur,
2082 3176 2136 3240 vel
2157 3178 2221 3260 ipsi

213 3262 370 3343 quosiam
383 3269 458 3325 ante
471 3282 530 3324 sua
543 3262 648 3343 gratia
661 3261 857 3341 iustificavrt,
870 3270 1027 3327 exerceat.
1055 3262 1191 3337 Verum,
1222 3268 1430 3345 ‘praesentes
1454 3263 1679 3343 spectavimus.
1729 3261 1822 3326 Haec
1849 3283 1926 3326 vero
1958 3269 1996 3325 ut
2023 3263 2145 3328 nullius
2171 3272 2222 3328 est

212 3347 240 3412 si
271 3348 343 3429 quis
371 3346 425 3411 vel
452 3347 622 3409 minimam
650 3346 764 3410 salutis
792 3355 922 3411 nostrae
947 3349 1128 3429 portionem
1150 3348 1193 3412 ad
1243 3350 1414 3425 momenti,
1443 3348 1489 3411 ita
1510 3347 1646 3430 indigna
1667 3355 1717 3410 est
1737 3346 1814 3410 fidei
1835 3347 2065 3429 appellatione;
2094 3348 2222 3431 deque

211 3454 310 3516 opera
335 3432 476 3510 derivet,
499 3433 527 3495 is
546 3441 649 3495 totam
669 3432 863 3513 scripturam
883 3435 1041 3515 pervertit
1063 3456 1100 3498 ac
1121 3454 1192 3498 cor·
1245 3436 1272 3498 si
1294 3435 1366 3516 quis
1389 3434 1554 3517 gloriatin,
1576 3432 1739 3515 intelligat
1759 3453 1833 3496 eam
1854 3454 1889 3497 se
1911 3432 2031 3498 habere
2053 3456 2128 3505 cum
2151 3433 2220 3500 dia·

212 3519 352 3601 rumpit,
380 3540 463 3601 quae
490 3517 628 3581 solidam
657 3516 787 3581 laudem
818 3517 948 3583 divinae
976 3521 1112 3584 bonitati
1140 3541 1192 3583 as-
1244 3520 1325 3584 bolis
1344 3540 1548 3584 communem
1574 3519 1653 3603 (Iac.
1680 3517 1730 3602 2),
1758 3518 1875 3600 quibus
1897 3525 2007 3583 tamen
2032 3519 2115 3583 nihil
2144 3519 2220 3584 inde

213 3605 352 3686 signat.¹
380 3605 510 3668 Nomen
536 3625 615 3668 vero
642 3604 751 3666 meriti
772 3605 827 3685 qui
855 3616 1005 3686 usurpat,
1035 3605 1192 3670 adversus
1245 3605 1376 3683 accedit,
1399 3606 1462 3669 nisi
1484 3604 1569 3687 quod
1591 3605 1696 3688 magis
1717 3611 1890 3682 terrentur,
1912 3612 2066 3683 tremmrt,
2090 3613 2123 3670 ct
2144 3627 2221 3671 con-

212 3689 277 3753 Dei
300 3692 439 3772 gratiam
456 3689 694 3771 blasphemiam
711 3689 816 3772 erigit,
839 3712 922 3773 quae
940 3713 1015 3756 oum
1031 3691 1087 3754 illo
1105 3697 1192 3755 stare
1244 3698 1439 3756 stemantur.
1495 3691 1611 3755 Altera
1638 3699 1702 3754 eat:
1736 3711 1801 3771 qua
1832 3712 1899 3754 non
1926 3690 2022 3755 modo
2050 3691 2161 3755 Deum
2187 3700 2222 3756 et

214 3795 280 3838 non
299 3783 419 3856 potest:
442 3784 530 3840 certe
552 3776 757 3858 arrogantiae
776 3783 810 3839 et
830 3776 1013 3841 ferocientis
1034 3776 1192 3842 advorsus
1243 3776 1414 3842 Christum
1436 3798 1506 3840 esse
1527 3775 1704 3854 credimus,
1732 3774 1789 3839 sed
1810 3777 1909 3840 etiam
1927 3777 1963 3840 in
1984 3777 2095 3841 Deum
2115 3777 2221 3842 credi·

213 3860 498 3925 Deumvanitatis
517 3861 653 3943 plenum
675 3869 732 3925 est.
773 3862 865 3927 Deus
882 3862 1064 3926 mercedem
1085 3871 1119 3926 et
1139 3885 1191 3927 re-
1242 3884 1331 3940 mus,
1360 3871 1393 3926 et
1418 3861 1602 3941 Christum,
1630 3882 1708 3926 vere
1734 3861 1843 3943 ipsum
1869 3883 1929 3944 pro
1949 3862 2022 3926 Deo
2048 3869 2159 3927 nostro
2181 3884 2220 3929 ac

213 3947 472 4011 munerationem
494 3947 671 4028 pollicetur.
704 3947 821 4011 Audio.
855 3946 924 4013 Sed
940 3955 1089 4014 nostrum
1110 3955 1190 4027 erat,
1243 3947 1413 4013 Christum
1433 3969 1493 4031 pro
1517 3948 1678 4013 salvatore
1701 3954 1921 4033 agnoscentes.
1964 3948 2038 4013 Hoc
2059 3942 2142 4013 vero*
2158 3956 2218 4027 est,

213 4039 324 4096 tantae
351 4031 416 4096 Dei
447 4031 679 4097 beneficentiae
706 4034 829 4116 gratias
857 4055 968 4117 agere,
1002 4055 1061 4116 per
1092 4054 1191 4116 quam
1240 4056 1307 4098 non
1328 4033 1424 4098 modo
1444 4055 1560 4099 verum
1580 4040 1732 4115 reputare
1752 4032 1787 4097 id
1807 4055 1911 4112 omne,
1932 4033 2018 4117 quod
2035 4034 2075 4098 de
2090 4034 2220 4101 Deo-ac

212 4118 308 4182 nobis
337 4116 408 4180 dari
434 4138 697 4199 agnosceremus,
730 4118 816 4199 quod
841 4121 975 4184 minime
1003 4119 1189 4198 debebatur,
1243 4119 1376 4185 Christe
1387 4119 1439 4185 vel
1451 4121 1608 4202 scriptum
1622 4127 1680 4197 est,
1697 4120 1751 4186 vel
1764 4119 1890 4198 dieitur,
1909 4119 1967 4184 scd
1978 4140 2070 4202 spem
2089 4141 2221 4185 omnem

212 4225 279 4268 non
310 4203 427 4268 animis
457 4203 567 4267 efferri
594 4209 627 4266 et
646 4203 720 4285 plus
752 4205 895 4286 arripere
922 4227 1021 4288 quam
1042 4204 1189 4269 dabatur.
1243 4228 1280 4270 ac
1301 4205 1456 4271 fiduciam
1481 4207 1517 4269 in
1543 4227 1608 4269 uno
1629 4205 1701 4270 Deo
1723 4227 1760 4270 ac
1783 4203 1914 4270 Christo
1941 4227 2112 4288 reponere,
2141 4206 2220 4271 hac-

213 4287 281 4370 Qui
307 4289 545 4353 usumfructum
578 4289 613 4351 in
640 4288 740 4352 fundo
770 4288 853 4354 dono
881 4292 1018 4372 accepit,
1048 4292 1076 4355 si
1097 4289 1190 4354 fundi
1242 4312 1304 4375 que
1327 4292 1520 4374 cogitatione
1548 4292 1594 4356 sic
1616 4290 1793 4356 offirmates
1815 4312 1900 4369 esse,
1928 4298 1966 4354 ut
1987 4291 2027 4355 de
2048 4292 2134 4356 bona
2154 4292 2220 4356 Dei

213 4376 312 4440 etiam
339 4375 570 4458 proprietatem
599 4375 660 4438 sibi
680 4373 838 4454 vindicet,
867 4397 976 4440 nonne
997 4376 1055 4440 tali
1077 4378 1189 4460 ingra-
1242 4399 1321 4461 erga
1346 4400 1405 4441 nos
1434 4377 1600 4441 voluntate
1627 4377 1710 4442 nihil
1740 4376 1939 4456 dubitemus3
1967 4384 2005 4440 ut
2030 4384 2118 4442 certo
2143 4397 2221 4459 per-

213 4460 352 4525 titudine
374 4460 466 4524 illum
494 4460 601 4542 ipsum
627 4481 723 4542 quem
745 4461 931 4542 possidebat
951 4463 1189 4526 usumfructrm
1241 4464 1330 4528 suasi
1351 4464 1452 4527 simus
1473 4462 1628 4545 quidquid
1653 4463 1747 4528 nobis
1771 4483 1902 4527 necesse
1923 4470 1981 4541 est,
2004 4469 2076 4528 tum
2094 4464 2130 4526 in
2149 4464 2221 4527 ani-

213 4548 362 4610 amittere
383 4545 548 4610 meretur?
593 4546 640 4610 Et
660 4566 719 4609 uos
741 4545 864 4611 scilicet
882 4548 1016 4629 impune
1033 4546 1190 4611 adversus
1241 4569 1324 4626 mae,
1337 4555 1408 4612 tum
1428 4549 1463 4612 in
1484 4549 1627 4631 corporis
1641 4571 1730 4628 usus,
1749 4549 1790 4613 ab
1812 4569 1850 4612 00
1870 4548 1962 4612 nobis
1978 4547 2092 4613 datum
2107 4549 2164 4628 iri;
2182 4556 2222 4613 ut

212 4638 339 4696 tantam
361 4653 454 4697 suam
476 4632 616 4715 gratiam
644 4638 714 4695 tam
733 4633 879 4715 ingratos
900 4633 1062 4698 Dominus
1083 4631 1187 4696 feret?
1241 4650 1329 4698 corto
1346 4642 1553 4716 expectemus
1568 4629 2019 4718 praestiturumlquidquidde
2032 4635 2220 4716 eoscriptu·

1241 4739 1297 4783 rae
1313 4720 1522 4802 pollicentur;
1539 4729 1577 4785 ut
1592 4720 1677 4785 nihil
1694 4720 1899 4799 haesitemus,
1921 4717 1961 4805 [p.
1976 4717 2050 4806 104]
2070 4721 2150 4803 quin
2160 4742 2221 4785 no-

1240 4805 1290 4870 bis
1301 4805 1454 4871 Christus
1476 4808 1519 4872 sit
1534 4806 1636 4884 Iesus,
1655 4806 1717 4871 hoc
1738 4814 1795 4885 est,
1819 4805 1976 4884 salvator;
1997 4807 2085 4888 quin,
2107 4812 2146 4869 ut
2159 4826 2221 4888 per

1240 4892 1349 4974 ipsum
1375 4900 1581 4974 peccatorum
1614 4892 1838 4957 remissionem
1865 4913 1903 4964 ac
1931 4892 2221 4965 sanctificationem

1239 4977 1423 5043 obtinemus
1443 4979 1491 5042 ita
1511 4978 1599 5043 salus
1615 4998 1741 5061 quoque
1757 4977 1835 5041 data
1856 4978 1914 5055 sit;
1936 4985 1974 5041 ut
1989 4976 2123 5041 tandem
2143 4998 2220 5059 per·

1241 5062 1399 5128 ducamur
1418 5064 1455 5127 in
1481 5085 1621 5147 regnum
1642 5063 1721 5140 Dei,
1743 5062 1829 5145 quod
1849 5062 1964 5128 ultimo
1986 5063 2038 5127 die
2058 5062 2220 5127 revelabi·

1240 5157 1303 5214 tur.
1354 5149 1464 5232 Atque
1491 5149 1553 5213 hoc
1581 5147 1722 5231 quidem.
1739 5156 1838 5231 caput
1864 5156 1915 5214 est
1942 5156 1975 5213 et
2000 5150 2068 5213 fere
2090 5169 2221 5214 summa

1232 5256 1354 5306 ,eorum
1371 5236 1526 5313 omnium,
1551 5255 1634 5316 quae
1656 5254 1747 5299 sacro
1764 5256 1824 5299 suo
1840 5235 1940 5302 verbo
1957 5234 2050 5300 nobis
2067 5234 2164 5298 offert
2180 5256 2220 5301 ao
