4770 6030
214 351 255 413 'lb
863 342 1128 410 memrumo
1151 344 1254 408 REL.
1278 341 1458 409 CHRIST.
1486 346 1575 407 1536.
2180 345 2221 406 76

212 544 312 615 retur,
336 558 406 601 esse
428 535 563 600 ecclesia
584 532 757 608 catholica,
785 532 850 597 nisi
871 554 906 596 so
928 532 1063 614 quisque
1082 553 1186 595 mem·
1212 564 1215 617 ι
1239 541 1295 596 tur
1315 531 1347 608 ii,
1370 534 1426 614 qui
1447 531 1547 596 fidem
1564 531 1688 596 Christi
1710 532 1792 596 falso
1809 530 2030 608 obtendentes,
2053 532 2140 594 vitae
2161 552 2219 594 ne·

211 625 309 689 brum
332 623 401 686 eius
429 641 499 685 esse
526 619 680 685 crederet.
726 617 917 697 Caeterum,
941 617 982 682 de
1004 617 1077 682 aliis
1099 625 1187 681 certo
1213 633 1215 638 ·
1239 618 1342 700 quitia
1365 619 1543 701 effrenique
1569 616 1726 699 peccandi
1751 618 1895 694 licentia,
1926 616 2009 680 nihil
2031 616 2118 680 aliud
2142 627 2220 680 sunt

200 729 344 793 ‚censere
366 729 409 771 an
430 708 497 770 sint
518 727 560 770 ex
581 705 725 782 ecelesia,
749 726 809 769 nee
831 725 881 782 ne,
906 726 943 769 ac
961 703 1080 768 electos
1098 725 1118 767 a
1135 724 1187 766 re·
1239 725 1338 786 quam
1359 703 1513 769 scandala
1535 703 1688 769 ecclesiae
1709 703 1845 786 ideoque
1856 703 1992 785 indigni,
2018 703 2073 783 qui
2092 701 2217 766 Christi

211 795 321 879 probis
344 792 535 870 discernere,
559 812 625 855 non
641 798 792 855 nostrum
809 795 866 854 est.
899 790 993 855 Haec
1016 790 1103 853 enim
1121 790 1187 853 sin·
1241 790 1371 852 nomine
1394 790 1575 872 glorientur
1595 789 1629 939 g
1651 789 1725 854 Cor.
1746 794 1774 853 5.
1804 788 1923 853 Matth.
1946 792 1993 851 18.
2032 793 2044 850 1
2067 788 2148 851 rim.
2173 788 2214 871 1).

212 880 336 965 gularis
358 884 408 942 est
427 878 493 942 Dei
514 877 757 960 praerogativa,
780 896 875 940 nosse
897 877 953 957 qui
975 877 1025 939 sui
1048 877 1128 953 sint,
1151 883 1189 937 ut
1241 875 1407 953 Primum,
1434 897 1477 940 ne
1500 885 1576 941 eum'
1630 877 1660 939 ei
1681 874 1878 941 contumelia
1904 876 1990 938 inter
2012 872 2218 938 Christianos

211 973 351 1030 testatur
372 963 496 1029 Paulus
519 963 553 1048 (2
573 964 656 1026 illim.
676 961 720 1048 2).
765 962 811 1026 Et
831 982 874 1025 ne
895 961 1065 1025 hominurn
1086 967 1188 1024 teme-
1241 961 1464 1039 nominentur,
1493 982 1530 1026 ac
1559 962 1586 1025 si
1609 968 1722 1026 sancta
1749 962 1819 1025 eius
1840 960 1977 1025 ecclesia
2003 960 2087 1023 foret
2115 959 2217 1024 male·

212 1053 292 1117 ritas
313 1072 351 1115 eo
373 1071 408 1114 se
429 1050 619 1132 proriperet,
641 1049 712 1129 ipso
733 1046 876 1129 quotidie
898 1055 1017 1111 eventu
1035 1046 1188 1111 admone-
1240 1046 1377 1110 ficorum
1396 1069 1434 1111 ae
1451 1047 1579 1131 publice
1595 1047 1818 1129 improborum
1836 1047 2005 1111 hominum
2023 1046 2218 1123 coniurati0;

211 1159 295 1214 mur,
318 1157 416 1218 quam
437 1136 534 1219 longe
562 1155 695 1199 sensum
716 1141 864 1198 nostrum
895 1139 1050 1215 superent
1070 1131 1190 1197 iudicia
1242 1130 1373 1207 deinde,
1401 1154 1444 1197 ne
1465 1134 1627 1214 frequenti
1653 1131 1885 1199 consuetudine
1907 1132 1987 1197 alios
2009 1127 2220 1213 corrumpant

211 1223 355 1288 Domini.
411 1221 499 1286 Nam
531 1228 564 1284 et
598 1221 654 1302 qui
691 1218 902 1302 perditissimi
934 1217 1129 1285 videbantur
1156 1224 1190 1281 et
1244 1215 1285 1303 [p.
1302 1215 1375 1305 145]
1398 1240 1573 1300 perversae
1594 1220 1682 1284 vitae
1709 1218 1872 1300 exemplo;
1900 1224 2077 1299 postremo,
2105 1225 2143 1280 ut
2164 1238 2219 1282 eos

212 1309 309 1392 plane
332 1307 490 1390 deplorati
511 1307 650 1383 fuerant,
674 1307 743 1370 eius
763 1306 907 1370 bonitate
928 1305 963 1368 in
985 1306 1074 1368 viam
1094 1324 1188 1369 revo-
1240 1303 1328 1384 ipsos
1360 1303 1483 1385 pudore
1515 1305 1680 1382 confusos,
1714 1325 1791 1369 suae
1820 1303 2031 1386 turpitudinis
2052 1304 2219 1384 poenitere
2343 1322 2347 1330 ’

213 1400 338 1471 cantur,
362 1402 396 1457 et
416 1394 472 1475 qui
488 1414 567 1474 prae
584 1392 657 1456 aliis
674 1398 761 1456 stare
778 1390 981 1468 videbantur,
1004 1411 1101 1472 saepe
1118 1410 1189 1454 cor-
1241 1389 1383 1472 incipiat,
1407 1411 1444 1454 ae
1465 1412 1506 1454 ex
1528 1411 1568 1454 ea
1586 1390 1785 1472 poenitentia
1806 1391 1995 1472 resipiscere
2017 1387 2151 1453 tandem
2168 1388 2217 1452 di-

214 1487 323 1544 ruunt
369 1477 478 1543 Solius
499 1479 564 1542 Dei
585 1477 670 1543 oculi
691 1477 818 1554 vident,
839 1477 895 1559 qui
912 1477 946 1540 ιιι
969 1477 1068 1540 linem
1089 1496 1192 1557 usque
1241 1481 1342 1539 scant

214 1567 281 1630 sint
312 1565 550 1647 perseveraturi
584 1562 718 1648 (Matth.
743 1561 816 1647 24),
857 1561 943 1645 quod
976 1560 1108 1626 demum
1140 1573 1190 1624 est
1327 1561 1424 1625 Tales
1450 1560 1581 1642 quidem
1608 1561 1751 1627 iudicare
1777 1582 1964 1644 possumus,
1992 1581 2052 1643 pro
2074 1582 2112 1625 eo
2134 1568 2218 1625 tem-
2281 1594 2286 1611 ι

214 1649 256 1802 gi.
281 1650 354 1736 148]
377 1651 493 1715 salutis
514 1656 613 1731 caput
634 1647 767 1797 SMatth.
790 1647 854 1733 16).
887 1648 1001 1729 Neque
1018 1669 1096 1712 vero
1113 1648 1190 1728 quia
1241 1667 1327 1728 pore,
1351 1647 1392 1711 ab
1412 1647 1548 1712 ecelesia
1569 1647 1705 1726 alienos,
1728 1654 1887 1730 quantum
1908 1667 2041 1712 cernere
2059 1646 2156 1710 datur
2177 1646 2216 1712 ac

244 1737 377 1801 hristus
391 1737 576 1811 affirmavit,
610 1756 645 1799 so
658 1734 692 1797 vi
720 1757 757 1799 ac
785 1734 880 1818 ligari
909 1734 945 1797 in
973 1733 1077 1809 coelo,
1105 1754 1188 1815 quae
1241 1732 1420 1797 secundum
1451 1733 1536 1811 eius,
1568 1755 1665 1815 quam
1694 1733 1852 1812 diximus,
1891 1733 2026 1797 notitiae
2059 1731 2215 1816 regulam

213 1823 306 1888 verbi
327 1824 378 1887 sui
398 1822 540 1886 ministri
562 1822 597 1884 in
618 1826 707 1885 terra
728 1820 885 1884 solverint
905 1827 962 1883 aut
980 1819 1124 1902 ligerim,
1146 1839 1189 1882 ex
1240 1818 1367 1882 Verum
1387 1840 1429 1882 ne
1451 1820 1497 1884 sic
1518 1819 1650 1901 quidem
1666 1819 1860 1902 desperandi
1882 1818 2012 1883 anobis
2029 1825 2114 1896 sunt,
2136 1838 2216 1898 qua·

213 1929 252 1973 eo
274 1909 434 1990 sequitur,
462 1907 601 1990 perspici
624 1928 644 1970 a
664 1907 756 1971 nobis
776 1927 883 1988 posse,
904 1906 970 1987 qui
991 1927 1033 1969 ex
1054 1905 1189 1970 ecclesia
1241 1904 1269 1968 si
1291 1912 1385 1968 extra
1405 1915 1541 1968 manum
1562 1906 1626 1970 Dei
1653 1905 1777 1970 abiecti
1829 1906 1879 1970 Ao
1901 1904 2033 1968 omnino
2053 1904 2145 1968 nefas
2166 1912 2216 1968 est

213 1995 295 2070 sint,
317 1995 372 2076 qui
394 1994 435 2057 ab
458 2015 497 2057 ea
518 1992 623 2057 alieni.
668 1990 742 2056 Hae
770 1993 858 2056 enim
882 1992 1094 2073 promissione
1122 2011 1188 2054 non
1240 1992 1424 2071 quempiam
1444 2012 1633 2075 expungere
1654 2013 1695 2055 ex
1717 1991 1893 2056 electorum
1914 2011 2060 2068 numam,
2083 1997 2140 2054 aut
2160 1989 2217 2054 de-

213 2087 387 2144 externum
416 2077 545 2161 aliquod
570 2077 727 2142 indicium
749 2078 827 2142 dare
848 2077 965 2154 voluit,
988 2076 1074 2159 quod
1095 2076 1189 2140 nobis
1241 2096 1385 2157 sperare,
1412 2077 1505 2157 quasi
1530 2078 1598 2141 iam
1622 2076 1800 2159 perditum,
1828 2077 1892 2141 nisi
1919 2096 1999 2158 quos
2024 2077 2108 2140 forte
2129 2086 2218 2140 certo

212 2165 330 2248 ligatos
353 2172 386 2229 et
407 2165 528 2229 solutos
550 2164 660 2246 palam
681 2162 868 2247 designaret
889 2171 922 2227 et
942 2163 983 2227 ob
1001 2163 1110 2227 oculos
1131 2183 1188 2244 po·
1242 2169 1383 2239 constat,
1412 2163 1512 2228 verbo
1533 2163 1597 2227 Dei
1624 2164 1692 2226 iam
1713 2162 1898 2227 damnatos:
1921 2171 1959 2225 ut
1982 2163 2009 2226 si
2031 2163 2117 2244 quis,
2140 2160 2218 2227 data

211 2260 319 2329 neret,
345 2251 402 2315 sed
424 2251 486 2314 hoc
507 2249 669 2314 duntaxat
688 2249 847 2332 polliceri:
874 2270 943 2324 eos,
970 2251 1025 2331 qui
1047 2269 1188 2331 evange·
1241 2267 1353 2328 opera,
1379 2267 1416 2312 ac
1438 2246 1601 2313 destinata
1620 2248 1760 2327 malitia,
1782 2249 1955 2313 veritatem
1977 2255 2157 2332 oppugnet,
2180 2256 2219 2312 ιιι

210 2336 310 2401 licam
330 2337 590 2418 promissionem,
613 2356 678 2418 qua
700 2333 852 2400 Christus
876 2335 912 2398 in
933 2334 1189 2415 redemptionem
1241 2333 1404 2414 opprimat
1426 2334 1646 2417 evangelium,
1674 2342 1712 2398 ut
1739 2355 1858 2398 nomen
1875 2334 1940 2398 Dei
1968 2335 2153 2416 extinguat,
2180 2342 2220 2398 ut

212 2443 251 2488 ac
273 2422 497 2488 liberationem
516 2421 653 2485 offertur
674 2421 708 2484 in
730 2427 827 2496 terra,
849 2420 962 2496 idest,
986 2421 1020 2484 in
1042 2420 1105 2484 hac
1117 2420 1186 2484 vita
1241 2418 1370 2500 spiritui
1391 2430 1503 2484 sancte
1531 2421 1669 2484 resistat.
1714 2421 1767 2485 De
1794 2420 1835 2485 iis
1861 2421 1950 2484 enim
1977 2421 2044 2484 iam
2070 2440 2126 2484 ore
2140 2420 2217 2485 ·Do-

212 2509 254 2573 ab
272 2508 404 2572 homine
431 2508 492 2572 sibi
514 2507 735 2588 praedicatam
765 2506 928 2570 audierint
951 2515 985 2570 et
1010 2505 1074 2570 fide
1098 2526 1188 2570 acce·
1241 2505 1321 2567 mini
1342 2506 1593 2586 pronunciatum
1614 2514 1672 2585 est,
1695 2528 1770 2572 eum
1793 2506 1889 2570 dixit:
1914 2526 1981 2571 non
2002 2506 2123 2570 remitti
2140 2527 2216 2586 pec-

211 2594 329 2676 perint,
353 2615 421 2671 eos,
444 2594 593 2674 inquam,
618 2613 695 2657 vere
717 2592 799 2657 solvi
822 2614 859 2657 ae
881 2592 1012 2656 liberari
1034 2592 1068 2654 in
1090 2591 1186 2666 coelo,
1241 2597 1351 2655 catum
1377 2591 1412 2653 in
1434 2592 1586 2672 spiritum
1607 2601 1772 2670 sanctiun,
1799 2613 1905 2674 neque
1930 2593 1965 2655 in
1993 2591 2055 2657 hoc
2077 2591 2214 2668 saeculo,

212 2679 327 2759 idest,
351 2700 461 2744 coram
481 2678 554 2742 Deo
576 2685 610 2742 et
631 2679 700 2743 eius
722 2677 856 2756 iudicio;
879 2679 934 2760 qui
955 2699 1033 2741 vero
1056 2698 1189 2759 respue·
1241 2696 1345 2756 neque
1375 2677 1411 2739 in
1443 2677 1561 2741 firturo.
1612 2677 1708 2757 Quod
1733 2699 1808 2742 raro
1834 2677 1914 2742 adeo
1942 2677 2096 2742 sentiris
2122 2677 2216 2741 nobis

211 2767 279 2830 rint
308 2786 346 2830 ac
378 2765 635 2842 contemserint„
656 2765 696 2828 iis
723 2764 763 2828 ab
796 2784 836 2828 ea
859 2785 931 2828 esse
957 2764 1187 2840 testimonium,
1240 2770 1348 2844 potest
1379 2761 1422 2845 (si
1449 2783 1594 2844 unquam
1621 2762 1741 2863 potest)
1774 2770 1812 2828 ut
1843 2765 1980 2829 sanioris
2007 2764 2051 2828 sit
2081 2761 2215 2852 consilii,

211 2850 298 2934 quod
319 2852 354 2914 in
375 2850 463 2916 coelo
486 2857 519 2913 et
540 2871 650 2914 coram
671 2849 752 2926 Deo,
775 2850 810 2913 in
831 2850 899 2914 suis
920 2849 1068 2927 vinculis,
1092 2856 1189 2932 atque
1241 2855 1413 2928 expectem
1435 2848 1523 2912 diem
1544 2850 1773 2927 revelatioms,
1789 2870 1850 2914 nec
1872 2860 1994 2914 temere
2013 2849 2079 2914 Dei
2098 2847 2218 2913 iudicio

212 2936 292 3001 adeo
312 2937 347 2999 in
369 2958 429 3000 sua
450 2934 658 2999 damnatione
680 2942 842 2999 maneant.
1214 2949 1217 2990 l
1242 2935 1368 3014 praeire
1391 2932 1525 3016 (Mattb.
1549 2938 1595 2998 12.
1619 2935 1720 3000 Hebr.
1742 2940 1769 3000 6.
1798 2941 1844 2999 10.
1867 2936 1957 3000 Ioan.
1978 2940 2005 2999 5.
2040 2939 2055 2997 1
2077 2933 2151 2999 Cor.
2168 2933 2216 3017 4).

298 3020 496 3102 Quanquam
529 3028 638 3085 alitem
671 3021 746 3085 fidoi
778 3020 972 3086 certitudine
1006 3021 1137 3104 agnosci
1170 3042 1190 3084 a
1241 3019 1323 3082 Plus
1343 3019 1493 3084 licentiae
1514 3041 1556 3084 ne
1579 3021 1671 3086 nobis
1692 3022 1727 3086 ιιι
1743 3020 1917 3086 iudicando
1934 3041 2133 3104 arrogemus,
2153 3020 2220 3084 nisi

212 3108 305 3173 nobis
332 3107 427 3172 electi
452 3127 519 3170 non
544 3119 691 3187 possunt,
725 3106 854 3189 quando
885 3116 996 3171 tamen
1030 3107 1190 3187 scriptura
1242 3104 1393 3169 volumus
1414 3105 1479 3169 Dei
1499 3107 1656 3171 virtutem
1677 3107 1817 3171 limitare
1835 3129 1873 3171 ac
1890 3106 2129 3171 misericordiae
2147 3106 2218 3171 eius

212 3201 318 3259 certas
350 3191 508 3274 quasdam
535 3199 629 3256 notas
657 3193 749 3257 nobis
772 3193 937 3271 describit,
965 3199 1003 3256 ut
1023 3199 1120 3256 antea
1141 3191 1190 3255 di·
1242 3191 1349 3273 legem
1371 3190 1487 3270 dicere,
1511 3193 1564 3256 cui
1584 3194 1708 3275 quoties
1725 3194 1833 3258 visum
1850 3201 1917 3269 est,¹
1930 3193 2062 3273 pessimi
2081 3193 2116 3255 in
2132 3192 2216 3273 opti·

213 3286 303 3345 ctum
320 3288 378 3356 est,
396 3278 512 3359 quibus
529 3277 647 3342 electos
665 3287 699 3341 et
713 3279 797 3343 filios
808 3280 873 3343 Dei
891 3301 911 3343 a
929 3279 1074 3361 reprobis
1087 3288 1120 3341 et
1133 3298 1190 3341 ex·
1242 3297 1313 3341 mos
1334 3285 1518 3355 mutantur,
1542 3278 1639 3343 alieni
1660 3280 1863 3356 inseruntru,
1887 3278 2035 3342 extranei
2062 3284 2216 3359 cooptan-

213 3366 335 3430 traneis
359 3363 605 3446 distinguamus,
626 3372 786 3445 quatenus
808 3387 828 3428 a
849 3365 942 3429 nobis
959 3364 1031 3428 vult
1048 3364 1188 3447 agnosci,
1242 3370 1296 3425 tur
1317 3363 1352 3425 in
1374 3362 1556 3443 ecclesiam
1583 3373 1622 3427 ut
1642 3366 1688 3429 sic
1709 3365 1879 3429 hominum
1900 3365 2084 3446 opinionem
2105 3362 2217 3428 eludat

214 3449 334 3514 debent
354 3448 494 3532 quodam
515 3450 660 3514 caritatis
681 3449 798 3514 iudicio
820 3472 879 3533 pro
901 3447 1010 3515 electis
1033 3472 1070 3514 ac
1087 3448 1189 3514 eccle-
1214 3520 1216 3542 Ι
1242 3456 1275 3511 ct
1301 3449 1519 3524 temeritatem
1547 3449 1715 3529 retundat,
1743 3472 1785 3514 ne
1808 3451 1868 3514 sibi
1889 3449 2054 3515 iudicandi
2077 3446 2117 3534 [p.
2139 3445 2214 3534 146]

214 3538 282 3602 siae
304 3536 459 3601 membris
481 3535 595 3599 haberi
616 3557 738 3614 omnes,
760 3537 816 3617 qui
837 3544 870 3601 et
891 3536 967 3601 fidei
990 3536 1189 3600 confessione
1214 3546 1216 3619 ξ
1241 3535 1305 3611 ius,
1334 3556 1432 3615 supra
1458 3555 1557 3616 quam
1584 3534 1690 3616 decet,
1710 3548 1876 3618 ‘usurpare
1901 3535 2050 3599 audeant
2094 3533 2217 3599 Danda

214 3628 248 3688 et
276 3623 364 3686 vitae
397 3620 545 3703 exemplo
575 3629 608 3685 et
635 3630 912 3687 sacramentorum
943 3621 1189 3703 participatione
1214 3630 1216 3634 ’
1241 3622 1347 3701 potius
1364 3640 1471 3701 opera,
1489 3628 1527 3685 ut
1543 3629 1656 3685 mutuo
1673 3623 1813 3688 candore
1831 3620 1971 3685 altardo
1989 3621 2099 3699 altero,
2117 3641 2218 3703 quam

214 3707 355 3772 eundem
385 3707 553 3772 nobiscum
578 3707 688 3771 Deum
715 3730 753 3773 ac
782 3707 952 3775 Christum
979 3708 1173 3790 profitentur
1180 3729 1188 3784 ;
1240 3707 1601 3787 poter-itoptimeficri,
1625 3707 1891 3786 sentiamus,th
1912 3707 2050 3771 aliorum
2070 3707 2157 3772 facta
2178 3727 2217 3772 ac

50 3792 60 3799 ’
180 3819 184 3823 ’
214 3792 469 3876 etiamsialiquid
478 3792 894 3875 imperfectionisineorum
902 3791 941 3881 [p.
958 3791 1031 3880 144]
1044 3793 1189 3857 moribus
1241 3790 1327 3856 dicta
1353 3792 1498 3856 vicissim
1523 3795 1558 3856 in
1584 3794 1740 3875 optimam
1765 3800 1894 3876 partem
1915 3793 2126 3875 accipiamus,
2149 3813 2218 3856 non

214 3877 355 3942 resideat
376 3877 428 3961 (ut
448 3878 558 3943 nullus
580 3878 633 3944 hic
655 3881 816 3962 perfectus
838 3879 1063 3963 conspicitur),
1094 3878 1188 3944 modo
1240 3885 1278 3940 ut
1299 3878 1482 3959 suspicaces
1503 3878 1622 3957 solent,
1646 3880 1774 3963 oblique
1796 3901 1833 3944 ae
1856 3881 1986 3944 sinistre
2008 3886 2217 3959 torqueamus

214 3965 250 4028 in
271 3965 339 4027 suis
360 3964 447 4027 vitiis
468 3985 535 4027 non
556 3964 618 4028 sibi
638 3966 777 4030 nimium
797 3967 948 4049 placeant
968 3973 1002 4030 et
1016 3964 1188 4029 blandian·
1241 3962 1375 4047 (Matth.
1397 3967 1425 4027 7.
1448 3964 1543 4028 Rom.
1561 3969 1671 4029 1214.
1697 3966 1840 4031 l'Phess.
1856 3971 1883 4029 t.
1907 3964 2009 4029 Hebr.
2032 3964 2095 4048 12).
2119 3961 2218 4043 Quod

214 4056 284 4126 tur,
312 4070 350 4113 ac
372 4048 412 4113 dc
433 4050 473 4112 iis
494 4050 577 4113 bene
602 4052 812 4133 sperandum:
843 4054 911 4117 fore
940 4060 977 4116 ut
996 4051 1062 4115 Dei
1089 4050 1188 4115 ductu
1241 4049 1268 4112 si
1291 4049 1415 4130 quiite
1439 4052 1585 4131 perversi
1606 4059 1698 4130 sunt,
1728 4059 1765 4115 ut
1787 4052 1827 4116 de
1855 4073 1889 4115 se
1911 4052 1993 4117 bene
2015 4051 2129 4114 sentiri
2150 4071 2219 4114 non

214 4155 344 4216 semper
370 4135 404 4197 in
431 4134 547 4199 melius
575 4138 758 4217 proficiant,
789 4138 890 4203 donec
912 4158 1042 4201 omnem
1068 4138 1188 4217 imper·
1240 4135 1445 4216 permittant,
1468 4157 1522 4200 eos
1543 4143 1653 4201 tamen
1675 4137 1709 4200 in
1730 4159 1864 4202 manum
1885 4137 1950 4202 Dei
1976 4137 2218 4202 committamus

214 4221 387 4286 sectionem
414 4220 518 4298 exuti,
552 4221 587 4284 in
619 4229 785 4286 aeternam
812 4223 988 4288 electorum
1015 4221 1189 4286 beatitudi-
1240 4220 1439 4302 bonitatique
1460 4222 1732 4303 commendemus,
1753 4224 1889 4289 meliora
1911 4222 1951 4286 de
1969 4222 2020 4287 his
2038 4230 2217 4304 sperantes,

214 4328 291 4371 nem
312 4305 512 4388 perveniant.
546 4306 610 4370 His
631 4308 718 4370 enini
739 4310 825 4373 notis
846 4331 884 4373 ac
904 4308 1032 4373 indiciis
1050 4308 1188 4388 scriptu-
1240 4327 1338 4387 quam
1360 4306 1519 4372 videmus.
1563 4307 1619 4373 Sic
1648 4311 1736 4374 enim
1757 4312 1829 4386 fiet,
1857 4316 1895 4373 ut
1916 4316 1949 4372 et
1970 4311 2084 4373 mutua
2106 4310 2218 4390 aequi-

215 4413 254 4458 ra
274 4392 392 4457 electos
418 4390 497 4468 Dei,
518 4391 603 4456 filios
625 4393 703 4470 Dei,
730 4394 886 4476 populum
907 4395 985 4472 Dei,
1019 4392 1188 4458 eeclesiam
1241 4399 1308 4455 tate
1330 4413 1368 4458 ac
1389 4394 1548 4474 patientia
1574 4416 1634 4459 nos
1656 4396 1862 4473 sufferentes,
1891 4416 2007 4478 pacem
2035 4416 2072 4459 ac
2098 4395 2219 4459 carita-

214 4480 280 4545 Dci
300 4477 393 4543 nobis
413 4475 535 4554 definit,
559 4484 597 4540 ιιι
618 4500 638 4542 a
659 4478 751 4543 nobis
772 4481 911 4564 intelligi
932 4486 1076 4562 possunt.
1121 4475 1200 4557 Qut
1240 4486 1308 4541 tem
1334 4478 1475 4558 alamus,
1503 4501 1564 4545 nec
1585 4480 1706 4546 *stolide
1733 4483 1951 4562 irrumpentes
1982 4482 2018 4544 in
2043 4481 2219 4546 secretiora

215 4585 309 4642 vero,
339 4570 397 4627 aut
424 4562 593 4628 nobiscum
617 4585 683 4628 non
705 4567 911 4630 consentiunt
936 4567 971 4629 in
992 4564 1129 4630 eandem
1149 4565 1187 4627 fi·
1240 4563 1305 4628 Dei
1325 4563 1459 4644 iudicia,
1488 4587 1637 4631 errorum
1662 4568 1805 4632 tenebris
1826 4587 1887 4630 nos
1910 4567 2125 4631 involvamus.
2171 4566 2219 4632 Ut

215 4648 290 4713 dem
321 4656 391 4727 aut,
423 4649 551 4713 etiamsi
584 4650 817 4715 confessionem
853 4653 889 4715 in
924 4651 1025 4716 labris
1056 4649 1187 4727 habent,
1240 4670 1306 4713 uno
1327 4651 1426 4715 verbo
1449 4652 1630 4718 absolvam:
1654 4673 1720 4717 non
1741 4673 1915 4735 personam
1935 4653 2054 4734 ipsam,
2078 4672 2161 4734 quae
2182 4653 2220 4717 ιιι

214 4735 325 4800 Deum
346 4741 465 4812 tanim,
488 4756 586 4816 quem
606 4756 662 4800 ore
684 4739 893 4816 confitentur,
916 4738 1067 4820 operibus
1088 4734 1187 4800 abne-
1240 4755 1341 4799 manu
1363 4744 1460 4818 atque
1483 4739 1617 4803 arbitrio
1636 4740 1701 4803 Dei
1723 4745 1781 4816 est,
1804 4740 1840 4802 in
1861 4745 2000 4802 mortem
2017 4736 2218 4818 addicamus,

216 4827 304 4905 gant,
333 4819 385 4903 (ut
405 4841 485 4902 quos
507 4821 656 4887 videmus
682 4823 825 4887 inomni
852 4825 921 4888 vita
948 4823 1121 4888 sceleratos
1150 4842 1188 4886 ac
1240 4819 1297 4885 sed
1319 4827 1449 4886 tantum
1468 4825 1578 4905 qualia
1604 4825 1671 4889 sint
1691 4825 1846 4906 cuiusque
1865 4845 1980 4906 opera,
2009 4825 2219 4890 aestimemus

215 4906 366 4989 perditos,
386 4907 542 4987 peccandi
559 4907 725 4990 voluptate
743 4909 858 4987 ebrios,
876 4909 1034 4991 malisque
1053 4908 1121 4972 suis
1137 4907 1187 4970 in-
1240 4905 1376 4991 exlege
1398 4908 1472 4987 Dei,
1495 4932 1577 4992 quae
1599 4911 1676 4974 boni
1696 4917 1730 4973 et
1749 4910 1829 4973 mali
1850 4910 1964 4993 regula
1985 4920 2042 4974 ost.

215 4989 426 5074 dormientes)
455 4992 641 5058 huiusmodi
661 5015 773 5060 omnes
800 4996 868 5059 suis
894 5016 930 5059 se
958 4994 1086 5080 indiciis
1112 5013 1187 5075 pro-
1326 4992 1368 5056 In
1392 4993 1481 5061 hunc
1504 5017 1637 5060 sensum
1658 4995 1862 5078 accipiendae
1889 5002 1966 5059 sunt
1993 4998 2217 5062 exeommuni-

216 5076 312 5155 dunt,
340 5097 407 5140 non
429 5098 499 5142 esse
522 5078 564 5143 ad
588 5100 743 5161 praesens
765 5080 919 5147 ecclesiae
946 5081 1100 5146 membra
1146 5079 1188 5142 In
1240 5079 1397 5158 cationes,
1426 5102 1492 5144 non
1513 5083 1630 5163 quibus
1651 5080 1845 5146 deliciantur
1866 5103 1907 5145 ex
1930 5102 1987 5163 spe
2009 5082 2136 5159 salutis,
2159 5085 2218 5165 qui

214 5162 302 5226 hunc
321 5183 417 5226 usum
433 5165 626 5230 constitutae
643 5173 720 5230 sunt
737 5166 1093 5243 excommunicationes,
1116 5165 1187 5246 qui·
1239 5184 1350 5229 coram
1371 5164 1555 5231 hominibus
1577 5167 1770 5232 abdicantur
1791 5189 1833 5231 ex
1854 5167 2007 5232 ecclesiae
2025 5188 2133 5251 grege,
2157 5167 2217 5234 sed

213 5249 275 5313 bus
287 5246 462 5312 afidelium
472 5251 870 5319 consortioabdicarentur
882 5252 1186 5336 atqueexpelleren·
1238 5249 1355 5331 quibus
1376 5249 1536 5316 duntaxat
1556 5254 1772 5336 castigentur,
1801 5253 1903 5318 donec
1923 5274 1965 5317 ex
1986 5255 2075 5319 vitae
2095 5255 2216 5336 prioris

664 5375 669 5409 l
