4770 6030
1003 349 1376 433 PROLEGOMEM
2055 354 2193 421 XLVII

187 542 247 606 11111
267 540 481 625 cupientibus.
526 538 704 604 Caeterum
724 561 767 605 ne
788 539 938 621 κειμήλιον
964 539 1054 605 istud
1081 548 1230 604 nostrum
1252 541 1288 603 in
1314 539 1445 604 officina
1471 540 1593 622 periret
1618 541 1743 606 calamo
1765 541 1964 625 descriptum
1986 547 2192 631 typographo

187 653 391 718 tradidimus

341 763 448 829 Multo
470 763 637 847 graviores
658 763 752 828 nobis
773 763 980 828 difficultates
1001 763 1198 827 obstiterimt
1219 765 1256 826 in
1276 763 1487 845 proponenda
1509 763 1654 829 secunda
1675 766 1782 848 operis
1799 765 1977 831 calviniani
1994 772 2190 836 recensione.

188 874 298 957 Quam
319 877 424 941 tribus
446 873 584 940 subinde
599 876 740 940 55115115
761 875 873 940 1515115
895 876 930 937 15
951 874 1119 957 5511115551
1140 877 1293 940 emissam
1315 875 1416 939 1111555
1437 875 1643 953 15551155115,
1666 877 1761 942 55515
1783 878 1906 943 55111551
1930 882 2027 957 1539,
2054 884 2134 944 1543
2156 891 2192 946 51

192 993 283 1052 1550.
333 987 411 1069 Ipsa
438 994 548 1050 autem
577 986 756 1050 editionum
784 986 837 1051 hic
864 988 900 1049 in
927 1007 1061 1051 censum
1088 987 1291 1051 venientium
1312 987 1457 1052 varietas
1484 994 1556 1051 erat
1576 988 1631 1051 vel
1652 987 1814 1068 lectionis,
1843 990 1897 1055 551
1919 990 2109 1072 additionis,
2137 993 2192 1058 551

188 1099 327 1181 5551555
348 1098 481 1163 ordinis.
527 1098 646 1180 Accipe
667 1099 743 1175 iam,
766 1097 922 1162 benevole
943 1097 1055 1172 lector,
1078 1119 1159 1180 quas
1176 1098 1266 1182 leges
1283 1100 1320 1163 in
1339 1097 1401 1163 1155
1418 1099 1589 1182 provincia
1605 1099 1699 1164 nobis
1717 1102 1936 1167 observandas
1954 1104 2190 1185 scripserimus

342 1211 508 1286 Primum,
536 1209 623 1290 quod
648 1211 815 1274 variantes
842 1211 971 1293 proprie
999 1209 1046 1275 515
1074 1209 1227 1276 51555555
1254 1211 1381 1288 5111551,
1412 1210 1618 1294 singularum
1647 1233 1765 1297 nempe
1791 1234 1909 1279 vocum
1936 1223 1994 1279 aut
2020 1215 2191 1297 phrasium

188 1324 244 1389 551
264 1324 433 1388 fortuitam
452 1321 507 1386 551
533 1320 573 1384 55
600 1319 763 1385 industria
787 1322 908 1386 1551551
928 1321 1166 1399 5155151151515,
1188 1324 1313 1406 5551155
1335 1322 1419 1386 duae
1446 1323 1600 1388 lectiones
1623 1325 1882 1407 aequiparandae
1903 1327 2113 1404 videbantur,
2135 1327 2190 1391 551
2293 1338 2300 1353 “

188 1436 306 1501 saltem
326 1411 557 1499 5555515155
583 1441 616 1496 51
643 1453 793 1510 erronea,
822 1442 918 1515 atque
947 1432 1028 1498 adeo
1049 1434 1214 1499 recentior
1239 1435 1431 1516 antiquioris
1458 1435 1569 1500 minus
1596 1437 1780 1501 necessaria
1801 1435 1858 1501 sed
1880 1435 2059 1502 deliberata
2078 1458 2190 1502 emen-

188 1546 287 1624 datio,
310 1547 396 1611 5555
418 1545 635 1627 antiquiorem
657 1545 775 1627 ubique
795 1545 830 1608 in
852 1551 981 1608 textum
1003 1546 1194 1627 mcepimus
1216 1545 1275 1609 illa
1293 1548 1473 1610 recentiore
1493 1547 1528 1610 in
1549 1548 1700 1631 margine
1719 1548 1834 1630 55515,
1858 1549 1978 1631 551555
1999 1550 2064 1631 551,
2086 1571 2190 1631 quan·

187 1650 389 1740 tnmcnnque
409 1658 482 1722 fieri
508 1664 633 1739 posset,
663 1657 770 1738 operis
796 1657 918 1721 formas
939 1656 982 1720 ad
1008 1664 1194 1740 temporum
1219 1658 1362 1723 15115555
1389 1660 1573 1740 exprimere
1594 1679 1795 1741 cuperemus.
1841 1657 1902 1724 Sin
1925 1682 2002 1725 5515
2023 1662 2189 1742 antiquior

189 1779 302 1854 aperte
324 1769 480 1835 mendosa
499 1769 598 1832 1115111
622 1776 656 1831 51
680 1769 813 1832 5155155
839 1789 906 1833 555
927 1768 1110 1846 151515555,
1138 1770 1311 1834 recentiori
1339 1790 1437 1834 snum
1464 1770 1611 1835 debitum
1638 1770 1746 1835 locum
1767 1780 1801 1834 et
1827 1771 1985 1835 honorem
2007 1771 2188 1850 515515551-

187 1904 273 1961 5155
296 1882 400 1946 altera
419 1882 455 1944 in
473 1880 659 1963 marginem
680 1880 825 1963 relegata
846 1881 898 1945 vel
922 1881 1021 1944 etiam
1042 1883 1142 1946 tacite
1161 1902 1344 1965 suppressa
1378 1881 1488 1964 Atque
1509 1882 1564 1947 hic
1585 1883 1620 1945 in
1642 1883 1835 1948 universum
1856 1882 2016 1948 nonnulla
2035 1883 2075 1948 de
2095 1905 2188 1948 men-

189 1995 242 2060 dis
263 2014 438 2077 operarum
461 1991 600 2057 dicenda
620 1998 739 2069 essent,
761 1992 827 2055 nisi
847 1990 1021 2058 mallemus
1042 1993 1124 2059 haec
1144 1995 1232 2058 15115
1253 1993 1377 2076 aptiore
1398 1992 1468 2059 loco
1490 1995 1661 2078 attingere.

345 2105 499 2169 Alterum
520 2103 691 2168 varietatis
710 2123 814 2186 genus
836 2102 1065 2170 additamentis
1087 2112 1214 2170 constat
1235 2105 1353 2188 quibus
1375 2112 1471 2169 autor
1499 2106 1601 2170 semel
1623 2112 1720 2188 atque
1743 2107 1865 2171 iterum
1886 2127 1968 2190 opus
1990 2127 2086 2171 sunm
2107 2106 2191 2170 dita·

188 2220 248 2284 vit.
293 2216 388 2298 Quae
412 2218 447 2280 in
475 2216 616 2280 editione
642 2215 721 2279 anni
746 2217 828 2277 1543
859 2215 956 2298 51515
976 2223 1011 2280 51
1036 2216 1184 2301 longiora
1211 2225 1304 2295 sunt,
1334 2217 1459 2282 rariora
1479 2224 1514 2281 et
1533 2218 1644 2281 minus
1664 2224 1801 2282 extensa
1822 2220 1985 2301 15511515
2006 2217 2190 2302 genevensi

188 2330 234 2394 In
255 2330 317 2394 hac
343 2330 501 2395 sectiones
529 2327 657 2410 aliquas
680 2347 817 2391 numero
844 2328 1012 2409 pauciores
1035 2328 1113 2394 hinc
1136 2329 1212 2393 inde
1242 2329 1417 2412 antiquiori
1446 2330 1552 2393 textui
1573 2330 1714 2393 insertas
1735 2330 1897 2406 invenies,
1924 2331 1962 2392 in
1983 2329 2041 2394 illa
2062 2331 2191 2412 saepius

190 2443 321 2524 integra
345 2460 545 2523 operosaque
566 2439 683 2521 capita,
705 2438 759 2504 551
781 2438 897 2503 saltem
919 2439 1093 2522 ampliores
1114 2462 1281 2518 excursus,
1304 2441 1359 2524 qui
1382 2440 1446 2506 dici
1466 2447 1618 2523 5555551,
1641 2462 1679 2506 ac
1700 2440 1927 2524 digressiones.
1972 2439 2061 2506 Sunt
2079 2448 2191 2505 tamen

192 2554 295 2617 etiam
321 2554 356 2615 in
378 2559 516 2633 51155115
547 2551 699 2615 51551515
723 2550 828 2615 multa
853 2551 1093 2633 supplementa,
1117 2552 1296 2634 dequibus
1317 2553 1383 2616 iam
1410 2573 1510 2635 supra
1533 2552 1635 2617 verba
1662 2551 1812 2630 fecimus,
1835 2574 2014 2634 paucorum
2034 2572 2191 2617 versuum

190 2664 245 2730 551
279 2664 359 2729 adeo
392 2662 598 2746 singularum
623 2684 755 2741 vocum,
789 2663 906 2746 quibus
939 2663 1058 2727 additis
1085 2665 1283 2729 sententiam
1311 2665 1418 2748 magis
1445 2665 1651 2747 perspicuam
1678 2662 1827 2740 reddere,
1861 2671 1919 2727 aut
1946 2665 2045 2729 allato
2070 2667 2191 2731 5515115

190 2778 359 2859 5511515115
387 2776 575 2840 testimonio
601 2783 834 2858 argumentum
859 2776 992 2839 11115515
1019 2775 1075 2839 1115
1100 2775 1260 2840 studebat
1312 2775 1404 2840 Haec
1431 2777 1543 2840 omnia
1570 2774 1697 2840 duobus
1724 2774 1830 2839 modis
1855 2774 1989 2840 lecturis
2009 2798 2191 2860 proponere

189 2896 389 2972 poteramus,
410 2888 534 2952 55111551
553 2887 608 2952 551
626 2884 859 2952 recentioribus
879 2888 1021 2970 margini
1043 2888 1227 2966 reservatis,
1250 2886 1305 2951 551
1324 2887 1476 2953 omnibus
1496 2889 1531 2951 in
1553 2908 1657 2951 unum
1679 2894 1790 2951 textus
1812 2906 1938 2970 corpus,
1961 2899 1999 2951 ut
2020 2889 2086 2952 iam
2103 2910 2190 2954 anno

192 3006 276 3064 1550
296 3002 444 3077 11151551,
471 3000 653 3064 5551555115
674 3003 708 3062 51
728 2999 935 3081 conscriptis,
964 2999 1012 3063 ita
1033 3006 1144 3063 1115511
1163 3007 1201 3062 51
1222 2999 1377 3081 55155555
1405 2999 1557 3063 editionis
1576 2999 1710 3082 5155115
1732 2998 1893 3063 elementa
1915 2999 2075 3083 singulari
2095 3008 2189 3085 typo-

188 3133 266 3177 rum
286 3112 475 3176 charactere
495 3111 768 3194 exprimerentur.
812 3111 921 3192 Atque
954 3110 1009 3175 hic
1040 3090 1199 3192 posterior
1224 3110 1340 3176 modus
1369 3112 1470 3175 551115
1496 3111 1536 3175 (15
1564 3112 1671 3177 555515
1698 3110 1792 3175 55515
1820 3132 1899 3193 prae
1925 3111 2029 3176 altero
2056 3111 2188 3195 5155511

188 3244 296 3306 neque
322 3225 386 3287 erit
412 3244 494 3306 5555
521 3231 559 3287 51
587 3243 663 3286 5551
689 3221 839 3304 pluribus
866 3221 1139 3287 commendemus.
1184 3220 1337 3288 Sufficiat
1363 3223 1423 3286 tibi
1445 3223 1507 3288 hoc
1528 3244 1645 3287 unum:
1674 3245 1777 3305 quum
1804 3221 1978 3304 aliquando
1998 3223 2111 3289 decem
2133 3232 2191 3288 aut

188 3336 323 3418 viginti,
345 3336 411 3399 imo
432 3341 565 3400 centum
585 3335 781 3417 paginarum
803 3332 1063 3398 additamentum
1091 3335 1199 3398 notari
1222 3334 1385 3411 debuerit,
1408 3355 1472 3418 quo
1497 3343 1592 3417 pacto
1613 3335 1676 3400 hoc
1696 3337 1780 3401 citra
1800 3333 1929 3400 lectoris
1952 3355 2117 3398 summum
2139 3336 2191 3397 in·

189 3446 398 3512 commodum
418 3447 491 3510 fieri
512 3447 680 3528 potuisset,
702 3454 772 3509 tota
792 3445 850 3509 illa
871 3445 956 3510 mole
978 3447 1013 3510 in
1034 3447 1218 3530 marginem
1239 3446 1360 3512 reiecta
1380 3448 1438 3529 qui
1463 3447 1529 3511 iam
1556 3467 1670 3530 margo
1704 3468 1770 3510 non
1799 3446 1939 3528 amplius
1961 3444 2024 3510 dici
2051 3453 2189 3526 poterat,

188 3578 251 3622 nos
271 3557 402 3641 quidem
429 3579 495 3622 non
522 3558 734 3639 assequimur.
783 3555 959 3622 Caeterum
985 3567 1021 3621 et
1049 3558 1135 3623 banc
1161 3559 1250 3623 51551
1276 3560 1440 3642 ingressos
1466 3559 1554 3642 typis
1580 3559 1669 3623 inter
1696 3579 1731 3622 se
1754 3556 1891 3622 diversis
1912 3556 1961 3620 uti
1982 3556 2187 3637 55511515551

173 3670 307 3753 5155115
333 3691 542 3752 quaecunque
569 3671 736 3752 pertinent
763 3669 805 3733 ad
833 3669 977 3734 codicem
1002 3670 1197 3751 primarium
1225 3670 1324 3734 huius
1352 3670 1547 3735 mcensierns
1576 3667 1767 3752 (editionem
1795 3669 1874 3732 anni
1899 3670 1981 3730 1539
2009 3668 2188 3749 significari

187 3782 409 3866 memineris),
438 3781 627 3846 charactere
652 3781 832 3858 ordinario,
860 3801 958 3864 quem
979 3781 1085 3846 editor
1105 3789 1217 3846 noster
1236 3782 1315 3847 huic
1336 3783 1427 3864 55511
1448 3781 1641 3858 5551155511,
1670 3777 1878 3844 scribendum
1900 3779 2088 3844 curavimus
2094 3803 2102 3857 ;
2132 3779 2189 3863 qui

190 3896 262 3960 eins
284 3895 413 3978 generis
435 3901 588 3978 typorum
609 3892 766 3976 estquod
787 3913 960 3958 romanum
980 3915 1098 3958 vocare
1120 3900 1368 3958 consueverunt.
1413 3891 1649 3956 Additamento
1670 3890 1823 3954 editionis
1842 3892 1991 3974 proxime
2012 3892 2187 3972 sequentis,

191 4009 271 4072 anni
293 4006 536 4082 scilicet1543,
569 4005 758 4069 5551551515
785 4005 893 4069 italico
920 4025 1018 4087 quem
1045 4013 1207 4070 nostrates
1233 4004 1360 4083 5151151,
1387 4003 1442 4069 551
1469 4002 1612 4079 5515155,
1641 4022 1795 4084 expressa
1822 4001 1920 4085 leges.
1970 4003 2022 4066 Ea
2049 4002 2188 4084 denique

190 4139 275 4202 quae
296 4137 382 4181 anno
406 4120 489 4179 1550
511 4124 726 4195 55555555151,
749 4138 894 4199 quaeque
915 4125 954 4180 ut
975 4116 1117 4181 diximus
1138 4118 1292 4200 pauciora
1313 4124 1404 4192 sunt,
1427 4114 1610 4178 minoribus
1631 4114 1719 4198 typis
1741 4135 1762 4178 a
1782 4115 1920 4178 caeteris
1942 4113 2099 4197 distingui
2122 4115 2188 4176 ius-

191 4231 302 4295 simus.
345 4229 459 4294 Unnm
484 4228 621 4292 fortasse
647 4249 745 4311 aegre
766 4228 865 4306 feres,
899 4249 959 4293 nos
985 4248 1052 4292 non
1074 4228 1162 4293 ultra
1179 4249 1367 4313 progressos
1388 4249 1460 4293 esse
1487 4226 1684 4308 modumque
1705 4225 1846 4309 aliquem
1867 4227 2084 4309 excogitasse,
2113 4244 2186 4305 quo,

190 4363 274 4424 quae
294 4343 378 4405 15115
398 4342 485 4405 15151
505 4338 663 4405 editiones
679 4360 841 4404 annorum
863 4344 943 4403 1536
961 4347 995 4404 51
1017 4343 1098 4404 1539
1120 4340 1308 4418 1515155551,
1329 4341 1401 4422 ipsa
1421 4345 1533 4404 textus
1554 4338 1660 4403 151155
1680 4318 1773 4420 quasi
1792 4336 1945 4419 loquente
1967 4336 2091 4402 discere
2112 4355 2187 4416 pos·

191 4474 253 4519 ses.
297 4454 424 4517 Verum
445 4452 478 4515 id
494 4451 642 4534 pluribus
666 4453 871 4536 inpartibus
892 4452 1091 4535 operisfieri
1113 4453 1303 4535 neutiquam
1319 4459 1466 4534 5515151·
1478 4472 1580 4534 quum
1602 4450 1751 4514 5515115
1772 4449 1916 4514 secunda
1933 4448 2074 4512 editione
2090 4445 2187 4510 11551-

191 4566 313 4630 nanda·
323 4567 452 4647 saepius
472 4566 581 4647 priore
602 4585 663 4628 sua
684 4563 804 4628 tabella
825 4565 975 4647 neglecta
996 4564 1133 4646 stiloque
1154 4586 1249 4630 55155
1273 4586 1393 4629 555551
1412 4564 1510 4647 51555
1532 4563 1719 4646 argumenti
1747 4562 1798 4625 sui
1821 4560 2058 4643 expositionem
2078 4556 2185 4621 elabo-

190 4679 288 4756 rarit,
311 4677 391 4742 dum
411 4685 524 4759 postea
544 4677 612 4740 1515
633 4675 825 4769 511551151151
845 4677 954 4757 copias
975 4677 1063 4740 suas
1077 4675 1312 4760 supplementis
1334 4697 1453 4760 augere
1480 4676 1560 4740 satis
1587 4673 1748 4738 habuerit
1794 4671 1970 4737 Caeterum
1992 4676 2025 4733 51
2045 4689 2105 4734 nos
2126 4667 2187 4732 ali-

189 4789 270 4872 quid
291 4789 395 4853 mcliti
418 4810 532 4854 sumus
551 4808 616 4872 quo
636 4787 769 4851 illarum
791 4786 969 4851 editionum
990 4787 1119 4852 collatio
1140 4786 1365 4867 adius-aretum
1388 4808 1503 4852 verum
1525 4785 1566 4850 de
1588 4785 1650 4850 hoc
1671 4785 1758 4849 infra
1778 4782 1930 4847 dicemus.
2123 4781 2129 4793 '

345 4899 503 4982 Superest
523 4909 561 4963 ut
588 4900 629 4964 de
649 4901 747 4964 tertio
767 4898 936 4963 varietatis
957 4920 1078 4984 genere
1104 4899 1264 4963 nonnulla
1284 4899 1487 4981 5151515555
1508 4918 1609 4979 55555
1634 4895 1892 4971 1551555551515,
1920 4892 2053 4956 555155
2075 4891 2186 4956 amba-

190 5014 286 5097 gibus
307 5013 401 5077 nobis
424 5013 560 5077 555115
580 5011 674 5077 155115
694 5033 753 5077 nos
775 5009 930 5093 expedire
950 5013 1096 5094 contigit
1140 5009 1234 5092 Quae
1260 5018 1311 5076 est
1332 5013 1474 5076 varietas
1496 5009 1618 5074 ordinis
1639 5029 1737 5090 quam
1766 5005 2009 5088 appellavimus.
2053 5000 2189 5069 Scilicet

190 5125 323 5209 singula
344 5132 614 5208 argumentorum
635 5124 744 5204 capita
768 5123 806 5186 in
827 5123 895 5188 illis
915 5125 1020 5188 tribus
1042 5123 1240 5188 editionibus
1260 5123 1313 5187 vel
1335 5122 1515 5187 editionum
1536 5120 1671 5184 familiis
1696 5139 1762 5182 non
1790 5115 1903 5181 eedem
1932 5115 2016 5181 serie
2037 5115 2184 5180 veniunt.

189 5237 288 5302 Duae
308 5237 503 5319 posteriores
525 5236 613 5300 enim
634 5236 724 5299 inter
744 5254 780 5300 se
801 5256 868 5300 non
889 5235 1260 5318 515515555151115115111
1278 5235 1423 5316 aprima
1439 5232 1633 5315 discrepant.
1661 5231 1838 5295 Ρ15515155
1857 5229 1939 5293 haec
1959 5228 2067 5311 capita
2086 5226 2187 5292 habet
