4770 6030
184 347 245 410 3⁷3
771 404 773 408 ,
953 338 1054 406 ΟΑΡ.
1077 341 1140 406 ΙΠ,
1185 342 1249 407 DE
1272 340 1410 410 Lucu.
1455 382 1457 387 >
2127 348 2191 412 3⁷4

181 455 271 512 hoc·
293 454 384 510 Boc·
404 454 485 510 (1116.

182 495 335 598 exhausti
357 443 519 596 dbbitcrds
543 529 698 596 solvendo
720 551 787 595 non
815 529 926 594 simus.
972 529 1048 595 Non
1071 533 1160 594 enim
1212 528 1378 612 spondens
1400 527 1472 615 (Er.
1494 533 1543 609 18,
1563 529 1634 617 20):
1665 531 1776 596 annua
1797 553 1880 614 quae
1899 534 2097 615 peccaverit,
2119 536 2194 618 ipsa

182 617 414 694 conveniam
439 617 504 681 Dei
532 616 670 700 gloriam
698 617 873 680 metiamur
900 637 942 680 ex
971 623 1084 680 nostra
1110 617 1159 681 fa-
1213 615 1385 696 morietur,
1416 615 1458 680 ad
1479 616 1625 681 futuram
1640 617 1763 700 >procul
1786 617 1884 683 dubio
1905 624 1940 682 et
1959 641 2132 703 nunquam
2151 622 2192 688 fi-

181 703 302 770 cultata
309 726 317 783 ;
343 703 583 786 qualescunque
611 703 700 767 enim
732 703 848 780 simus,
881 709 994 767 manet
1019 701 1075 766 ille
1108 703 1159 767 sui
1210 700 1369 764 hiendam
1395 701 1450 766 rel
1476 702 1759 768 immortalitatem
1785 704 1839 770 vel
1864 712 2004 770 mortem
2031 713 2190 789 spectant

181 789 298 855 similis
320 809 462 870 semper,
486 789 609 853 amicus
631 789 788 866 iustitiae,
816 788 981 870 iniquitati
1002 788 1156 852 infensus.
1212 785 1412 869 Quanquam
1445 788 1629 870 ubicunque
1661 796 1934 855 commemoratur
1963 791 2192 860 benevolentia

182 873 350 956 dequid
371 896 391 939 a
413 875 507 940 nobis
528 875 653 958 exigat,
682 875 845 956 quianon
869 880 976 956 potest
1003 874 1066 937 nisi
1088 895 1158 939 rec-
1212 879 1271 936 aut
1290 872 1342 937 ira
1359 873 1511 951 Domini,
1541 873 1602 938 sub
1631 874 1689 939 illa
1711 877 1889 941 aeternitas
1911 877 2014 955 vitae,
2044 878 2104 943 sub
2127 879 2193 946 hac

182 970 254 1026 turn
275 961 416 1044 exigere,
439 982 482 1025 ex
503 967 641 1024 naturae
662 960 858 1043 obligatione
880 958 1078 1040 obsequendi
1100 980 1158 1023 ne-
1211 966 1384 1022 aetemum
1412 959 1551 1023 exitium
1578 962 1771 1025 continetur.
1822 962 2055 1027 Praesentium
2079 973 2189 1030 autem

182 1046 316 1113 cessitas
337 1067 397 1111 nos
419 1054 544 1124 manet;
571 1045 657 1128 quod
679 1055 789 1111 autcm
818 1067 884 1109 non
906 1065 1094 1127 possumus,
1124 1044 1158 1109 id
1211 1043 1475 1108 benedictionum
1497 1067 1534 1110 ao
1556 1045 1823 1112 maledictionum
1843 1048 1962 1132 longus
1983 1049 2019 1113 in
2040 1049 2114 1134 lege
2134 1074 2191 1118 ca·
2276 1053 2280 1074 ⁸

181 1133 253 1198 vitii
275 1133 378 1197 nostri
400 1139 459 1198 est
503 1134 536 1197 A
558 1133 691 1214 propria
712 1133 800 1196 enim
822 1129 1013 1213 cupiditate,
1036 1131 1072 1193 in
1094 1151 1159 1213 qua
1210 1128 1340 1213 talogus
1369 1137 1558 1196 recensetur
1586 1131 1683 1216 (hev.
1703 1136 1754 1210 26,
1773 1139 1792 1196 l
1811 1155 1852 1198 ss.
1891 1135 1990 1200 Dent
2011 1138 2061 1214 28,
2084 1142 2099 1199 l
2119 1140 2188 1225 aa).

181 1225 351 1301 peccatum
372 1227 498 1301 regnat,
521 1219 549 1282 si
570 1218 672 1284 vincti
692 1224 851 1294 tenemur,
874 1237 916 1281 ne
937 1215 1035 1281 soluti
1056 1217 1158 1282 simus
1210 1217 1321 1297 Atque
1347 1217 1385 1279 in
1411 1217 1635 1282 sanctionibus
1657 1217 1800 1301 quidem¹
1816 1241 1945 1284 summa
1965 1221 2030 1285 Dei
2052 1225 2193 1305 puritas,

181 1305 217 1368 in
239 1304 345 1369 nostri
370 1305 474 1386 patris
500 1304 705 1385 obsequium,
737 1325 802 1367 non
825 1309 876 1367 est
897 1323 955 1366 cur
982 1305 1157 1368 necessita·
1209 1320 1294 1383 quae
1321 1302 1530 1384 iniquitatem
1550 1304 1636 1368 ferre
1657 1326 1725 1382 non
1753 1312 1874 1388 potest3
1902 1307 1939 1369 in
1964 1308 2188 1389 promissioni-

181 1398 249 1454 tem
269 1410 329 1472 pro
352 1390 538 1456 defensione
560 1411 740 1467 causemur,
764 1389 856 1453 cuim
878 1387 1003 1452 malum
1020 1395 1053 1452 et
1069 1389 1159 1452 intra
1210 1384 1272 1451 bus
1294 1408 1386 1465 vcro,
1409 1395 1540 1469 praeter
1561 1411 1727 1454 summum
1748 1412 1828 1474 erga
1848 1392 2011 1456 iustitiam
2033 1414 2187 1473 amorem,

181 1496 240 1541 nos
262 1483 321 1555 est,
344 1484 378 1541 et
396 1476 491 1541 nobis
511 1474 749 1558 imputandum.
1210 1493 1308 1553 quem
1335 1474 1480 1555 praemio
1507 1473 1660 1540 fraudare
1682 1497 1749 1541 non
1771 1478 1925 1555 sustinet,
1954 1479 2039 1544 mira
2059 1500 2188 1564 quoque

267 1565 296 1626 4.
341 1561 406 1628 Ubi
429 1562 597 1644 hucusque
625 1582 683 1643 per
709 1560 791 1644 legis
813 1559 994 1624 docuinam
1014 1559 1159 1641 profece-
1211 1559 1282 1623 eius
1303 1559 1491 1643 benignitas
1514 1561 1721 1643 approbatur.
1762 1562 1849 1627 Nam
1870 1585 1972 1646 quum
1994 1565 2064 1630 eius
2085 1568 2188 1633 maie·

181 1649 294 1726 rimus,
313 1655 384 1711 tum
402 1648 445 1712 ad
462 1670 531 1726 nos,
551 1647 665 1712 eadem
683 1646 828 1723 docente,
849 1644 1045 1710 descendere
1063 1666 1158 1727 opor-
1211 1644 1288 1708 stati
1311 1665 1387 1708 oum
1408 1647 1530 1711 nostris
1547 1647 1698 1713 omnibus
1716 1649 1818 1714 simus
1835 1649 1989 1727 obaerati,
2011 1652 2083 1716 iura
2104 1653 2190 1736 opti·

182 1740 242 1798 tet:
273 1733 362 1798 unde
389 1733 525 1798 tandem
551 1733 614 1797 duo
642 1734 830 1796 referamus.
875 1731 1041 1809 Primum,
1064 1732 1157 1796 iusti-
1210 1750 1264 1793 mo
1283 1730 1441 1812 quidquid
1460 1732 1600 1814 requirit
1621 1754 1641 1797 a
1662 1734 1765 1812 nobis,
1787 1743 1947 1817 tanquam
1969 1736 2116 1802 debitum
2135 1760 2205 1804 re-›

181 1820 366 1903 tiam-legis
395 1841 471 1890 oum
492 1820 563 1885 vita
584 1827 697 1883 nostra
718 1816 952 1899 comparando,
982 1817 1078 1900 longe
1100 1817 1157 1881 ab·
1210 1817 1328 1896 poscit;
1368 1815 1470 1895 debiti
1502 1826 1614 1883 autem
1647 1819 1763 1884 solutio
1792 1824 2055 1888 remuneratione
2087 1824 2189 1908 digna

181 1926 251 1971 esse
278 1906 357 1987 quin
379 1905 443 1970 Dei
470 1905 632 1971 voluntati
645 1903 920 1985 respondeamus,
948 1901 1085 1986 ideoque
1106 1903 1157 1966 in-
1210 1923 1277 1966 ncn
1300 1909 1359 1968 est
1403 1903 1481 1967 Iure
1495 1904 1609 1986 ¹igitur
1630 1926 1689 1970 suo
1710 1905 1852 1984 decedit,
1878 1928 1981 1990 quum
2002 1911 2188 1991 praemium

169 1991 297 2074 ¹dignos
330 2013 400 2056 esse
432 1992 488 2073 qui
519 1991 627 2056 locum
659 1996 809 2055 nostrum
840 1988 1039 2054 retineamus
1071 1990 1158 2054 inter
1199 1989 1363 2074 proponit
1384 1989 1506 2053 nostris
1528 1990 1706 2072 obsequiis:
1737 2014 1820 2074 quae
1841 2014 1908 2057 non
1930 1994 2032 2073 ultro,
2056 2017 2115 2062 ceu
2135 1998 2186 2062 in·

180 2079 250 2141 eius
271 2085 453 2153 creaturas,
483 2076 605 2141 nedum
631 2076 719 2141 inter
740 2074 824 2140 filios
845 2095 1045 2140 censeamur.
1088 2075 1157 2139 De-
1210 2072 1321 2138 debita
1340 2073 1546 2140 exhibentur.
1591 2072 1682 2155 Quid
1710 2086 1820 2143 autem
1840 2079 1932 2161 ipsae
1953 2080 2048 2146 nobis
2069 2103 2129 2165 per
2151 2104 2187 2149 se
2262 2143 2263 2146 ,

179 2162 257 2227 inde
279 2164 366 2228 vires
388 2172 517 2227 nostras
537 2161 730 2244 reputando,
754 2159 982 2242 adimplendae
1003 2161 1068 2244 legi
1089 2155 1157 2224 n'on
1210 2159 1365 2239 afferant,
1394 2167 1507 2242 postea
1533 2161 1718 2248 apparebit;
1745 2164 1825 2229 satis
1853 2166 1888 2229 in
1915 2168 2103 2248 praesentia
2125 2175 2184 2248 est,

180 2250 323 2332 impares
352 2248 449 2313 modo
477 2270 531 2313 eas
553 2269 639 2326 esse,
668 2247 725 2313 sed
751 2267 885 2329 prorsus
907 2246 1023 2312 nullas.
1068 2246 1157 2312 Hinc
1208 2246 1236 2309 si
1259 2253 1410 2310 tenemus
1433 2266 1470 2310 ac
1492 2254 1684 2330 reputamus
1705 2269 1776 2313 esse
1797 2250 1834 2313 in
1855 2251 1938 2334 legis
1959 2254 2184 2334 promissioni-

180 2335 364 2400 necessario
386 2335 533 2417 sequitur
554 2342 626 2398 tum
643 2334 794 2417 propriae
815 2333 948 2398 virtutis
965 2331 1156 2410 diffidentia,
1210 2331 1270 2395 bus
1298 2351 1366 2394 non
1393 2330 1565 2416 vulgarem
1591 2333 1736 2399 iustitiae
1762 2336 2092 2417 commendationem,
2122 2361 2186 2423 quo

180 2429 254 2485 tum
275 2421 376 2484 animi
399 2421 547 2485 anxietas
569 2428 603 2484 et
623 2419 806 2501 trepidatio.
848 2417 964 2500 Neque
986 2419 1075 2483 enim
1094 2418 1157 2481 ini-
1209 2416 1332 2481 certius
1355 2423 1490 2496 constet,
1514 2424 1715 2502 quantopere
1732 2420 1876 2485 Domino
1893 2422 2021 2503 placeat
2041 2426 2111 2490 eius
2129 2426 2187 2491 ob-

180 2507 315 2589 quitatis
347 2506 476 2589 pondus
509 2507 670 2570 sustinere
702 2511 810 2588 potest
836 2504 1046 2579 conscicntia,
1077 2505 1158 2585 quin
1210 2502 1368 2582 servatio;
1396 2504 1580 2569 sanctiones
1600 2505 1636 2567 in
1657 2506 1815 2570 maiorem
1836 2506 2015 2572 iniustitiae
2037 2531 2187 2577 exsecra-

180 2612 259 2656 mox
279 2591 346 2656 Dei
367 2591 523 2657 iudicium
544 2592 744 2657 obversetur.
779 2587 904 2655 Sentiri
925 2610 1003 2655 vero
1021 2590 1086 2653 Dei
1107 2590 1157 2653 iu·
1210 2586 1334 2652 tioneni
1356 2609 1427 2653 csse
1448 2590 1579 2672 positas,
1603 2611 1645 2654 nc
1661 2591 1817 2656 vitiorum
1836 2591 2003 2658 blanditiis
2021 2593 2186 2663 delibutus

181 2677 304 2743 dicium
332 2698 400 2742 non
428 2685 550 2760 potest,
578 2678 659 2760 quin
681 2677 797 2741 mortis
819 2676 989 2741 horrorem
1009 2675 1156 2740 incutiat
1210 2681 1360 2756 peccator
1381 2674 1540 2740 iudicium
1560 2675 1625 2740 Dei
1647 2675 1710 2741 sibi
1731 2683 1884 2760 paratum
1905 2678 2125 2746 obliviscatur.

181 2761 343 2830 Similiter
363 2764 400 2827 in
420 2765 585 2846 potentiae
606 2763 809 2828 documentis
831 2767 951 2840 coacta,
971 2762 1078 2827 facere
1099 2781 1158 2825 ne-
1298 2764 1326 2824 6.
1371 2761 1476 2825 Pcrro
1497 2759 1583 2844 quod
1599 2761 1771 2840 Dominus,
1794 2764 1956 2847 perfectae
1972 2764 2118 2832 iustitiae
2135 2789 2187 2832 re-

181 2850 254 2933 quit
273 2849 354 2932 quin
375 2849 525 2932 protinus
546 2850 583 2913 in
604 2850 726 2914 virium
743 2869 878 2913 suarum
898 2847 1159 2932 desperationem
1211 2846 1324 2929 gulam
1345 2845 1538 2925 traditurus,
1561 2868 1674 2912 omnes
1697 2848 1767 2913 eius
1789 2856 1898 2932 partes
1921 2850 1963 2914 ad
1984 2848 2187 2918 voluntatem

170 2933 340 3000 'mucidat
379 2935 528 3018 Utraque
552 2935 680 3001 affectio
703 2933 925 2999 humilitatem
946 2955 984 2999 ac
1006 2933 1158 2998 deiectio-
1211 2952 1306 2996 suam
1334 2933 1515 3010 revocavit,
1543 2933 1579 2996 in
1607 2954 1644 2997 co
1671 2933 1837 3000 indicatur
1863 2935 1948 3000 nihil
1971 2959 2041 3003 csse
2063 2938 2112 3003 illi
2133 2960 2188 3005 ac·

181 3042 260 3086 nem
292 3029 435 3103 generat
486 3021 539 3086 Ita
570 3022 608 3087 fit
640 3019 781 3095 demumx
805 3026 844 3085 nt
875 3019 973 3084 homo
1006 3026 1159 3084 aeternae
1211 3018 1337 3100 ceptius
1364 3017 1558 3083 obedientia
1603 3017 1702 3100 Quod
1728 3041 1766 3084 eo
1794 3021 1983 3105 diligentius
2010 3023 2187 3091 observan-

180 3106 311 3184 mortis,
341 3128 440 3189 quam
460 3107 641 3172 iniustitiae
663 3129 742 3172 suae
763 3106 882 3170 meritc
902 3105 966 3172 sibi
986 3105 1159 3171 imminere
1212 3103 1291 3168 dum
1311 3112 1375 3182 est,
1405 3124 1468 3185 quo
1495 3103 1671 3186 proclivior
1692 3114 1742 3171 est
1766 3106 1930 3173 humanae
1952 3111 2071 3175 mentis
2092 3111 2189 3177 lasci·

180 3192 282 3271 videt,
304 3214 404 3258 sensu
426 3194 677 3276 perterrefactus
699 3192 742 3257 ad
764 3213 866 3256 unam
887 3191 952 3256 Dei
974 3192 1159 3256 misericor·
1212 3190 1266 3254 via
1287 3189 1330 3254 ad
1352 3189 1460 3254 varios
1479 3189 1659 3255 identidem
1680 3193 1912 3276 excogitandos
1929 3195 2047 3274 cultus,
2070 3196 2188 3279 quibus

182 3277 280 3356 diam,
303 3285 460 3360 tanquam
480 3278 522 3343 ad
543 3281 678 3345 unicum
695 3278 812 3344 salutis
828 3284 970 3361 portum,
994 3298 1064 3344 sese
1081 3297 1158 3342 cen-
1210 3274 1304 3339 illum
1326 3274 1540 3340 demereatur.
1585 3273 1750 3343 Omnibus
1770 3281 1858 3343 enim
1880 3281 2019 3346 saeculis
2040 3282 2121 3348 hacc
2143 3284 2188 3346 ir·

182 3372 306 3443 vertat;
333 3370 372 3428 ut
399 3385 478 3429 suae
499 3386 566 3429 non
595 3387 666 3430 esse
692 3363 858 3430 facultatis
885 3364 1030 3429 sentiens
1052 3362 1159 3428 exsol-
1210 3361 1364 3444 religiosa
1392 3360 1561 3445 religionis
1583 3362 1762 3443 affectatio,
1791 3366 1870 3447 quia
1887 3366 2034 3430 humano
2054 3368 2188 3450 ingenio

181 3470 259 3517 vere
279 3450 366 3532 quod
387 3448 453 3533 legi
474 3449 579 3528 debet,
601 3452 637 3514 in
658 3472 693 3516 se
714 3451 784 3532 ipso
807 3448 1093 3532 desperabundus‚
1116 3448 1159 3513 ad
1211 3446 1408 3511 naturaliter
1427 3447 1528 3513 insita
1548 3456 1607 3528 est,
1630 3469 1665 3514 se
1685 3449 1837 3532 prodidit,
1859 3471 1896 3516 ac
1916 3452 2096 3516 etiamnum
2112 3473 2189 3536 pro-

182 3557 277 3618 opem
299 3535 432 3601 aliunde
458 3536 656 3619 poscendam
677 3544 711 3601 et
731 3534 984 3617 exspectandam
1010 3535 1157 3618 respiret
1212 3533 1274 3612 dit;
1301 3532 1389 3615 quod
1416 3532 1566 3600 homines
1593 3535 1830 3618 comparandae
1857 3537 2000 3601 iustitiae
2025 3539 2188 3609 rationem

268 3627 297 3686 5.
343 3619 522 3687 Sedenim
544 3644 611 3687 non
637 3629 810 3687 contentus
829 3621 994 3686 Dominus
1014 3621 1160 3686 iustitiae
1210 3625 1343 3702 praeter
1369 3619 1435 3683 Dei
1466 3619 1605 3684 verbum
1638 3641 1768 3702 semper
1799 3623 2001 3687 comminisci
2033 3625 2187 3706 gestiunt

183 3729 261 3773 suae
282 3708 503 3772 reverentiam
525 3708 721 3785 conciliasse,
744 3708 929 3790 quostiam
951 3707 1021 3772 eius
1038 3727 1158 3785 amore,
1210 3704 1309 3771 Unde
1328 3705 1363 3768 in
1385 3704 1480 3771 bonis
1498 3727 1580 3788 quae
1598 3707 1814 3771 communiter
1831 3716 2009 3772 censentur
2026 3709 2187 3791 operibus,

183 3792 282 3858 simul
313 3802 347 3858 et
378 3794 564 3875 iniquitatis
590 3793 680 3873 odio,
714 3793 813 3860 corda
843 3799 957 3858 nostra
988 3793 1159 3872 imbueret,
1212 3792 1436 3874 angustiorem
1457 3791 1565 3856 locum
1583 3798 1697 3856 tenent
1714 3791 1797 3875 legis
1814 3800 1997 3875 praecepta,
2016 3796 2191 3862 innumera

182 3879 414 3962 promissiones
440 3901 479 3944 ac
504 3882 611 3945 minas
638 3880 820 3946 subiunxit
864 3877 954 3960 Quia
980 3879 1068 3944 enim
1090 3900 1160 3942 ma·
1211 3877 1269 3941 illa
1287 3877 1506 3941 humanarum
1523 3877 1620 3941 turba
1637 3883 1744 3941 totum
1760 3878 1828 3942 fere
1846 3880 1989 3960 spatium
2001 3890 2189 3963 occupante.

183 3966 235 4048 gis
256 3965 377 4048 caligat
398 3967 518 4030 mentis
540 3975 672 4031 nostrae
693 3965 815 4044 oculus,
837 3986 937 4048 quam
958 3976 997 4030 ut
1018 3965 1087 4031 sola
1102 3965 1160 4030 bo·
1212 3964 1259 4027 At
1280 3982 1358 4029 vcro
1379 3962 1456 4045 quid
1478 3962 1568 4027 aliud
1587 3963 1697 4028 Moses
1719 3984 1818 4045 quarn
1840 3964 1999 4029 eiusmodi
2021 3966 2190 4033 libidinem

182 4050 219 4115 ni
240 4050 486 4134 pulchritudine
508 4053 679 4130 afficiatur,
701 4053 866 4116 Dominus
887 4072 947 4133 pro
969 4073 1030 4116 sua
1050 4050 1160 4115 indul-
1212 4049 1363 4115 cohibere
1390 4047 1529 4128 studuit,
1556 4069 1657 4132 quum
1685 4056 1758 4132 post
1783 4049 1866 4133 logis
1894 4051 2189 4136 promulgationem

184 4138 298 4220 gentis
319 4158 378 4202 ncs
401 4136 569 4220 adipsum
587 4138 765 4203 amandum
782 4145 816 4202 et
833 4137 1053 4219 expetendum
1070 4136 1160 4206 illec-
1213 4137 1258 4200 sic
1284 4134 1440 4217 populum
1467 4134 1676 4217 compellaret
1702 4134 1816 4219 (Deut.
1838 4139 1892 4215 12,
1912 4136 1991 4221 28)?
2041 4136 2191 4204 Observa

183 4231 255 4287 tare
277 4224 498 4305 praemiorum
525 4222 696 4288 dulcedine
717 4224 830 4289 voluit
875 4224 1061 4288 Denuntiat
1082 4243 1160 4305 crgo
1213 4229 1246 4288 et
1267 4219 1343 4285 andi
1365 4220 1474 4285 omnia
1496 4238 1579 4304 quae
1605 4222 1768 4303 praecipio
1790 4223 1864 4301 tibi,
1892 4232 1930 4288 ut
1952 4224 2034 4289 bene
2057 4224 2188 4302 sicubi,

183 4308 327 4390 reposita
355 4309 534 4375 virtutibus
562 4309 649 4392 'apud
677 4331 712 4375 se
743 4311 904 4392 praemia;
933 4331 995 4374 nec
1027 4329 1160 4391 operam
1213 4317 1247 4372 et
1274 4306 1350 4372 filiis
1376 4307 1441 4370 tuis
1467 4313 1593 4389 postte
1619 4306 1655 4370 in
1676 4309 1925 4390 sempiternum,
1953 4331 2055 4391 quum
2075 4309 2190 4375 feceris

183 4395 309 4459 frustra
331 4401 555 4477 sumpturum,
578 4396 635 4478 qui
656 4397 838 4479 praeceptis
859 4396 926 4460 suis
947 4396 1048 4460 merit
1067 4394 1160 4460 obse-
1213 4393 1298 4477 quod
1319 4392 1442 4457 bonum
1469 4404 1520 4457 est
1541 4399 1574 4456 et
1594 4391 1752 4475 placitum
1780 4416 1890 4459 coram
1911 4394 1984 4460 Deo
2006 4404 2075 4471 tuo;
2104 4393 2190 4476 quod

184 4487 317 4563 quutus.
361 4479 472 4546 Edicit
499 4502 541 4545 ex
562 4480 699 4546 adverso
728 4503 794 4546 non
822 4490 953 4546 tantum
974 4503 1045 4547 esse
1066 4501 1160 4545 exse·
1212 4478 1375 4563 praecipio
1390 4478 1476 4558 tibi,
1505 4477 1719 4562 hoctantum
1746 4480 1857 4546 facito:
1892 4502 1958 4545 non
1980 4479 2094 4558 addas,
2130 4489 2220 4546 nec'

120 4608 128 4623 ·
184 4565 342 4631 arabilem
358 4566 421 4633 sibi
437 4567 643 4645 iniustitiam,
666 4568 724 4632 sed
740 4589 802 4633 nec
818 4569 955 4649 impune
971 4587 1160 4645 evasmam3
1213 4567 1350 4630 minuas.
1405 4565 1515 4647 Atque
1547 4571 1659 4644 antea,
1692 4586 1795 4648 quum
1826 4574 1964 4632 testatus
1991 4575 2077 4629 esset
2104 4566 2190 4632 hano

184 4651 272 4734 quod
299 4652 370 4735 ipse
391 4659 597 4735 contemptae
626 4676 705 4718 suae
733 4653 913 4718 maiestatis
936 4653 1023 4718 ultor
1044 4654 1088 4718 sit
1109 4651 1161 4716 fu-
1214 4672 1285 4716 csse
1306 4652 1376 4716 eius
1397 4652 1591 4733 sapientiam
1610 4665 1643 4715 et
1664 4651 1914 4736 intelligentiam
1931 4672 2040 4716 coram
2058 4651 2191 4734 reliquis

183 4745 289 4802 tunm.
333 4739 384 4804 Ac
405 4760 469 4820 quo
495 4738 602 4803 modis
623 4739 775 4804 omnibus
796 4737 997 4817 cohortatum,
1021 4746 1090 4802 tam
1111 4738 1161 4804 vi-
1213 4738 1409 4815 nationibus,
1431 4735 1518 4819 quod
1538 4735 1667 4815 iudicia,
1690 4739 1831 4802 iustitias
1849 4745 1882 4802 et
1899 4738 2118 4803 caeremonias
2136 4759 2190 4804 ac-

184 4830 239 4889 tae
258 4825 442 4906 praesentis
463 4824 849 4908 benedictiones,.quam
870 4831 1038 4889 aeternam
1057 4823 1162 4890 beati-
1214 4824 1353 4906 cepisset
1374 4844 1395 4887 a
1415 4822 1574 4902 Domino,
1603 4823 1785 4888 subiecerat
1806 4822 1918 4907 (Dent
1938 4828 1967 4900 4,
1988 4820 2037 4907 9):
2066 4823 2193 4889 custodi

184 4908 335 4975 tudinem
355 4910 527 4994 pollicetur
548 4931 663 4975 eorum
684 4911 902 4989 obedientiae,
928 4911 984 4993 qui
1005 4909 1163 4975 mandata
1214 4909 1316 4992 igitur
1336 4915 1370 4973 te
1397 4908 1506 4990 ipsum
1529 4917 1563 4972 et
1583 4909 1726 4973 animam
1754 4918 1845 4972 tuam
1867 4908 2018 4987 sollicite;
2046 4931 2088 4974 ne
2110 4908 2191 4974 obli-

185 5015 246 5059 sua
267 4996 486 5075 servaverint;
513 4997 809 5079 transgressoribus
836 5018 904 5060 non
929 4997 1041 5061 minus
1067 5016 1163 5078 prae-
1214 4995 1350 5060 viscaria
1381 4994 1557 5059 verborum
1588 5014 1671 5076 quae
1702 4993 1856 5059 viderunt
1883 4993 1967 5058 oculi
1993 4995 2057 5074 tui,
2091 5003 2126 5059 et
2150 5015 2193 5060 nc

184 5088 295 5146 antes
312 5081 524 5160 calamitates,
546 5102 646 5163 quarn
664 5091 817 5148 aeternae
834 5082 948 5147 mortis
966 5081 1163 5165 supplicium
1216 5079 1389 5162 aliquando
1418 5079 1571 5145 excidant
1592 5100 1610 5143 e
1632 5077 1728 5144 corde
1756 5087 1820 5143 tuo.
1866 5078 1954 5160 Quia
1975 5081 2098 5147 scilicet
2117 5101 2194 5164 pro-

184 5166 340 5232 minatur.
384 5167 448 5232 Dla
469 5168 559 5232 enim
578 5170 750 5251 promissio
773 5168 869 5254 (Lev.
892 5172 941 5247 18,
961 5167 1010 5253 5);
1039 5168 1097 5250 qui
1116 5168 1163 5232 ie-
1215 5166 1348 5232 videbat
1368 5166 1541 5247 Dominus,
1564 5185 1630 5230 non
1651 5166 1818 5247 quieturos
1840 5166 2017 5246 Israelitas,
2040 5169 2119 5250 quin
2140 5188 2193 5233 re-

184 5253 269 5319 cerit
295 5253 390 5332 haec,
418 5254 510 5319 vivet
529 5255 567 5318 in
587 5254 668 5334 illia
695 5255 776 5320 item
797 5255 1007 5321 comminatio
1034 5253 1084 5319 illi
1110 5273 1163 5318 re-
1215 5258 1309 5335 cepta
1330 5252 1403 5336 lege
1425 5272 1528 5318 novas
1555 5259 1725 5334 practerea
1745 5252 1886 5319 iustitias
1908 5254 2111 5335 parturirent
2129 5254 2195 5320 nisi

1112 5351 1121 5367 ‘
1879 5360 1885 5366 '
1934 5353 1988 5406 24*
