4732 6030
974 323 1341 392 rnouuaonunn.
2059 331 2147 397 xm
2270 402 2273 410 ,

140 517 228 582 aliae
257 519 413 582 stationes
442 517 666 600 assignantur,
694 516 755 581 hoc
777 515 920 580 maxime
941 514 1121 593 miraberis,
1144 514 1226 578 nihil
1248 515 1381 578 omnino
1402 513 1601 598 neglectum,
1624 515 1707 579 nihil
1728 516 1899 597 omissum,
1927 517 2011 583 nihil
2033 520 2145 584 confu-

141 651 219 694 sum
241 650 327 707 esse,
350 628 408 694 sed
430 629 546 711 aptiori
568 629 634 692 iarn
655 638 772 693 cuncta
792 627 893 691 inseri
915 627 1082 691 contextui
1103 633 1137 689 et
1163 627 1268 709 magis
1296 625 1419 703 idoneis
1438 627 1553 693 castris
1573 621 1698 711 reponi
1739 626 1841 693 Nobis
1862 628 1993 711 quidem
2016 632 2144 713 saepius

94 760 103 767 ·
140 741 232 806 inter
252 739 362 806 studia
381 749 494 805 nostra
515 740 628 805 eritioa
648 739 729 804 haec
757 736 909 821 stupendi
930 738 1054 803 occasio
1076 737 1183 802 oblata
1205 744 1263 815 est,
1287 739 1400 819 quiin
1421 744 1514 803 tanta
1536 743 1688 802 textuum
1709 740 1876 818 varietate,
1900 740 1955 804 uhi
1976 741 2044 806 fere
2065 763 2144 824 quc-

141 851 223 917 tidie
239 853 277 917 in
298 850 471 918 statuenda
493 850 672 916 editionum
693 846 931 916 necessitudine
960 850 1028 914 sive
1049 849 1195 914 locorum
1216 849 1417 934 παραλλήλων
1445 850 1570 913 ratione
1589 849 1751 914 Ariadnes
1778 851 1871 915 filum
1899 853 2045 918 amisisse
2066 874 2144 936 que·

142 964 313 1043 rebamur,
334 984 394 1046 per
414 963 535 1028 multos
557 962 683 1027 labores
705 960 902 1043 sudoresque
923 981 960 1026 eo
982 961 1204 1043 pervenimus,
1227 968 1265 1025 ut
1292 982 1350 1042 pro
1373 967 1460 1026 certo
1483 961 1691 1040 haberemus,
1715 961 1905 1041 Calvinum,
1928 965 2014 1028 inter
2034 986 2145 1029 emen·

142 1075 303 1154 dandum,
336 1073 615 1157 locupletandum,
641 1072 933 1156 transponendum,
964 1073 1051 1136 omni
1078 1072 1217 1156 denique
1245 1073 1340 1138 modo
1367 1072 1562 1137 mutandum
1590 1094 1687 1136 suum
1715 1080 1855 1152 textum
1888 1097 2056 1157 nunquam
2078 1076 2145 1141 sere

142 1186 267 1271 aliquid
287 1188 418 1270 penitus
440 1185 607 1263 delevisse,
630 1184 686 1249 aad
708 1184 794 1266 quod
815 1183 915 1248 semel
937 1184 1125 1266 scripserat,
1148 1184 1176 1248 si
1198 1185 1251 1248 vel
1272 1185 1384 1250 nativa
1407 1184 1484 1249 sede
1506 1182 1707 1262 detruderet,
1731 1185 1761 1249 ei
1782 1206 1902 1250 novam
1924 1187 2066 1269 aliquam
2087 1189 2143 1253 de-

142 1300 291 1377 stinasse,
315 1298 527 1382 longinquam
547 1297 630 1361 forte
652 1303 686 1360 θλ
706 1295 764 1361 vix
788 1293 1031 1378 reperiendam,
1054 1316 1118 1378 qua
1139 1316 1217 1360 vero
1239 1303 1369 1379 reperta
1388 1295 1559 1379 ingenium
1581 1296 1658 1374 viri,
1682 1318 1724 1360 ex
1745 1297 1815 1379 ipsa
1837 1319 1947 1362 rerum
1967 1308 2143 1382 apparente

142 1410 330 1476 confusione
352 1408 561 1491 spectabilem
583 1407 730 1473 ordinem
750 1407 917 1485 elieientis,
939 1427 1008 1471 non
1028 1408 1142 1471 mirari
1164 1428 1315 1489 nequeas.
1360 1407 1454 1488 Quae
1477 1408 1586 1471 omnia
1607 1408 1674 1472 suis
1701 1408 1780 1473 locis
1801 1409 1837 1472 in
1857 1416 1970 1475 nostra
1991 1412 2053 1477 hac
2075 1412 2143 1476 edi-

141 1522 233 1586 tione
254 1520 429 1605 diligenter
449 1525 561 1585 notata
582 1520 679 1604 leges.
724 1519 793 1583 Vix
815 1517 970 1600 estquod
992 1539 1181 1583 moneamus
1202 1539 1288 1584 nova
1316 1518 1553 1597 additamenta,
1583 1518 1679 1583 modo
1698 1518 1845 1603 longiora
1866 1520 1961 1586 modo
1983 1523 2141 1603 breviora,

139 1653 201 1714 per
221 1654 334 1697 omnes
356 1640 466 1715 partes
487 1632 610 1713 passim
631 1631 773 1712 plurima
795 1631 894 1694 ctiam
915 1629 969 1694 hie
991 1650 1159 1694 occurrere
1182 1631 1368 1713 autorisque
1391 1629 1593 1713 diligentiam
1615 1635 1648 1694 θλ
1670 1630 1884 1697 eruditionem
1904 1635 2080 1699 testificari.

297 1744 369 1808 Iam
391 1742 431 1806 de
454 1742 570 1808 studiis
592 1750 625 1807 et
646 1742 811 1807 laboribus
833 1741 950 1823 quibus
972 1740 1054 1806 haee
1075 1761 1162 1806 nova
1182 1750 1298 1823 parata
1319 1743 1382 1806 fuit
1403 1741 1517 1818 editio,
1541 1742 1723 1806 accuratius
1745 1764 1843 1825 quam
1865 1744 1997 1829 abipso
2019 1754 2140 1825 autore,

136 1854 313 1920 moremur
333 1875 393 1939 per
413 1854 585 1919 Nicolaum
607 1852 827 1931 Oolladonem,
849 1853 1064 1935 professorem
1086 1873 1253 1917 sacrarum
1274 1853 1445 1918 literarum
1465 1854 1500 1917 in
1523 1853 1634 1919 schola
1651 1855 1870 1933 lausannensi,
1889 1876 1952 1937 quo
1969 1856 2047 1921 olim
2066 1856 2141 1922 cal-

136 1968 238 2032 vinus
260 1967 363 2031 amieo
386 1973 419 2031 θλ
440 1965 589 2031 laborum
611 1966 696 2030 socio
719 1987 797 2029 usus
818 1965 925 2029 fuerat
947 1963 1110 2029 Generae.
1150 1963 1216 2029 Hie
1237 1986 1322 2029 anno
1348 1968 1428 2028 1576
1450 1972 1482 2029 et
1503 1966 1572 2048 ipse
1593 1986 1713 2031 novam
1730 1967 1950 2031 institutionis
1967 1968 2142 2034 editionem

136 2077 366 2144 excudendum
388 2077 516 2142 curavit
533 2077 742 2155 Irausannae,
767 2075 1028 2140 annotationibus
1051 2076 1118 2139 suis
1140 2081 1277 2154 auctam,
1302 2077 1354 2141 oui
1371 2077 1539 2159 praemisit
1559 2077 1728 2159 epistolam
1746 2078 1787 2142 ad
1804 2078 1954 2143 Blasium
1971 2080 2141 2146 Mareuar·

137 2188 220 2253 dum
240 2188 429 2272 theologum
456 2189 649 2253 bernensem
671 2187 758 2253 lectu
789 2186 1015 2271 dignissimam
1041 2196 1075 2251 et
1096 2186 1265 2252 historiam
1286 2187 1391 2270 operis
1419 2186 1594 2252 calviniani
1623 2210 1689 2252 non
1709 2211 1776 2254 una
1798 2211 1838 2254 ex
1859 2197 1952 2272 parte
1974 2191 2140 2256 illustran-

136 2309 215 2365 tem
262 2298 373 2380 Quare
395 2320 462 2363 non
483 2300 595 2384 pigeat
616 2308 647 2364 tc
670 2299 730 2364 hoe
753 2298 823 2364 loeo
845 2298 1005 2363 nonnulla
1031 2298 1106 2363 inde
1129 2296 1301 2380 desumpta
1323 2297 1363 2363 de
1391 2299 1494 2363 nostri
1516 2299 1711 2382 exemplaris
1733 2302 1858 2384 origine
1880 2277 1996 2385 legere.
2045 2301 2141 2368 Prac-
2180 2353 2181 2356 ,

136 2414 241 2494 ripere,
270 2413 378 2494 inquit
402 2411 457 2475 ille
479 2411 532 2475 fol.
555 2413 578 2494 ij
602 2385 697 2490 med,
721 2431 816 2492 quum
837 2409 952 2474 librum
980 2409 1060 2475 hunc
1080 2413 1236 2492 parumne
1261 2410 1476 2494 recognovisset
1503 2407 1667 2490 Caluinus,
1696 2415 1723 2475 el
1744 2432 1844 2492 paene
1870 2433 1981 2477 nonum
2007 2413 2140 2479 nuthcdo

137 2525 277 2606 wadum
299 2523 484 2588 accuratiori
505 2543 542 2587 ac
563 2522 661 2587 multa
682 2523 849 2586 occasune
869 2523 1004 2603 fuisset,
1032 2523 1123 2587 creuit
1140 2523 1233 2586 elium
1254 2522 1327 2587 laec
1354 2521 1512 2586 industria
1532 2526 1637 2585 nostra
1658 2521 1795 2602 (scilieet
1816 2525 1851 2587 in
1873 2524 2044 2591 collatione
2064 2548 2139 2611 ope·

137 2658 215 2701 rum
233 2636 383 2719 magistri
403 2633 508 2717 posita
527 2640 561 2699 θλ
577 2633 785 2700 conficiendis
804 2632 988 2718 indicibus).
1036 2634 1122 2698 Nam
1143 2654 1239 2715 quum
1259 2633 1319 2712 ulle,
1342 2633 1385 2698 ad
1405 2653 1500 2699 nouae
1526 2637 1592 2696 turn
1609 2633 1735 2715 [murae
1755 2634 1898 2699 editionis
1919 2637 2028 2715 instar,
2048 2638 2138 2720 palli·

138 2768 209 2813 cam
230 2746 438 2811 Imtilutionis
454 2746 622 2811 pusionem
643 2752 847 2828 annparorct,
870 2749 898 2809 et
920 2746 1086 2828 arcipimle
1101 2745 1222 2827 partim
1241 2747 1341 2826 tratre
1362 2744 1512 2824 Ardanis,
1536 2745 1657 2827 parlim
1678 2748 1861 2810 anianuensi
1885 2747 2005 2829 famulo
2027 2750 2138 2814 dictas-

137 2864 185 2923 set
205 2858 316 2936 multa,
338 2859 477 2941 papium
505 2857 597 2921 etiam
618 2878 656 2934 er
675 2858 781 2938 priori
808 2856 919 2942 pallico
940 2857 1110 2938 ermnplari
1138 2857 1286 2969 impresso
1310 2857 1490 2920 inseruisset
1510 2876 1570 2920 non
1589 2857 1705 2939 paneis
1726 2857 1762 2920 in
1787 2856 1875 2935 loeis,
1900 2858 2139 2941 plutinatcribus

138 2990 219 3033 sane
239 2969 265 3033 ei
284 2989 375 3050 saepe
395 2968 543 3033 nundum
567 2968 646 3050 suit,
668 2970 835 3050 inspectore
858 2969 951 3033 etiam
977 2968 1099 3033 taudem
1126 2968 1218 3033 totins
1239 2968 1342 3048 operis
1362 2968 1483 3032 mnnuro
1511 2987 1561 3032 res
1583 2967 1690 3050 epebat
1735 2967 1914 3035 Immutatic
1940 2971 2023 3036 enim
2043 2992 2139 3054 quarn

131 3081 285 3163 plurimis
302 3082 341 3160 xiu
362 3080 436 3145 leus
456 3100 570 3164 maprua
590 3079 675 3160 saeta
695 3084 777 3158 erat,
799 3083 833 3143 ut
855 3078 958 3144 lituris
981 3084 1008 3143 et
1030 3079 1249 3145 additamentis
1265 3078 1417 3162 pleraque
1437 3083 1534 3144 essent
1555 3079 1706 3161 inplicito
1726 3081 1827 3162 calda
1850 3087 1878 3147 et
1902 3083 1978 3148 kun
1999 3084 2136 3166 dsuua,

139 3197 230 3274 atque
248 3194 340 3257 etium
361 3191 519 3271 mendosa,
548 3191 804 3278 qucmadmpdum
831 3191 870 3256 ab
893 3190 1108 3272 mauretus
1135 3211 1197 3255 non
1224 3210 1343 3273 suuper
1370 3189 1582 3274 intellrlpuntur
1608 3190 1699 3257 uerba
1728 3192 1880 3259 dictantis.
1924 3194 1993 3278 Epo
2013 3202 2139 3282 ropatus

140 3303 180 3368 ab
198 3303 334 3368 Araunia
354 3303 460 3384 sralre,
483 3304 573 3368 cuins
595 3302 768 3384 sumptibus
791 3302 925 3368 Ioannes
949 3299 1124 3384 Crispinus,
1146 3301 1253 3383 hospes
1274 3302 1430 3382 quondam
1450 3307 1564 3381 noster,
1586 3304 1753 3369 uersiomm
1774 3305 1863 3370 idam
1879 3306 2025 3391 pullicum
2040 3310 2139 3390 paulo

135 3421 209 3497 post
234 3419 301 3481 erat
326 3435 496 3481 mensurus
525 3414 575 3497 (ut
595 3412 731 3480 Henrico
755 3413 908 3497 Stephano
934 3414 1066 3510 latinum
1092 3413 1248 3503 exemplar
1277 3412 1514 3498 mundabatur),
1541 3413 1664 3481 uanas
1690 3415 1763 3481 illus
1785 3437 1901 3497 omnes,
1928 3419 2140 3486 ellatinuset

138 3527 279 3611 pallians,
301 3532 336 3591 ut
357 3528 500 3592 mantin
522 3527 642 3590 culmis
663 3526 864 3605 aduersmiis,
886 3525 1070 3609 raparum,
1093 3525 1313 3602 mmdundas,
1341 3527 1469 3591 etinter
1489 3546 1522 3591 se
1543 3527 1739 3609 conserendas
1759 3529 1893 3609 suscepi,
1919 3535 1954 3593 ut
1975 3531 2075 3611 operis
2096 3537 2140 3616 tp·
2236 3597 2241 3605 ,

139 3618 339 3723 pcpraphieis
359 3639 463 3703 omniu
484 3642 580 3702 essaei
601 3639 758 3703 securiora
780 3637 981 3720 cupidatiara
1000 3637 1201 3720 attentiora,
1224 3639 1329 3702 minus
1346 3637 1454 3702 saltem
1474 3639 1628 3703 intricata.
1678 3637 1723 3702 Et
1743 3639 1816 3704 laea
1836 3639 1960 3720 puidam
1977 3644 2139 3726 utriusque

141 3750 328 3834 annularis
348 3750 441 3814 veneti
455 3749 621 3833 praelectio
642 3749 795 3830 quaedam
815 3755 843 3814 et
863 3748 981 3814 collatio
1002 3769 1063 3813 non
1084 3729 1264 3834 indilipens,
1295 3750 1330 3813 in
1356 3750 1493 3832 pralium
1521 3750 1739 3832 impressoriae
1761 3750 1901 3832 officinae
1928 3751 2036 3834 (nepae
2058 3756 2140 3820 enim

141 3861 203 3927 leui
228 3866 348 3927 tautum
370 3861 574 3942 percurrendi
602 3859 702 3926 labare
723 3860 850 3944 ἀθίαααλ
873 3860 970 3944 uolui)
999 3861 1149 3926 eiusmodi
1168 3860 1245 3942 suit,
1275 3865 1309 3924 ut
1335 3880 1395 3925 nan
1425 3861 1513 3925 niodo
1534 3881 1679 3943 mapnarn
1700 3861 1772 3925 inde
1798 3862 1980 3944 voluptatem
2000 3885 2139 3948 caperem

141 3973 197 4039 sed
216 3979 243 4038 et
265 3973 430 4038 utilitatem
456 3974 627 4038 rnauinmrn
648 3978 758 4055 posteo
783 3973 876 4037 etium
895 3993 943 4036 me
964 3977 1134 4053 reportasse
1154 3972 1309 4037 smmerim.
1358 3971 1423 4052 <lico
1440 3971 1558 4052 factum
1578 3976 1622 4036 ar
1646 3976 1695 4051 ut,
1718 3993 1813 4054 quum
1834 3973 1951 4056 aliquot
1965 3982 2038 4058 post
2058 3999 2139 4044 nun·

141 4085 229 4150 siluas
250 4085 288 4150 dc
308 4085 409 4150 iudice
429 4084 610 4164 mnficmndo
632 4090 772 4167 speratum
796 4084 884 4167 (narn
905 4083 1116 4148 advertebatur
1138 4083 1173 4148 iel
1187 4082 1349 4164 plerosque
1371 4081 1546 4149 desiderme
1567 4087 1721 4165 emptores,
1744 4105 1840 4165 quum
1850 4087 1969 4168 primis
1987 4088 2139 4171 francfor-

142 4196 302 4262 diensibus
322 4197 474 4261 nundinis
495 4216 598 4262 recens
618 4196 764 4278 impressi
787 4195 860 4259 libri
875 4195 1080 4276 marraccius
1102 4193 1303 4279 babmantur)
1326 4194 1404 4258 mili
1425 4195 1518 4259 etiarn
1538 4194 1592 4259 hoc
1613 4194 1753 4260 danim
1772 4197 1876 4280 ipsius
1897 4185 2017 4264 autoris
2036 4201 2139 4264 volun

142 4315 203 4374 tate
222 4308 380 4372 Antonius
399 4308 505 4389 frater.
546 4306 591 4371 Et
612 4307 661 4371 hic
683 4306 805 4388 quidem
827 4308 872 4372 sic
893 4306 1048 4372 laborasse
1070 4326 1117 4370 me
1138 4305 1251 4387 confido
1272 4311 1387 4370 utnon
1408 4307 1516 4371 mullis
1537 4311 1643 4371 nostro
1663 4307 1885 4391 displicuerint,
1904 4309 2061 4391 aliquibus
2077 4310 2139 4375 sal·

141 4426 203 4484 tem
221 4420 309 4485 valde
329 4422 393 4484 siut
407 4419 549 4501 mahala
573 4420 653 4500 qnod
674 4424 701 4483 et
721 4423 755 4481 tu
776 4419 813 4482 de
834 4424 861 4483 te
880 4418 1068 4500 cmufirmasti
1087 4416 1173 4496 mibi,
1196 4418 1369 4484 meamne
1390 4416 1589 4498 Mareuarde,
1612 4439 1681 4483 cum
1702 4420 1861 4504 ipnorares
1881 4425 1983 4484 tanim
2004 4441 2051 4485 me
2072 4440 2137 4487 esse

142 4537 289 4597 muman.
1185 4594 1190 4599 .
1467 4540 1470 4549 '

297 4643 350 4709 Ab
373 4643 424 4709 his
446 4643 618 4726 postremis
640 4640 827 4706 Oolladonis
849 4642 958 4706 verbis
980 4640 1211 4706 convenienter
1232 4639 1443 4706 transibimus
1466 4639 1507 4705 ad
1535 4662 1658 4705 novum
1685 4643 1825 4709 indicem
1847 4643 1990 4707 locorum
2013 4643 2137 4709 theolo-

142 4757 291 4841 gicorum
312 4756 368 4838 qui
389 4756 424 4818 in
445 4754 532 4820 calae
552 4754 727 4818 voluminis
750 4761 864 4818 exstat.
916 4751 1024 4832 Quem
1051 4753 1096 4818 sie
1118 4751 1294 4817 introducit
1316 4752 1554 4837 typographus:
1586 4753 1687 4833 Quum
1708 4754 1820 4818 librum
1841 4752 1929 4832 burro,
1952 4757 2139 4833 praesertim

141 4869 179 4931 in
200 4866 258 4932 hac
272 4873 430 4948 postrema
450 4867 594 4944 editione,
616 4870 680 4929 tarn
702 4869 841 4929 accurate
861 4864 1038 4928 distinctum
1059 4869 1180 4945 lamque
1201 4868 1271 4946 apto
1292 4864 1398 4929 ordine
1425 4865 1622 4946 compositum
1644 4866 1831 4943 uiderenms,
1852 4870 1887 4927 ut
1908 4869 2017 4930 adedo
2036 4866 2139 4932 aaut
2171 4937 2175 4946 ,

140 4978 269 5061 simpulo
289 4978 442 5042 doctrinm
460 4978 564 5059 capula
585 4972 654 5041 suis
674 4977 809 5058 reperire
834 4976 908 5040 hors
929 4975 1057 5057 difficile
1075 4974 1218 5055 sutmum
1243 4994 1303 5038 non
1327 4979 1416 5052 essct,
1445 4975 1577 5040 indicem
1601 4977 1630 5041 ei
1651 4977 1762 5041 addere
1782 4976 1909 5040 minime
1930 4980 2138 5042 necessarium

141 5109 210 5155 csse
224 5089 427 5171 putabamus
448 5091 525 5170 quic
545 5095 646 5154 lamen
667 5110 688 5153 u
702 5089 861 5172 plerisque
881 5087 999 5168 requiri
1021 5107 1091 5150 eum
1112 5085 1333 5165 intelleximus,
1356 5086 1479 5166 aliquid
1500 5088 1592 5153 etium
1613 5093 1745 5168 receptae
1767 5088 1978 5152 consuetudini
1998 5089 2138 5155 dandum

141 5201 398 5266 existimavimus.
421 5201 513 5267 Haec
524 5199 721 5284 Stephanus.
745 5199 847 5264 Vides
858 5199 1047 5282 quambene
1063 5197 1117 5262 hie
1133 5197 1242 5261 omnia
1252 5197 1420 5281 quadrent.
1443 5198 1562 5264 Finem
1578 5198 1786 5265 excudendas
1799 5199 2000 5265 Institutioni
2016 5201 2139 5268 fenerat

219 5301 326 5358 Caluini
338 5319 431 5374 opera.
470 5304 529 5359 Vol.
545 5301 570 5357 1.
1688 5325 1691 5336 ·
1909 5303 1931 5356 F
