4770 6030
176 318 258 380 1045
650 307 764 380 (OAP.
786 312 899 396 XIV.)
943 312 1006 376 DE
1030 310 1301 377 Porusuaus
1323 310 1714 411 suessulanum„
2096 322 2177 382 1046

173 415 387 570 isichiiverbi
405 504 467 568 Dei
485 523 642 568 censurae
665 522 730 566 non
749 501 929 566 subiiceret
959 498 1027 564 Sed
1044 499 1148 564 multo
1200 501 1282 565 siam
1315 521 1382 564 non
1413 499 1563 566 audierit
1608 501 1723 584 Itaque
1761 523 1874 568 corum
1906 504 2057 587 opinione
2089 505 2179 572 istud

176 590 282 655 adhuc
308 589 427 654 clarius
456 588 531 654 alibi
559 589 659 653 fidem
681 596 827 652 nostram
855 587 895 651 ab
917 586 1067 651 omnibus
1090 586 1148 650 ho-
1201 592 1388 651 constanter
1416 588 1590 651 convenire
1618 588 1704 652 inter
1731 610 1843 653 omnes
1866 589 1974 654 debet:
2008 591 2179 658 ecclesiam

174 678 301 741 minum
322 675 549 741 traditionibus
572 697 609 740 ae
631 675 796 756 figmentis
817 673 947 749 liberat,
977 692 1078 753 quum
1102 672 1149 735 ait
1201 693 1311 736 errare
1328 691 1393 735 non
1411 692 1505 753 posse
1526 673 1561 736 in
1583 672 1636 738 his
1657 694 1740 755 quae
1761 676 1944 740 necessaria
1964 683 2042 741 sunt
2063 676 2106 743 ad
2127 698 2180 744 sa-

175 763 284 845 (Rom.
308 766 355 838 10,
378 761 432 843 17)
454 761 552 825 fidem
575 781 644 825 esse
666 781 707 822 cx
726 757 849 836 auditu,
872 758 1021 822 auditum
1039 765 1149 821 autem
1201 758 1311 821 lutem.
1355 756 1427 821 Iam
1450 779 1527 822 vero
1549 758 1634 840 quod
1658 759 1697 823 de
1719 760 1854 825 ecelesia
1876 760 1995 826 dicitur
2016 762 2050 827 id
2072 770 2178 829 totum

173 848 390 931 perverbum
412 846 484 910 Dei.
531 845 665 910 Scilicet
686 845 712 907 si
736 866 755 907 a
777 845 843 908 solo
865 843 929 907 Dei
947 843 1047 907 verbo
1068 864 1148 924 pcn-
1201 844 1261 907 sibi
1295 851 1477 924 competere
1511 844 1610 908 aiunt.
1656 847 1727 908 Aut
1758 848 1846 910 enim
1874 847 2044 912 ecelesiam
2074 857 2178 914 totam

174 934 229 998 det
257 933 352 1007 fides,
386 934 414 997 si
447 934 482 995 in
515 931 596 994 illud
629 930 735 994 solum
762 931 892 1011 respicit
919 939 952 993 et
979 929 1147 1006 recumbit,
1201 949 1359 1001 corruere,
1384 938 1441 992 aut
1463 950 1533 994 sese
1551 932 1734 1008 consistere,
1758 953 1896 1012 quorum
1914 934 2060 997 humeris
2078 935 2177 999 ursti-

173 1021 244 1103 quis
265 1021 334 1085 iam
357 1019 496 1082 hominis
518 1018 618 1081 verbo
639 1016 728 1080 locus
749 1012 966 1096 relinquitur?
1200 1022 1317 1078 neatur
1338 1014 1410 1097 ipsa
1432 1036 1469 1081 ac
1487 1015 1650 1080 consistat.
1679 1015 1829 1082 Eandem
1851 1040 1928 1102 ergo
1946 1020 2176 1090 certitudinem

219 1122 229 1132 ·
258 1107 387 1188 Legum
409 1125 487 1167 vero
508 1102 717 1166 ferendarum
738 1110 879 1183 potestas
904 1121 1006 1182 quum
1028 1100 1149 1181 etipsa
1200 1100 1357 1176 veritatis,
1379 1122 1462 1182 quae
1480 1101 1568 1183 apud
1590 1102 1758 1167 ecclesiam
1781 1112 1838 1179 est,
1861 1104 1981 1168 habere
2004 1105 2103 1170 etiam
2124 1127 2176 1172 ec·

173 1191 325 1274 apostolis
342 1190 509 1271 incognita
525 1189 632 1264 fuerit,
656 1194 690 1249 et
706 1187 801 1250 toties
819 1187 971 1250 ecclesiae
990 1186 1149 1249 ministris
1201 1185 1318 1250 clasiae
1340 1186 1475 1250 consilia
1496 1188 1613 1269 quibus
1635 1188 1707 1270 ipsa
1729 1211 1805 1253 vere
1827 1199 2107 1272 repraesentatur,
2132 1200 2174 1269 et,

172 1299 231 1361 per
262 1277 400 1341 verbum
420 1275 485 1339 Dei
507 1273 672 1354 adempta,
701 1273 802 1335 miror
827 1273 883 1353 qui
904 1293 992 1349 eam,
1018 1279 1149 1353 praeter
1200 1293 1242 1335 ne
1264 1292 1373 1336 errare
1399 1273 1540 1354 possint,
1569 1273 1757 1338 immediate
1779 1275 1849 1358 regi
1876 1276 2034 1359 aspir-itu
2054 1285 2174 1343 sancto.

173 1363 391 1445 apostolorum
419 1360 621 1443 exemplum,
650 1365 684 1421 et
712 1366 825 1422 contra
853 1358 1062 1422 manifestum
1084 1355 1149 1421 Dei
1201 1357 1265 1420 His
1295 1364 1405 1421 autem
1436 1358 1620 1439 impetratis
1648 1360 1745 1424 simul
1774 1362 1945 1426 conficitur
1967 1383 2078 1426 eorum
2106 1370 2174 1428 tra-

173 1448 392 1524 intcrdictum,
415 1445 457 1509 ad
479 1467 513 1510 se
535 1445 665 1508 trahere
684 1443 800 1506 ausint.
838 1442 950 1526 ¹)Non
972 1444 1059 1507 enim
1079 1462 1148 1505 em·
1189 1441 1339 1507 ditiones
1362 1442 1495 1525 spiritus
1515 1445 1620 1509 sancti
1647 1440 1717 1510 esse
1738 1447 1967 1525 revelationes,
1996 1468 2088 1529 quac,
2110 1449 2175 1512 nisi

173 1535 308 1617 biguum
336 1540 386 1597 est
414 1531 499 1613 quod
526 1531 638 1613 scribit
665 1527 802 1593 Iacobus
823 1530 867 1610 (t,
890 1534 924 1590 ll
946 1528 1061 1611 seqq.):
1092 1528 1148 1610 qui
1200 1528 1300 1611 impie
1328 1550 1365 1594 ac
1392 1530 1465 1594 Deo
1492 1538 1691 1613 contempto,
1720 1533 1883 1596 contemni
1911 1541 2084 1614 nequeant.
2129 1533 2177 1598 Ilt

172 1621 295 1684 iudicat
315 1620 466 1695 fratrem,
499 1615 621 1681 iudicat
652 1613 773 1696 legem;
801 1615 855 1696 qui
883 1614 990 1696 legem
1016 1613 1146 1693 iudicat,
1200 1635 1242 1678 ne
1272 1614 1351 1697 quid
1378 1622 1522 1679 tentasse
1550 1615 1726 1681 videantur
1754 1619 1824 1682 sinc
1848 1620 1977 1701 magnis
1998 1618 2174 1699 auwribus,

173 1727 238 1770 non
261 1717 311 1769 est
331 1705 520 1769 observator
540 1702 621 1784 legis
643 1701 699 1764 scd
720 1699 834 1764 iudex:
864 1720 949 1762 unus
971 1707 1080 1763 autem
1100 1700 1148 1763 le·
1200 1701 1320 1764 bonam
1348 1722 1481 1764 suorum
1509 1701 1772 1767 observationum
1799 1711 1925 1785 partem
1954 1706 1994 1769 ab
2023 1702 2176 1786 apostolis

173 1791 323 1875 gislator,
354 1791 409 1872 qui
434 1794 542 1871 potest
570 1807 701 1851 servare
728 1794 761 1849 et
782 1785 926 1869 perdere.
972 1784 1011 1848 Id
1040 1786 1149 1867 ipsum
1200 1786 1335 1851 fluxisse
1357 1785 1445 1851 credi
1467 1787 1590 1852 volunt
1624 1787 1816 1853 Oruusmo‘di
1837 1796 1914 1854 sunt
1935 1811 1994 1871 pro
2017 1790 2177 1856 defunctis

173 1877 260 1959 apud
282 1876 421 1941 Iesaiam
445 1874 568 1938 dictum
585 1879 656 1936 erat
673 1874 739 1954 (33,
759 1870 824 1952 22),
848 1890 1035 1952 quanquam
1051 1870 1148 1952 paulo
1200 1872 1371 1948 orationes
1394 1881 1428 1936 et
1449 1873 1603 1937 universa
1623 1895 1727 1955 paene
1745 1895 1878 1938 suarum
1898 1876 2176 1940 caeremoniarum
2247 1872 2254 1901 ”

173 1963 355 2027 obscurius:
382 1959 545 2024 Dominus
567 1980 626 2022 rex
648 1965 772 2029 noster,
795 1957 960 2021 Dominus
981 1955 1149 2038 legislator
1200 1956 1379 2039 disciplina.
1434 1957 1475 2021 Id
1507 1959 1594 2022 enim
1627 1968 1723 2023 extra
1754 1961 2008 2025 controversiam
2039 1967 2176 2045 ponunt,

173 2056 297 2123 noster,
330 2046 495 2110 Dominus
527 2043 626 2108 iudex
654 2052 777 2119 noster,
812 2043 881 2123 ipse
909 2041 1050 2105 salvavit
1078 2062 1146 2106 nos.
1200 2043 1345 2108 revelata
1373 2042 1526 2125 apostolis
1552 2042 1707 2126 pleraque
1735 2066 1755 2107 a
1777 2044 1901 2111 Christi
1930 2068 2065 2112 ascensu
2092 2067 2177 2130 quae

174 2133 336 2198 Audimus
367 2131 409 2197 ab
429 2131 546 2195 Iacobo
575 2130 662 2194 vitae
690 2137 724 2192 et
749 2128 863 2192 mortis
892 2126 1053 2191 arbitrum
1074 2147 1148 2209 pro-
1200 2129 1331 2211 scriptis
1353 2129 1588 2210 eomprehensa
1609 2151 1674 2193 non
1697 2130 1771 2194 sint.
1818 2130 1959 2212 Quando
1980 2133 2045 2196 illis
2068 2133 2176 2198 aDo·

172 2219 322 2285 nunciari
343 2219 399 2301 qui
420 2219 471 2281 ius
493 2215 593 2280 habet
613 2216 648 2278 in
671 2215 823 2278 animam.
854 2211 968 2293 Quum
986 2211 1148 2277 autemid
1199 2214 1288 2278 mino
1311 2214 1433 2280 dietum
1452 2214 1508 2278 sit:
1531 2214 1636 2278 multa
1653 2214 1758 2279 habeo
1775 2217 1867 2281 vobis
1885 2217 1991 2283 dicere
2009 2239 2092 2300 quae
2109 2239 2176 2283 non

173 2306 234 2371 sibi
265 2326 362 2368 nemo
393 2303 564 2367 hominum
594 2320 723 2364 sumere
755 2299 869 2381 possit,
903 2297 1015 2362 Deum
1046 2298 1148 2381 igitur
1199 2301 1334 2381 potestis
1361 2308 1493 2383 portare
1521 2300 1632 2378 mod0;
1660 2299 1769 2365 scietis
1796 2309 1905 2367 autem
1934 2311 2047 2386 postea
2069 2304 2174 2389 (Ioan.

172 2393 305 2456 unicum
339 2389 524 2453 animarum
563 2407 675 2468 rogem
708 2386 839 2467 agnosci
872 2390 1013 2465 oportet,
1047 2404 1147 2466 penes
1203 2390 1251 2461 16,
1274 2390 1336 2469 12).
1380 2387 1427 2451 Et
1450 2385 1529 2450 satis
1550 2407 1627 2449 uno·
1640 2386 1789 2470 exemplo
1812 2388 1937 2453 ostendi
1962 2389 2174 2470 contendunt,

171 2498 268 2559 quem
289 2471 568 2540 unumservandi
589 2470 809 2554 perdendique
832 2476 974 2551 potestas
997 2478 1059 2548 est3
1090 2478 1149 2533 aut
1199 2471 1276 2553 quid
1305 2472 1341 2535 in
1363 2471 1498 2537 caeteris
1519 2472 1656 2536 fecerint
1673 2471 1818 2556 apostoli.
1854 2472 1994 2553 Quando
2015 2475 2051 2538 in
2072 2496 2176 2539 unum

67 2569 71 2577 ‘
172 2563 224 2647 (ut
245 2563 303 2626 illa
324 2561 449 2625 Iesaiae
470 2557 571 2623 verba
592 2556 725 2640 sonant)
754 2565 786 2620 et
813 2577 922 2638 regem
952 2569 985 2618 et
1005 2553 1148 2620 iudicem
1200 2558 1303 2621 coacti
1325 2579 1366 2621 ex
1388 2557 1516 2622 concilii
1533 2559 1695 2622 sententia
1712 2559 1862 2640 gentibus
1879 2560 2030 2624 omnibus
2048 2559 2175 2624 denun-

72 2645 74 2648 ’
159 2649 204 2712 ¹et
225 2647 445 2731 legislatorem
462 2651 496 2708 et
511 2644 715 2708 salvatorem.
749 2642 869 2705 Petrus
887 2661 1022 2722 quoque,
1045 2661 1146 2723 quum
1200 2642 1329 2706 ciarunt
1355 2651 1394 2707 ut
1420 2664 1455 2707 se
1482 2643 1523 2707 ab
1543 2641 1749 2727 idolothytis,
1780 2645 1936 2708 suffocato
1959 2653 1994 2708 et
2014 2647 2176 2729 sanguine

171 2743 317 2817 pectines
337 2732 434 2798 officii
451 2731 503 2794 sui
520 2729 681 2806 admonet,
705 2728 751 2792 sic
770 2748 903 2810 gregem
919 2747 1053 2808 pascere
1071 2727 1147 2790 hor·
1199 2728 1401 2793 abstinerent
1422 2728 1509 2813 (Act
1532 2732 1580 2804 15,
1600 2729 1665 2810 29).
1852 2738 1857 2753 ⁸

38 2882 51 2905 ,
171 2827 268 2897 tatur,
290 2841 333 2883 ne
347 2817 528 2882 dominium
541 2820 715 2879 exerceant
727 2812 883 2877 adversus
898 2812 1000 2877 cleros
1014 2813 1145 2896 (lPetr.
1284 2815 1411 2879 Verum
1432 2835 1531 2896 quam
1557 2814 1675 2878 frivola
1700 2814 1768 2878 sint
1790 2816 1870 2880 haec
1891 2817 2001 2880 omnia
2021 2823 2056 2879 et
2076 2816 2175 2899 plane

173 2912 201 2984 5,
226 2910 244 2967 2
268 2912 385 2988 seqq),
415 2923 479 2985 quo
497 2902 628 2965 nomine
650 2898 886 2963 haereditatem
905 2896 984 2973 Dei,
1014 2897 1075 2962 hoc
1097 2906 1148 2962 est
1197 2898 1338 2978 ludicra,
1368 2901 1485 2964 faciam
1513 2907 1551 2963 ut
1571 2899 1661 2963 nullo
1689 2901 1819 2984 negotio
1845 2902 2043 2984 perspiciant
2071 2901 2175 2984 iiqui

172 2991 319 3055 fidelium
348 2988 518 3072 populum,
548 2986 718 3069 significat
763 2985 817 3048 En
846 2983 1027 3065 praecisum
1051 2982 1146 3048 adeo-
1198 3007 1328 3050 mecum
1355 2985 1485 3070 singula
1511 2985 1627 3066 ordine
1655 2985 1813 3067 dispicere
1839 2986 1958 3052 volent.
2010 2987 2173 3069 Equidem

173 3097 234 3158 que
256 3097 276 3139 a
296 3074 405 3139 radice
426 3073 595 3138 revulsum
616 3070 772 3154 quidquid
797 3071 859 3134 sibi
875 3069 1044 3152 potestatis
1065 3090 1146 3133 ven·
1198 3091 1253 3136 eos
1280 3071 1431 3136 hortarer
1459 3072 1499 3134 u't
1526 3070 1591 3135 huc
1617 3072 1764 3137 animum
1786 3074 1870 3138 serio
1892 3071 2114 3151 adverterent,
2144 3074 2174 3138 si

173 3163 297 3237 dicant,
326 3161 382 3242 qui
408 3181 443 3223 se
465 3160 535 3223 sine
556 3158 656 3223 verbo
678 3155 742 3221 Dei
764 3156 880 3220 efferre
901 3154 1025 3219 volunt.
1070 3154 1147 3218 Non
1197 3156 1276 3238 quid
1298 3156 1441 3222 docendo
1462 3157 1619 3238 proficere
1647 3178 1700 3221 me
1728 3158 1815 3239 apud
1839 3179 1893 3223 eos
1915 3179 2009 3240 posse
2032 3157 2173 3225 confide-

171 3247 259 3312 enim
281 3244 456 3328 quidquam
478 3244 630 3327 apostolis
652 3243 764 3307 datum
786 3263 849 3324 quo
871 3262 965 3306 suam
986 3240 1049 3322 ipsi
1071 3240 1146 3306 doe
1198 3263 1278 3306 rem.
1322 3239 1391 3307 Sed
1417 3241 1546 3327 quando
1568 3242 1633 3307 illis
1655 3245 1775 3309 omissa
1797 3245 1942 3308 veritatis
1963 3245 2089 3309 ratione
2111 3246 2174 3311 hoc

172 3334 293 3397 trinam
325 3339 360 3395 et
390 3351 487 3394 suum
514 3351 654 3413 regnum
685 3327 864 3406 stabiliant,
896 3326 954 3392 sed
986 3325 1147 3391 duntaxat
1197 3349 1301 3391 unum
1328 3329 1529 3411 propositum
1556 3335 1621 3406 est,
1656 3351 1727 3393 rem
1755 3351 1849 3394 suam
1876 3352 2069 3414 quacunque
2097 3331 2175 3397 licet

171 3404 234 3502 qui
255 3436 394 3500 regnum
417 3436 455 3480 ae
477 3414 660 3479 doctrinam
681 3416 745 3480 Dei
768 3414 989 3497 magnificent
1197 3413 1252 3477 via
1273 3434 1379 3497 agere,
1399 3436 1504 3497 noque
1525 3414 1609 3477 mihi
1631 3435 1705 3479 cum
1726 3415 1792 3480 illis
1809 3437 1879 3480 esse
1901 3417 2068 3500 negotium
2085 3416 2173 3481 arbi-

259 3503 288 3587 ²)
300 3500 408 3566 Audio
440 3499 517 3582 quid
549 3501 611 3582 ipsi
642 3520 702 3582 pro
735 3522 769 3565 se
802 3497 1034 3583 respondeant:
1070 3519 1146 3563 suas
1198 3497 1316 3563 trabor.
1361 3500 1473 3565 Pauca
1494 3508 1623 3565 tantum
1646 3499 1760 3578 dicam
1783 3502 1900 3583 quibus
1922 3523 1992 3566 sese
2012 3501 2088 3566 boni
2108 3502 2173 3568 viri

170 3588 362 3653 traditiones
383 3608 451 3650 non
473 3607 493 3650 a
514 3607 563 3663 se,
587 3585 644 3650 sed
666 3608 686 3649 a
706 3588 778 3651 Deo
800 3607 884 3664 essc;
910 3605 978 3648 non
1000 3583 1088 3647 enim
1110 3604 1146 3648 se
1197 3593 1232 3649 et
1251 3586 1322 3649 veri
1341 3585 1491 3663 studiosi,
1521 3607 1601 3669 quos
1628 3585 1723 3650 initio
1745 3586 1939 3652 erudiendos
1961 3587 2172 3669 suscepimus,

171 3675 303 3758 propria
325 3682 508 3738 commenta
526 3671 663 3749 effutire,
686 3670 743 3736 sed
764 3671 849 3753 quod
872 3670 1018 3752 aspiritu
1032 3677 1145 3734 sancto
1198 3670 1238 3735 ab
1260 3670 1390 3734 illorum
1413 3671 1615 3754 captionibus
1636 3671 1790 3753 expedire
1807 3673 1940 3754 possint.
1976 3673 2072 3738 Tales
2094 3693 2172 3757 ergo

172 3761 356 3843 acceperint
383 3758 484 3822 veluti
511 3778 569 3839 par
597 3778 714 3822 manus
736 3756 865 3821 tradere
888 3757 1066 3821 christiano
1087 3775 1145 3836 po-
1197 3756 1280 3819 mihi
1308 3756 1505 3821 admonendi
1532 3762 1675 3822 suntne
1706 3759 1863 3822 ementito
1892 3758 2046 3824 ecclesiae
2077 3779 2173 3842 prae·

171 3847 262 3928 pulo,
286 3847 338 3911 cui
360 3842 503 3928 regendo
525 3843 637 3907 diviua
658 3842 861 3925 providentia
881 3841 1036 3924 praelecti
1058 3848 1143 3906 sunt
1197 3849 1299 3920 textu,
1322 3863 1385 3924 quo
1403 3843 1473 3908 sinc
1491 3863 1588 3908 causa
1605 3843 1798 3926 superbiunt
1819 3844 1874 3908 isti
1890 3844 1965 3926 plus
1982 3865 2081 3927 quam
2098 3865 2173 3910 son-

170 3933 328 3996 Rationes
340 3932 448 4007 ctiam,
471 3929 588 4011 quibus
603 3926 638 3992 id
655 3930 763 4009 ipsum
780 3929 981 4003 confirment,
1004 3926 1144 3990 addunt:
1196 3927 1253 3991 tici
1285 3936 1319 3992 et
1351 3928 1505 4011 capitales
1537 3928 1689 3993 ecclesiae
1728 3929 1854 4006 hostes,
1896 3937 2173 3995 commoveantur.

170 4017 352 4082 luculentas
372 4023 500 4081 exstare
521 4014 751 4097 promissiones
772 4013 888 4095 quibus
906 4012 1058 4076 Christus
1080 4013 1145 4094 spi·
1204 4012 1229 4097 ¹)
1236 4013 1349 4096 Neque
1371 4014 1459 4078 enim
1481 4013 1571 4079 aliud
1590 4014 1808 4097 praetendunt
1824 4036 1923 4098 quam
1938 4015 2077 4082 Iudaeos
2095 4016 2173 4080 olim

172 4104 255 4167 ritus
283 4103 333 4165 sui
359 4101 576 4183 praesentiam
604 4100 757 4165 ecclesiae
786 4120 863 4163 suae
892 4118 1061 4179 nunquam
1089 4098 1146 4162 de-
1197 4098 1382 4164 obtcndisse
1404 4107 1553 4183 apparet,
1582 4122 1684 4183 quum
1712 4101 1920 4183 aprophetis
1942 4102 2077 4166 Domini
2099 4122 2171 4166 cae-

171 4189 316 4252 futuram
337 4187 523 4270 pollicetur;
551 4193 680 4250 exstare
707 4184 875 4268 praeclara
901 4183 1007 4266 elogia
1028 4183 1145 4265 quibus
1197 4185 1319 4261 citatis,
1347 4185 1540 4267 impietatis,
1574 4184 1777 4252 idololatriae
1806 4195 2034 4271 arguerentur.
2084 4186 2172 4252 Nam

172 4272 284 4338 divina
304 4293 382 4337 voce
402 4273 559 4354 insignita
580 4279 642 4335 est:
667 4270 752 4353 quod
775 4277 888 4336 sancta
909 4269 953 4334 sit
974 4275 1008 4332 et
1028 4269 1145 4333 imma·
1196 4280 1235 4333 ut
1267 4270 1316 4333 illi
1347 4271 1520 4352 templum,
1555 4274 1788 4352 caeremonias,
1822 4272 2003 4339 sacerdotia
2033 4271 2172 4356 gloriose

171 4359 287 4436 adlata,
311 4356 381 4423 sinc
399 4379 490 4440 ruga,
513 4357 583 4421 sine
601 4357 730 4421 macula
748 4356 848 4440 (Eph.
870 4361 898 4432 5,
919 4353 984 4437 27),
1008 4363 1041 4418 et
1062 4375 1145 4436 quae
1195 4354 1370 4434 iactabant,
1393 4355 1509 4438 quibus
1530 4358 1628 4422 robus
1648 4357 1817 4423 ecclesiam
1838 4379 1957 4443 magno
1979 4366 2016 4422 ut
2037 4356 2099 4423 sibi
2120 4358 2171 4424 vi·
2249 4412 2253 4419 .
2308 4397 2318 4419 .

171 4446 206 4508 in
228 4442 366 4508 eandem
388 4444 584 4507 sententiam
612 4463 654 4506 ex
676 4442 845 4525 scripturis
867 4440 978 4505 afferri
998 4447 1143 4522 possunt.
1197 4441 1358 4506 dabantur
1390 4450 1582 4525 argumento
1611 4444 1842 4524 metiebantur,
1876 4446 1924 4508 ita
1949 4465 2009 4525 pro
2036 4443 2172 4508 eeclesia

172 4529 284 4611 Quare
306 4530 332 4595 si
355 4530 407 4595 cui
428 4529 494 4593 iam
517 4527 616 4593 dubia
637 4529 680 4593 sit
699 4527 852 4594 ecclesiae
874 4526 1046 4604 autoritas,
1069 4546 1145 4590 eum
1196 4536 1350 4592 externae
1382 4527 1542 4610 quaedam
1568 4528 1679 4593 larvae
1711 4550 1800 4594 nunc
1832 4530 1926 4595 nobis
1952 4535 2169 4611 opponuntur,

171 4637 237 4681 non
258 4617 293 4679 in
314 4615 484 4680 ecclesiam
505 4613 614 4690 modo,
641 4613 700 4678 sed
725 4614 761 4677 in
784 4611 909 4676 Christi
930 4632 1057 4693 quoque
1079 4611 1145 4692 spi·
1195 4633 1278 4695 quae
1304 4613 1403 4697 longe
1430 4635 1526 4697 saepe
1552 4612 1673 4678 absunt
1694 4615 1734 4680 ab
1757 4616 1907 4693 ecclesia,
1931 4622 1964 4680 et
1985 4616 2067 4680 citra
2087 4635 2170 4697 ques

171 4702 271 4766 ritum
297 4702 435 4784 impium
462 4720 500 4764 ac
526 4699 796 4765 contumeliosum
818 4718 902 4776 esse,
929 4697 1022 4762 cuius
1044 4695 1145 4762 ductu
1196 4697 1331 4764 ecclesia
1358 4700 1480 4781 optimc
1506 4707 1656 4765 constare
1682 4706 1796 4783 potest.
1841 4699 1952 4781 Quare
1979 4721 2084 4784 nequo
2105 4699 2171 4766 alio

171 4787 306 4854 eeclesia
327 4787 441 4871 procul
463 4785 559 4850 dubio
576 4786 710 4870 regitur.
745 4782 822 4864 Qua
842 4783 969 4848 ratione
990 4803 1049 4864 pro
1071 4781 1144 4846 eth·
1195 4791 1388 4865 argumento
1409 4785 1573 4850 refutandi
1594 4786 1686 4850 nobis
1708 4794 1794 4865 sunt,
1817 4808 1916 4869 qnam
1933 4807 1995 4868 quo
2012 4785 2171 4851 adversus

170 4875 244 4938 nico
266 4880 300 4938 et
320 4872 492 4956 publicano
513 4871 627 4937 haberi
649 4866 753 4936 voluit
774 4868 941 4946 Christus,
964 4869 1020 4951 qui
1041 4867 1144 4934 ecele-
1195 4867 1288 4934 illam
1315 4869 1450 4934 stultam
1473 4869 1670 4935 Iudaeorum
1697 4871 1928 4937 confidentiam
1955 4871 2170 4937 contendebat

1196 5041 1400 5051 ’.ω-4.-

242 5094 269 5159 1)
291 5094 419 5150 Proxime
437 5098 575 5167 sequentia
591 5110 666 5149 nanc
683 5095 809 5163 teruntur
829 5091 895 5159 Cep.
911 5089 1002 5144 xm.
1020 5089 1044 5142 7.
1114 5087 1144 5157 2)

173 5164 208 5216 In
232 5165 282 5217 boc
303 5171 430 5218 commate
452 5166 585 5220 nonnulla
608 5169 755 5218 occurrant
782 5177 851 5232 quae
871 5161 964 5226 senua
987 5166 1082 5214 auam
1099 5173 1144 5212 ee·
1267 5155 1295 5222 1)
1320 5156 1417 5210 Diam
1439 5158 1579 5225 sequentia
1606 5159 1716 5211 misane
1737 5162 1767 5212 ἐπ
1786 5163 1985 5227 procerioribus
2005 5160 2170 5216 satuentes

169 5234 262 5301 posuit
277 5239 371 5299 postea
391 5232 456 5301 Gap.
480 5233 566 5287 VIII.
584 5234 607 5300 ς.
627 5231 771 5287 lte-let
1171 5287 1176 5300 ι
1198 5227 1300 5293 omisit3
1318 5227 1438 5279 invenies
1456 5242 1488 5278 ea
1509 5225 1574 5295 Cap.
1599 5225 1684 5279 VIII.
1701 5228 1725 5292 ς.
1743 5228 1785 5281 24
1802 5227 1844 5288 ἓξ.

1910 5314 1965 5367 66*
