4770 6030
215 371 276 432 123
860 365 1126 435 INSTITUTIO
1147 369 1253 435 Bali.
1276 365 1458 438 CHRIS'P.
1484 373 1575 435 1536.
2161 384 2222 446 124

210 558 308 637 ciant,
331 555 371 621 ds
393 555 622 638 omnipotentis
644 555 710 619 Dei
731 556 876 637 potentia
895 555 1039 640 maligne
1058 577 1118 620 nos
1139 556 1187 621 lo-
1239 563 1344 622 tetam
1364 559 1452 623 vitae
1474 563 1627 624 aeternae
1648 561 1802 626 fiduciam
1820 564 2075 631 animisnostris
2094 569 2220 645 afferat,

212 645 267 729 qui
295 643 519 708 criminantur.
565 639 634 707 Sed
656 647 714 706 aut
734 640 833 706 stulte
857 649 984 721 errant,
1014 648 1072 706 aut
1092 642 1188 707 mali·
1240 643 1298 708 sed
1324 642 1365 708 de
1397 644 1506 710 carnis
1535 646 1635 709 etiam
1662 652 1793 712 nostrae
1820 649 2064 717 immortahtate
2089 675 2221 722 securos

210 732 291 796 tiose
319 729 531 793 mentiuntur.
585 727 661 792 Non
694 727 783 791 enim
815 727 869 792 hic
895 728 1075 809 quaeritur,
1109 727 1188 810 quid
1239 750 1299 794 nos
1319 728 1443 794 reddat.
1490 727 1661 813 Siquidem
1683 733 1723 797 ab
1744 733 1923 798 immortali
1943 737 2012 801 eius
2034 759 2132 804 carne
2153 742 2221 807 iam

210 817 302 881 Deus
320 813 470 897 potuerit,
492 812 550 878 sed
567 812 645 896 quid
662 812 809 878 voluerit.
843 813 1058 878 Affirmamus
1078 821 1189 879 autem
1239 815 1425 880 vivificatur
1453 822 1486 880 et
1513 815 1749 898 quodammodo
1777 821 1847 884 eius
1873 822 2111 889 immortalitati
2132 848 2222 892 com-

209 903 244 967 id
275 902 399 966 tactmn
431 921 516 978 esse,
549 899 635 983 quod
666 899 716 963 illi
744 898 901 981 placitum
928 907 1006 964 erat.
1057 900 1188 965 Placuit
1239 901 1392 965 municat
1440 900 1507 982 Qui
1535 923 1635 984 supra
1661 903 1743 969 haee
1770 906 1838 970 suis
1864 906 2051 991 hyperbohs
2073 911 2219 978 evehun.

210 994 335 1066 autem,
359 985 529 1052 Christum
549 985 704 1050 fratribus
730 1006 790 1067 per
811 986 921 1049 omnia
943 985 1083 1050 similem
1103 986 1185 1064 ficri,
1239 992 1308 1065 tur,
1336 987 1422 1051 nihil
1450 986 1539 1051 aliud
1566 1009 1666 1069 quam
1691 989 1812 1056 talibus
1838 991 2016 1059 involucris
2038 996 2220 1079 simplicem

210 1080 346 1156 excepto
374 1079 513 1156 peceato.
566 1069 682 1152 Qualis
711 1077 761 1135 est
788 1079 900 1135 nostra
927 1070 1025 1136 caro?
1069 1072 1187 1136 Nonne
1239 1078 1272 1134 et
1292 1072 1426 1154 planam
1447 1074 1621 1138 veritatem
1649 1075 1832 1141 obscurant
1879 1076 1976 1158 Quod
2005 1082 2034 1145 si
2055 1085 2127 1165 quis
2148 1106 2218 1149 mo-

209 1182 292 1244 quae
320 1167 409 1225 certa
436 1179 496 1223 sua
523 1157 723 1222 dimensione
744 1164 885 1235 constat,
914 1179 997 1240 quae
1019 1157 1088 1222 loco
1110 1178 1186 1222 con·
1238 1157 1366 1222 rosulus
1383 1180 1426 1223 ex
1442 1159 1521 1240 ipsis
1533 1158 1657 1224 Christi
1668 1162 1778 1227 verbis
1791 1163 1884 1228 nobis
1897 1165 2077 1231 etiamnum
2089 1166 2129 1254 [p.
2139 1168 2217 1257 248]

209 1248 346 1325 mehir,
371 1266 454 1328 quae
482 1245 644 1327 tangitur,
673 1264 756 1326 quae
778 1242 929 1308 videtur?
973 1244 1019 1307 Et
1040 1265 1112 1320 cur,
1135 1243 1182 1306 in·
1238 1244 1495 1309 controversiam
1516 1245 1631 1325 saciat,
1653 1247 1740 1329 quod
1762 1247 1893 1313 dixerit:
1924 1250 1987 1316 hoc
2009 1274 2080 1318 esse
2101 1275 2217 1339 eorpus

209 1334 333 1417 quiunt,
357 1353 424 1396 non
443 1331 541 1395 faciat
557 1330 648 1395 Deus
671 1336 708 1392 ut
725 1350 800 1394 caro
819 1328 942 1428 eadem,
965 1328 1061 1412 plura
1078 1327 1187 1393 diver·
1239 1351 1349 1428 suum,
1378 1329 1466 1394 hunc
1489 1352 1560 1395 esse
1581 1353 1678 1396 suum
1699 1334 1908 1417 sanguinem,
1939 1335 1993 1402 hic
2015 1339 2117 1405 velim
2137 1363 2218 1425 pau·

209 1440 309 1569 {llll
325 1418 611 1586 lttttttat
628 1415 1186 1584 ”tlttttttttttdttt
1238 1414 1671 1568 bitettttttttt
1688 1418 1741 1569 :t
1752 1427 2218 1592 fitffitttnttdttt

209 1590 370 1674 postulae,
404 1597 442 1652 ut
463 1610 596 1654 carnem
618 1587 716 1652 faciat
738 1587 835 1651 simul
857 1607 942 1666 esse,
972 1595 1005 1651 et
1026 1608 1093 1651 non
1114 1608 1185 1651 esse
1238 1586 1313 1652 dem
1334 1608 1412 1652 varo
1434 1610 1493 1652 nos
1513 1588 1586 1667 ista,
1606 1611 1705 1671 quam
1721 1593 1956 1673 enarravimus,
1980 1598 2122 1679 corporis
2141 1621 2218 1683 par.

209 1674 363 1742 carnem?
396 1674 539 1738 Perinde
563 1695 600 1738 ac
622 1674 649 1737 si
665 1674 777 1751 instes,
799 1681 837 1736 ut
853 1672 961 1738 lucem
980 1670 1021 1758 [p.
1040 1670 1117 1759 246]
1136 1673 1185 1737 fa-
1237 1673 1422 1754 ticipatione
1451 1695 1518 1737 non
1547 1676 1656 1740 minus
1677 1675 1766 1742 laute
1788 1678 2023 1763 affluenterque
2043 1686 2216 1767 pascimus,

208 1763 274 1828 ciat
294 1761 392 1827 simul
412 1783 483 1825 osse
511 1760 618 1824 lucem
639 1765 673 1823 et
693 1758 854 1824 tenebras.
898 1759 946 1824 At
966 1758 1090 1836 lucem,
1113 1758 1186 1823 vult
1237 1780 1336 1840 quam
1357 1761 1412 1841 qui
1433 1761 1542 1842 ipsum
1563 1758 1734 1826 Christum
1755 1783 1774 1827 e
1794 1764 1882 1830 coelo
1905 1765 2091 1834 detrahunt

209 1870 280 1914 esse
296 1848 413 1923 lucem,
432 1846 582 1910 tenebras
601 1845 762 1922 tenebras,
781 1865 914 1909 carnem
927 1865 1067 1910 samem.
1098 1843 1185 1909 (lon-
1323 1845 1366 1908 In
1393 1846 1503 1910 vorbis
1529 1868 1607 1911 vero
1635 1849 1663 1912 si
1691 1847 1771 1913 adeo
1798 1852 1957 1917 tenaciter
1984 1853 2157 1923 haeremus
2183 1868 2217 1925 et

208 1941 316 1999 vertet
336 1932 482 2017 quidem,
504 1952 579 1996 cum
599 1930 702 2008 volet,
724 1931 876 1996 tenebras
896 1931 932 1995 in
951 1929 1059 1995 lucem
1080 1936 1114 1994 et
1133 1930 1185 1994 lu·
1236 1930 1338 1994 verba
1358 1930 1523 1996 luculente
1540 1932 1621 1996 mihi
1640 1934 1872 2018 suffragantur.
1904 1937 2001 2019 Quod
2022 1942 2112 2006 euim
2127 1943 2215 2010 Mat

209 2041 281 2084 aem
307 2019 343 2083 in
371 2018 538 2097 tenebras;
566 2016 624 2081 sed
652 2039 727 2082 cum
754 2017 872 2100 exigis,
900 2023 938 2080 ut
959 2016 1018 2080 lux
1040 2022 1073 2080 et
1094 2023 1184 2080 tene-
1236 2015 1354 2080 thaeus
1375 2025 1409 2081 et
1425 2016 1558 2082 Marcus
1576 2019 1738 2084 referimt:
1761 2021 1942 2087 Dominum
1963 2045 2097 2093 vocasse
2117 2050 2217 2112 poou.

208 2106 286 2171 brae
313 2126 379 2169 non
408 2103 576 2180 differant,
610 2101 689 2185 quid
716 2102 804 2167 aliud
830 2123 929 2185 quam
957 2101 1105 2166 ordinem
1132 2122 1184 2165 sa·
1235 2100 1319 2178 lum,
1354 2124 1451 2167 sumn
1477 2104 1672 2185 sanguinem
1700 2107 1778 2172 novi
1809 2112 2012 2190 testamenti;
2046 2113 2156 2181 Lucas
2184 2125 2218 2183 ot

208 2192 349 2275 pientiae
369 2191 434 2256 Dei
456 2187 637 2272 pervertis?
678 2186 822 2253 Carnem
842 2188 944 2271 igitur
963 2209 1095 2252 carnem
1113 2207 1184 2252 esse
1235 2187 1360 2251 Paulus
1389 2187 1517 2267 dicunt,
1546 2197 1779 2256 testamentum
1807 2194 1842 2257 in
1870 2196 2040 2279 sanguine.
2085 2199 2216 2270 Olamffl

148 2285 151 2293 ¹
206 2273 1023 2428 illide⁸d¹lllbsllllll¹thlnlllqu⁰dq⁰⁰
1063 2294 1184 2354 ΨΜ
1235 2272 1784 2438 {Callithdafflddlldad
1796 2283 2217 2456 efficatia

294 2383 355 2513 Ed
372 2468 452 2513 vero
479 2453 530 2513 est
556 2447 663 2511 carnis
691 2444 847 2524 sorditie,
874 2450 913 2509 ut
939 2467 1004 2510 uno
1032 2452 1183 2526 certoque
1236 2441 1426 2526 Scripturas
1447 2446 1750 2529 interpretationem
1779 2449 1822 2515 ad
1842 2450 1919 2516 fidei
1941 2455 2069 2519 analo'
2148 2481 2218 2525 cn·

206 2535 285 2612 loco,
308 2540 346 2598 ut
367 2555 426 2599 sua
447 2532 662 2610 dimensione,
689 2539 727 2595 ut
748 2553 808 2597 sua
828 2531 933 2596 lorma
954 2536 1086 2597 constet
1132 2531 1184 2594 lla
1235 2550 1314 2628 gere
1340 2531 1431 2596 iubet
1456 2531 1582 2597 Paulus
1611 2532 1720 2616 (Rom.
1748 2535 1818 2620 12),
1848 2558 1947 2618 quam
1974 2541 2009 2603 in
2038 2477 2215 2626 fficmparte

206 2621 389 2688 conditione
410 2640 542 2684 carnem
559 2617 677 2682 ‘induit
698 2616 866 2696 Christus,
896 2617 948 2682 cui
969 2616 1184 2698 incorruptio·
1207 2643 1210 2706 p
1235 2614 1317 2678 rmhi
1338 2616 1505 2698 praeclare
1526 2627 1675 2685 constare
1703 2621 1787 2686 nihil
1815 2621 1952 2688 dubium
1972 2634 2029 2692 est
2073 2629 2149 2712 Ipse
2171 2631 2214 2696 ad

206 2729 283 2773 nem
309 2705 441 2790 quidem
468 2712 502 2770 et
527 2705 665 2788 gloriam
687 2702 792 2782 dedit,
824 2710 977 2767 naturam
1003 2710 1036 2767 et
1062 2703 1183 2769 verita-
1235 2722 1334 2782 quam
1355 2703 1431 2767 fidei
1453 2706 1609 2770 amussim
1636 2714 1669 2769 te
1695 2707 1829 2786 formes,
1857 2709 1988 2776 videris.
2031 2711 2098 2794 Qui
2124 2717 2214 2783 enim

206 2799 274 2858 tem
304 2814 370 2857 non
406 2791 548 2856 abstulit.
603 2789 748 2854 Planum
788 2789 876 2853 enim
913 2796 963 2853 est
995 2788 1183 2870 clammque
1235 2808 1303 2851 non
1324 2789 1498 2853 confitetur
1518 2790 1630 2855 Iesum
1655 2792 1691 2854 in
1714 2813 1813 2858 carne
1833 2797 1972 2875 venisse,
1995 2817 2037 2861 ox
2054 2799 2126 2865 Deo
2146 2823 2215 2867 non

205 2880 385 2961 scripturae
407 2877 644 2954 testimonium,
673 2875 760 2958 quod
786 2876 821 2939 in
843 2874 970 2940 coelum
992 2873 1182 2952 ascenderit,
1236 2879 1286 2937 est
1313 2874 1344 2958 (1
1370 2874 1461 2940 Ioan.
1485 2874 1529 2959 4).
1576 2877 1645 2955 Tu,
1673 2877 1750 2942 licet
1778 2879 1976 2961 dissimules,
2004 2904 2081 2948 eum
2106 2888 2216 2954 earnis

205 2965 252 3030 sio
272 2971 431 3030 venturus
458 2961 617 3045 quomodo
645 2960 820 3027 ascendere
843 2961 934 3026 visus
959 2967 1009 3026 est
1029 2957 1116 3044 (Act.
1140 2959 1181 3041 1).
1235 2979 1313 3023 suae
1339 2961 1478 3026 veritate
1510 2961 1638 3044 spolias.
1687 2962 1780 3029 Haec
1813 2967 1954 3049 cognitio
1981 2989 2041 3035 nos
2074 2971 2168 3038 facile
2195 2995 2216 3040 a

206 3050 276 3115 Nec
307 3056 357 3113 est
384 3048 470 3131 quod
492 3047 599 3112 adhuc
626 3047 774 3112 resihant
793 3048 848 3111 isti
874 3048 1075 3131 pervicaces:
1104 3047 1183 3111 visi·
1235 3044 1361 3110 carnali
1382 3045 1484 3110 etiam
1505 3047 1693 3113 adoratione
1722 3049 1905 3130 abstrahet,
1934 3074 2033 3136 quam
2060 3072 2216 3138 perversa

206 3134 305 3200 bilem
346 3133 529 3200 ascendisse
567 3139 601 3197 et
642 3154 865 3212 reversurum,
906 3132 1040 3197 interim
1072 3139 1183 3196 tamen
1234 3132 1417 3196 temeritate
1446 3132 1579 3214 quidam
1604 3135 1640 3197 in
1674 3144 1877 3201 sacramento
1906 3148 2096 3221 erexerunt,
2130 3145 2216 3228 quod

206 3222 375 3287 nobiscum
409 3219 607 3285 invisibilem
646 3219 810 3297 habitara;
856 3218 1016 3301 siquidem
1050 3239 1183 3283 carnem
1235 3238 1346 3281 secum
1363 3218 1410 3281 ita
1426 3217 1658 3285 subducerent:
1682 3221 1709 3285 si
1727 3243 1845 3304 corpus
1863 3231 1921 3303 est,
1942 3228 2098 3293 stenima
2115 3230 2218 3314 igitm

205 3328 241 3374 se
279 3306 400 3372 habere
433 3313 466 3370 et
505 3326 579 3370 ossa
609 3305 772 3389 Dominus
809 3312 919 3369 noster
952 3311 1090 3369 testatus
1123 3312 1181 3381 est,
1235 3310 1268 3366 et
1287 3301 1441 3368 divinitas
1463 3311 1542 3369 sunt
1562 3327 1630 3370 una
1650 3327 1725 3370 cum
1747 3329 1889 3391 corpore,
1911 3330 1995 3394 quae
2015 3312 2083 3378 iam
2104 3314 2215 3383 divelli

84 3386 91 3399 '
226 3415 289 3458 uae
309 3391 436 3475 palpari
462 3398 496 3456 et
516 3389 621 3455 videri
647 3396 787 3473 possent.
832 3390 878 3454 Et
900 3389 989 3454 abire
1011 3411 1048 3455 ac
1071 3411 1182 3455 ascen·
1234 3409 1302 3452 non
1323 3385 1364 3473 [p.
1379 3387 1456 3475 249]
1474 3397 1627 3473 possunt;
1645 3392 1754 3474 itaque
1770 3393 1838 3460 illie
1855 3395 2212 3468 adorandusChristus,

205 3415 293 3559 dere,
311 3501 377 3543 non
395 3478 536 3561 speciem
548 3476 752 3542 ascendentis
765 3476 977 3558 abeimtisque
990 3475 1068 3540 dare
1081 3476 1183 3558 signi·
1234 3474 1290 3538 En
1313 3475 1437 3557 egregii
1467 3477 1571 3541 nostri
1604 3485 1731 3559 partus,
1765 3480 1822 3544 ubi
1854 3482 1998 3549 semela
2022 3488 2123 3552 verbo
2149 3488 2214 3554 Dei

206 3567 316 3644 ficant,
338 3564 396 3630 sod
415 3585 493 3630 vere
513 3562 548 3627 id
568 3563 683 3639 facere,
706 3560 791 3644 quod
813 3562 915 3626 verba
935 3567 1060 3627 sonant.
1099 3560 1182 3627 Cae·
1235 3558 1278 3624 ad
1299 3560 1424 3624 cerebri
1444 3563 1549 3626 nostri
1577 3565 1704 3628 somnia
1725 3568 1860 3648 evagari
1880 3569 1974 3634 nobis
1995 3575 2212 3654 permisimus,

206 3659 322 3729 terum,
345 3650 477 3716 tametsi
497 3671 630 3714 carnem
650 3669 745 3713 suam
766 3648 897 3712 anobis
914 3647 1046 3712 sustulit
1062 3653 1096 3712 et
1111 3667 1182 3713 cor·
1234 3646 1282 3709 At
1303 3647 1339 3724 si,
1362 3668 1427 3728 qua
1448 3645 1591 3727 decebat,
1613 3649 1798 3715 humilitate
1818 3673 1932 3719 omnes
1954 3677 2069 3724 sensus
2088 3661 2140 3725 sui
2160 3682 2213 3726 00-

206 3757 285 3820 pore
306 3738 341 3800 in
363 3736 488 3801 coelum
509 3734 670 3813 ascendit,
693 3733 735 3799 ad
757 3733 926 3798 dexteram
947 3741 1059 3798 tamen
1079 3734 1182 3815 patris
1206 3712 1210 3754 ¹
1234 3733 1408 3814 gitationes
1430 3733 1490 3797 sub
1511 3735 1612 3799 verbo
1633 3735 1697 3800 Dei
1719 3739 1957 3804 continuissent
1976 3742 2093 3809 talium
2114 3747 2213 3811 ratio-

205 3821 305 3901 sedet,
324 3823 386 3887 hoc
399 3829 456 3901 est,
474 3823 510 3885 in
526 3821 679 3904 potentia,
697 3821 876 3898 maiestate,
889 3825 923 3883 et
935 3818 1039 3902 gloria
1054 3816 1180 3906 [parv]
1234 3819 1435 3883 cinationum
1457 3819 1641 3899 architecti,
1671 3823 1910 3890 auscultassent
1931 3835 2019 3892 certe
2038 3831 2125 3913 quod
2144 3833 2213 3914 ipse

205 3909 309 3991 patris
330 3914 455 3991 regnat.
500 3906 573 3972 Hoc
600 3927 739 3991 regnum
761 3927 821 3971 nec
842 3905 919 3971 ullis
940 3906 1085 3970 locorum
1107 3926 1182 3988 spa·
1234 3902 1329 3967 dixit:
1359 3903 1510 3986 accipite,
1531 3906 1738 3989 manducate,
1760 3909 1874 3990 bibite,
1897 3911 2037 3996 huicque
2057 3916 2213 3983 mandato

204 3994 260 4058 tiis
270 3993 454 4071 licitatum,
467 4014 529 4058 nec
540 3991 875 4057 ullisdimensionibus
886 3992 1166 4075 circumscriptum
1173 4014 1181 4070 ;
1232 3991 1432 4071 paruissent,
1464 4012 1528 4073 quo
1561 3993 1663 4075 accipi
1695 4003 1953 4077 sacramentum,
1987 4022 2055 4065 non
2083 4002 2213 4068 adorari

205 4080 285 4164 quin
296 4078 448 4143 Christus
465 4080 621 4143 virtutem
640 4100 741 4156 suam,
760 4077 943 4159 ubicunque
960 4077 1126 4159 placuerit,
1146 4078 1181 4142 in
1232 4075 1330 4139 iubet.
1366 4076 1482 4158 Itaque
1503 4078 1567 4160 qui,
1586 4086 1624 4143 ut
1644 4101 1665 4143 a
1685 4081 1828 4146 Domino
1846 4083 2040 4151 mandatum
2061 4093 2120 4167 est,
2140 4089 2212 4154 sine

204 4165 294 4232 coelo
315 4171 349 4229 et
369 4164 404 4227 in
425 4171 514 4228 terra
535 4169 656 4242 exerat,
685 4164 764 4245 quin
785 4183 820 4226 se
841 4170 1046 4243 praesentem
1067 4169 1180 4245 poten·
1233 4159 1420 4226 adoratione
1442 4163 1619 4246 accipiimt,
1648 4169 1753 4233 securi
1775 4175 1854 4234 sunt
1874 4191 1909 4236 se
1931 4192 1951 4236 a
1971 4173 2127 4239 mandato
2147 4174 2213 4240 Dei

205 4251 252 4316 tia
273 4258 306 4316 et
328 4251 449 4316 virtute
478 4249 645 4326 exhibeat,
673 4250 751 4330 quin
778 4248 846 4311 suis
868 4268 996 4329 semper
1017 4247 1116 4326 adsit,
1144 4250 1179 4312 in
1232 4268 1299 4311 non
1322 4246 1500 4314 deflectere.
1537 4249 1613 4331 Qua
1632 4254 1806 4320 securitate
1826 4256 1920 4321 nulla
1939 4258 2044 4324 maior
2065 4259 2211 4326 consola-

204 4337 245 4401 iis
266 4338 372 4414 vivat,
402 4357 456 4400 eos
479 4336 652 4412 sustineat,
675 4334 859 4411 confirmet,
882 4339 1026 4416 vegetet,
1049 4354 1179 4399 conser-
1231 4333 1276 4397 tio
1308 4333 1452 4399 accidere
1485 4341 1607 4417 potest,
1644 4361 1719 4404 oum
1751 4340 1830 4423 quid
1861 4345 1967 4426 operis
1999 4344 2209 4413 instituimlffl,

204 4429 268 4502 vet,
292 4444 358 4487 non
379 4442 472 4486 secus
495 4442 532 4485 ac
555 4421 582 4483 si
605 4440 738 4501 corpore
760 4417 896 4483 adesset
1231 4418 1367 4484 Habent
1394 4421 1614 4502 apostolorum
1639 4426 1841 4507 exemplum,
1870 4449 1950 4511 quos
1977 4452 2045 4495 non
2071 4431 2211 4516 legimus

291 4506 481 4573 Secundum
511 4506 597 4571 hanc
633 4506 793 4569 rationem
825 4526 942 4589 corpus
975 4512 1008 4571 et
1044 4505 1179 4588 sanguis
1230 4510 1408 4586 prostratos
1430 4505 1596 4588 adorasse,
1620 4511 1686 4591 sed,
1709 4518 1748 4576 ut
1768 4519 1864 4578 erant
1885 4514 2135 4597 discumbentes,
2158 4538 2210 4584 aa·

205 4593 330 4659 Christi
361 4595 398 4657 in
424 4601 628 4658 sacramento
659 4591 751 4656 nobis
780 4591 967 4670 exhibetur,
1000 4590 1179 4657 secundum
1231 4591 1355 4673 cepisse
1376 4597 1409 4657 et
1437 4593 1652 4662 manducasse
1659 4620 1667 4677 ;
1698 4597 1823 4663 habent
1844 4602 2037 4682 apostolicae
2057 4604 2211 4671 ecelesiae

204 4679 345 4760 priorem
371 4678 515 4743 minime.
566 4676 714 4743 Docendi
741 4699 853 4757 causa,
882 4677 1020 4744 dicimus
1044 4698 1122 4743 vere
1147 4686 1180 4742 et
1230 4698 1337 4758 usum,
1359 4698 1442 4761 quae
1463 4701 1531 4744 non
1552 4681 1588 4745 in
1611 4682 1814 4763 adoratione,
1838 4686 1896 4751 sed
1916 4687 1953 4750 in
1973 4689 2131 4755 fractione
2151 4711 2211 4772 pa-

204 4764 378 4830 effioaciter
399 4765 557 4845 exhiberi,
579 4786 646 4830 non
664 4770 774 4829 autem
790 4764 991 4829 naturaliter.
1025 4761 1100 4844 Quo
1117 4766 1179 4829 sci·
1230 4764 1283 4827 nis
1301 4766 1610 4848 communicasses
1628 4769 1722 4835 Luca
1740 4769 1827 4855 (Act
1841 4770 1876 4856 2)
1895 4781 2065 4855 narratur;
2087 4776 2212 4842 habent

203 4848 280 4916 lieet
306 4852 541 4933 significamus,
569 4871 637 4917 non
657 4850 874 4916 substantiam
899 4850 1006 4932 ipsam
1026 4852 1178 4933 eorporis,
1231 4850 1441 4932 apostolicam
1473 4851 1670 4934 doctrinam,
1710 4876 1774 4938 qua
1806 4858 1932 4924 Paulus
1964 4859 2212 4927 Corinthiorum

203 4956 263 5002 seu
283 4958 399 5002 verum
420 4944 454 5002 et
474 4938 624 5003 naturale
643 4936 769 5003 Christi
790 4957 907 5019 corpus
924 4934 991 5000 illic
1013 4935 1098 5001 dari:
1121 4937 1179 5002 sed
1231 4934 1401 5001 ecclesiam
1421 4938 1579 5017 instituit,
1601 4940 1765 5023 professus
1786 4965 1821 5009 se
1844 4965 1864 5008 a
1885 4944 2029 5013 Domino
2049 4948 2211 5030 accepisse

204 5024 321 5102 omnia,
343 5044 426 5106 quae
447 5024 483 5087 in
504 5045 562 5089 suo
584 5044 717 5106 corpore
738 5021 831 5087 nobis
852 5022 1009 5087 beneficia
1026 5019 1178 5089 Christus
1230 5021 1316 5104 quod
1336 5021 1486 5089 tradebat
1502 5022 1536 5109 (1
1560 5024 1634 5091 Cor.
1661 5026 1724 5113 11).
1758 5026 1825 5109 Qui
1847 5028 1994 5112 adorant,
2006 5034 2211 5100 ‘coniecturis

203 5110 374 5189 praestitit.
418 5109 471 5174 Ea
492 5116 542 5175 est
563 5109 705 5192 corporis
727 5108 926 5191 praesentia,
949 5129 1048 5191 quam
1069 5130 1178 5175 sacra·
1230 5113 1361 5172 tantum
1383 5114 1416 5173 ct
1441 5110 1550 5176 nescio
1572 5112 1689 5195 quibus
1711 5117 1896 5182 assuatis
1918 5120 2210 5203 argumentationi·

203 5195 306 5258 menti
327 5196 409 5260 ratio
429 5195 580 5277 postulat.
626 5193 736 5276 Quam
756 5199 850 5258 tanta
870 5194 1000 5274 virtute,
1023 5199 1178 5278 tantaque
1229 5193 1292 5260 bus
1312 5194 1479 5272 nituntur,
1504 5196 1666 5281 syllabam
1686 5220 1789 5264 unam
1809 5221 1828 5266 e
1849 5204 1949 5268 verbo
1971 5205 2037 5271 Dei
2056 5213 2209 5288 praeten-

203 5277 347 5345 efficacia
367 5281 421 5347 hie
442 5281 586 5346 eminere
607 5279 759 5359 dicimus,
786 5285 825 5343 ut
845 5300 912 5346 non
932 5279 1028 5348 modo
1047 5280 1178 5348 indubi·
1230 5277 1307 5346 dere
1335 5299 1403 5345 non
1423 5287 1569 5364 ponunt
1613 5283 1703 5351 Nam
1723 5291 1762 5352 ut
1779 5287 1923 5354 maxime
1944 5291 2046 5357 verba
2065 5293 2209 5376 corporis
