4770 6030
191 325 252 388 au
965 320 1065 387 cnr.
1088 320 1152 386 111.
1198 321 1263 386 nu
1284 320 1421 388 naen.
1635 304 1640 312 '
2139 332 2201 396 aas

190 436 493 506 transacto.
2110 468 2112 472 ψ

191 521 256 591 est,
283 533 326 576 ne
348 513 392 577 sit
419 425 647 579 nobiis'instar
669 515 809 581 Lesbiae
831 514 980 598 regulae,
1008 531 1073 593 qua
1094 510 1170 575 freti
1223 518 1450 594 terpretantur
1470 512 1546 577 vitii
1565 513 1670 604 ipsius
1693 517 1943 595 abstinentiam3
1973 539 2127 582 noscam
2152 520 2201 585 ul-

190 600 388 681 seripturam
407 599 575 665 licentiose
596 602 856 683 contorquentes,
875 597 1044 682 quodlibet
1062 616 1170 679 equo-
1223 604 1275 660 tra
1301 595 1476 680 procedere
1504 597 1657 681 dicimus,
1692 602 1733 666 ad
1761 603 1869 668 officia
1902 603 2027 668 seilicet
2054 606 2202 688 factaque

189 686 271 750 libet
291 685 467 763 faciamus3
500 686 626 751 faciunt
653 688 741 751 enim
763 686 896 768 quidam
923 684 985 749 hac
1012 681 1170 746 immode-
1222 683 1395 747 contraria.
1447 684 1563 766 Itaque
1591 687 1627 752 in
1656 687 1718 753 hoc
1746 695 1933 772 praecepto:
1970 709 2037 752 non
2065 691 2201 773 occides,

190 778 263 835 rata
284 770 480 836 excurrendi
503 771 669 850 libertate,
693 779 731 835 ut
752 771 839 855 apud
862 771 944 835 alios
964 769 1102 834 vilescat
1122 768 1170 831 le·
1223 789 1337 833 sensus
1360 769 1532 833 hominnm
1550 774 1734 839 communis
1756 774 1840 839 nihil
1864 774 1953 839 aliud
1972 775 2202 859 considerabit,

190 858 241 941 gis
263 857 432 935 autoritas,
456 857 528 921 aliis
551 879 624 940 spes
647 858 885 940 intelligentiae
908 853 1066 920 concidat.
1101 853 1170 938 Igi-
1223 875 1321 936 quam
1354 856 1395 920 ab
1426 856 1516 920 omni
1548 859 1708 925 maleficio
1742 882 1779 926 ac
1811 860 2037 926 malefaciendi
2066 861 2202 929 libidine

190 952 246 1007 tur
268 943 296 1005 si
316 943 389 1007 fieri
412 951 533 1025 potest,
564 943 710 1008 ineunda
731 943 852 1008 catria
874 941 984 1023 aliqua
1006 960 1087 1022 quac
1110 959 1169 1003 nos
1223 939 1455 1005 abstinendum
1489 964 1567 1006 esse.
1624 946 1697 1028 Ego
1730 955 1900 1030 praeterea
1929 947 2090 1012 contineri
2119 947 2200 1028 dico,

190 1028 231 1092 ad
253 1029 317 1092 Dei
341 1029 544 1093 voluntatem
578 1036 666 1094 reeto
689 1050 726 1094 ac
754 1028 857 1093 solido
884 1047 1000 1111 gressu
1020 1025 1167 1090 deducat.
1222 1032 1260 1088 ut
1280 1027 1420 1107 proximi
1443 1028 1560 1106 vitam,
1584 1031 1702 1112 quibus
1724 1034 1887 1114 possimus
1909 1031 2077 1112 subsidiis,
2108 1034 2201 1099 adiu-

191 1112 437 1195 Quaerendum,
459 1116 603 1197 inquam,
627 1123 788 1197 quatenus
811 1113 968 1179 excedere
991 1110 1169 1177 verborum
1222 1132 1345 1177 remus.
1391 1114 1441 1178 Ac
1474 1135 1516 1178 ne
1544 1117 1614 1181 sine
1642 1119 1768 1182 ratione
1796 1119 1923 1201 loqu‘ar,
1958 1119 2006 1182 ita
2027 1121 2199 1185 confirmo:

190 1202 273 1265 fines
301 1199 418 1263 debeat
438 1201 683 1282 interpretati03
711 1207 749 1264 ut
772 1205 945 1283 appareat,
973 1220 1041 1261 non
1062 1205 1168 1261 attex-
1220 1197 1386 1263 Dominus
1418 1207 1510 1263 vetat
1542 1200 1665 1268 iniuria
1696 1204 1831 1267 fratrem
1864 1203 1950 1268 laedi
1984 1212 2042 1268 aut
2075 1206 2199 1284 violari,

189 1294 259 1349 tam
279 1306 350 1349 esse
376 1286 443 1370 legi
465 1286 596 1351 divinae
624 1308 666 1350 ex
689 1286 843 1350 humanis
872 1285 988 1368 glossis
1010 1283 1168 1366 appendi·
1222 1283 1300 1365 quia
1324 1285 1427 1349 vitam
1455 1287 1525 1349 eius
1553 1309 1662 1352 caram
1690 1290 1785 1354 nobis
1815 1311 1886 1354 esse
1915 1289 1987 1353 vult
2015 1312 2052 1355 ac
2080 1293 2200 1374 pretio·

190 1393 275 1449 cem,
305 1370 362 1436 sed
413 1393 511 1435 mum
533 1393 790 1455 germanumque
816 1371 1013 1454 legislatoris
1035 1389 1170 1434 sensum
1223 1389 1307 1448 sam;
1335 1369 1433 1434 simul
1461 1393 1538 1455 ergo
1571 1374 1715 1457 postulat
1741 1397 1823 1458 quae
1851 1375 1892 1440 ad
1918 1372 2006 1440 illius
2028 1397 2200 1442 conserva-

189 1456 330 1521 fideliter
348 1394 522 1522 redditum.
557 1455 646 1523 Sane
664 1457 744 1521 adeo
762 1459 798 1521 in
819 1456 972 1521 omnibus
990 1457 1057 1519 fere
1075 1475 1169 1537 prae-
1222 1455 1346 1518 tionem
1368 1457 1508 1521 conferri
1530 1469 1669 1542 possunt
1690 1462 1797 1527 officia
1818 1462 1974 1526 caritatis.
2020 1464 2130 1544 Atque
2154 1464 2201 1529 ita

189 1544 300 1626 ceptis,
321 1543 513 1608 manifestae
545 1552 625 1608 sunt
657 1541 897 1629 synecdochae;
926 1549 964 1604 nt
991 1540 1169 1621 deridiculo
1222 1539 1334 1604 ridere
1367 1550 1432 1619 est,
1460 1551 1498 1606 nt
1526 1566 1654 1628 semper
1675 1547 1770 1611 nobis
1791 1548 1867 1612 finis
1889 1549 2054 1630 praecepti
2077 1556 2201 1614 reseret

190 1629 328 1705 irnesssit
350 1630 490 1708 futurus,
514 1629 675 1713 quilegie
697 1649 830 1694 sensum
853 1628 894 1693 ad
917 1627 1093 1692 verborum
1110 1646 1169 1689 an·
1223 1625 1380 1708 quidquid
1401 1628 1469 1694 illie
1491 1630 1597 1696 facere
1620 1638 1678 1696 aut
1699 1633 1850 1697 iubemur
1873 1641 1930 1697 aut
1952 1641 2111 1698 vetamur.

190 1714 316 1798 gustias
343 1716 542 1798 restringere
569 1716 657 1780 velit.
707 1716 805 1781 Ultra
831 1713 933 1779 verba
959 1714 1070 1796 itaque
1094 1733 1170 1795 pro-
1248 1763 1252 1778 .
1313 1716 1359 1776 12.
1411 1714 1480 1779 Gur
1508 1724 1617 1781 autem
1639 1720 1804 1783 Dominus
1831 1720 1895 1796 ita,
1929 1719 2021 1782 velut
2055 1719 2200 1785 dimidiis

189 1801 282 1884 gredi
305 1801 448 1865 sobriam
469 1801 552 1885 legis
573 1802 879 1885 interpretationem
897 1799 1006 1883 palam
1025 1806 1088 1878 est;
1112 1797 1170 1864 sed
1222 1800 1418 1882 praeceptis,
1448 1821 1508 1883 per
1536 1803 1756 1888 synecdochae
1778 1805 1974 1888 significarit
1995 1806 2101 1888 magis
2122 1806 2201 1888 quid

90 1926 95 1933 ·
189 1906 371 1969 quousque,
405 1886 579 1964 obscurum
607 1900 736 1965 manet,
765 1888 831 1951 nisi
852 1885 969 1951 modus
991 1885 1108 1968 aliquis
1129 1886 1169 1948 fi·
1221 1884 1321 1948 vellet
1348 1906 1446 1967 qnam
1474 1891 1683 1970 expresserit,
1714 1912 1813 1973 quum
1838 1891 1920 1955 aliae
1948 1912 2073 1973 quoque
2100 1893 2199 1956 ratio·

188 1973 311 2038 niatur.
356 1972 456 2037 Hune
484 1995 562 2056 ergo
588 1973 721 2037 modum
751 1973 913 2056 opt-imum
940 1972 1009 2035 fore
1042 1991 1167 2048 censeo,
1222 1991 1281 2034 nes
1303 1970 1396 2034 reddi
1417 1973 1552 2052 soleant,
1577 1974 1656 2040 haee
1677 1976 1761 2040 mihi
1784 1977 1818 2040 in
1840 1977 1956 2059 primis
1981 1976 2099 2058 placet:
2124 1979 2200 2060 quia

189 2059 218 2124 si
246 2058 287 2122 ad
315 2061 482 2142 praecepti
515 2059 677 2124 rationem
709 2058 885 2142 dirigatur;
919 2078 1038 2140 nempe
1066 2064 1105 2120 ut
1132 2058 1169 2119 in
1221 2063 1428 2138 peccatorum
1456 2059 1660 2140 foeditatem,
1689 2062 1754 2127 nisi
1776 2062 1834 2126 ubi
1857 2062 2031 2145 palpabilis
2054 2071 2121 2143 est,
2150 2063 2200 2128 di·

188 2165 384 2226 unoqnoque
410 2151 582 2229 praecepto
603 2143 823 2229 expendatur,
853 2165 913 2208 cur
938 2142 1052 2207 datum
1074 2142 1168 2207 nobis
1222 2141 1311 2207 luere
1354 2149 1388 2207 et
1423 2145 1577 2226 speciosis
1615 2147 1840 2228 praetextibus
1879 2148 2033 2213 inducere
2072 2170 2201 2232 semper

189 2228 296 2294 fuerit
341 2231 497 2314 Exempli
520 2233 639 2314 gratia:
669 2251 767 2295 omne
794 2235 1003 2312 pracceptum
1025 2236 1084 2301 aut
1104 2229 1167 2292 im·
1221 2249 1296 2293 caro
1318 2228 1466 2309 molitur,
1495 2230 1581 2313 quod
1604 2233 1732 2296 eratin
1753 2254 1945 2331 unoquoque
1968 2236 2199 2319 transgressio·

188 2317 376 2400 peraticum
399 2323 449 2382 est
475 2330 533 2381 aut
560 2317 821 2400 prohibitorium.
866 2315 1047 2397 Utriusque
1068 2336 1167 2400 gene-
1221 2313 1273 2377 nis
1295 2335 1414 2397 genere
1436 2315 1648 2381 deterrimum
1672 2325 1706 2381 et
1727 2319 2009 2397 scelestissimum,
2033 2320 2199 2402 exempla

190 2403 237 2466 ris
263 2403 385 2466 veritas
413 2403 523 2466 statim
554 2403 709 2480 ocean-it,
739 2402 767 2467 si
789 2401 951 2466 rationem
977 2422 1038 2466 ceu
1065 2402 1167 2465 finem
1220 2400 1266 2464 ris
1288 2400 1357 2465 loco
1378 2403 1562 2483 proposuit3
1584 2405 1678 2468 cuius
1700 2403 1742 2467 ad
1764 2403 1913 2467 auditum
1933 2426 2049 2469 sensus
2071 2403 2199 2490 quoque

189 2489 371 2566 intuemur;
404 2495 442 2552 ut
472 2490 639 2572 praecepti
667 2489 774 2571 quinti
807 2488 884 2552 finis
912 2495 975 2566 est,
1008 2486 1167 2551 honorem
1220 2485 1479 2565 exhorresceret,
1509 2510 1573 2570 quo
1601 2490 1759 2553 maiorem
1786 2490 1912 2571 peccati
1940 2491 2114 2556 cuiuslibet
2142 2491 2198 2557 dc-

188 2595 260 2639 esse
288 2573 329 2637 iis
351 2573 553 2640 reddendum
576 2575 694 2657 quibus
723 2595 799 2638 emn
821 2572 971 2637 attribuit
991 2573 1165 2636 Dominus.
1220 2573 1431 2636 testationem
1453 2575 1572 2640 animis
1597 2577 1720 2639 nostris
1749 2576 1962 2656 imprimeret.
2009 2576 2082 2642 Hoc
2102 2577 2199 2643 nobis

187 2660 282 2724 Haec
307 2661 410 2743 igitur
437 2662 603 2744 praecepti
626 2681 767 2726 summa:
795 2659 924 2742 placere
945 2658 1105 2735 Domino,
1128 2665 1167 2721 ut
1220 2658 1360 2740 imponit
1387 2659 1515 2742 saepius
1543 2662 1579 2724 in
1601 2660 1814 2725 aestimandis
1835 2661 1942 2737 vitiis,
1973 2661 2108 2742 quodsi
2131 2670 2199 2728 teo-

188 2767 244 2810 eos
272 2745 471 2812 honoremus
499 2748 617 2829 quibus
644 2745 768 2829 aliquid
789 2744 1000 2810 excellentiae
1028 2743 1167 2828 largitus
1220 2744 1305 2807 tiora
1343 2751 1421 2808 sunt
1459 2745 1633 2811 elevamus.
1696 2746 1768 2811 Has
1807 2746 2002 2830 praestigias
2035 2749 2199 2814 Dominus

188 2840 254 2910 eet;
276 2838 499 2914 contemptum
511 2840 545 2897 et
556 2832 798 2898 contumaciam
821 2829 979 2895 adversus
1001 2850 1065 2909 eos,
1089 2830 1167 2894 abo·
1220 2828 1370 2909 discutit,
1398 2852 1500 2913 quum
1533 2853 1593 2896 nos
1628 2833 1802 2897 assuefacit
1829 2833 2015 2896 universam
2040 2833 2198 2897 vitiorum

187 2918 363 2981 minutioni
385 2939 464 2983 esse.
509 2920 617 2984 Primi
637 2919 802 3000 praecepti
824 2917 910 2981 ratio
926 2923 990 2993 cst,
1019 2922 1058 2978 ut
1073 2915 1167 2980 Deus
1219 2914 1465 2981 multitudinem
1493 2917 1535 2981 ad
1562 2916 1643 2983 haee
1665 2919 1773 3000 capita
1800 2919 1938 2995 referre,
1967 2939 2049 2999 quae
2076 2920 2199 3001 optime

186 3003 277 3068 solus
298 3002 433 3068 colatur.
479 3002 619 3070 Summa
639 3005 744 3088 igitur
764 3004 930 3086 praecepti
952 3002 1029 3066 erit:
1053 3022 1168 3066 veram
1219 3008 1381 3083 quantum
1414 3003 1459 3067 sit
1492 3003 1528 3066 in
1568 3025 1760 3086 unoquoque
1795 3026 1914 3088 genere
1947 3003 2198 3069 abominationis

186 3089 357 3173 pietatem,
379 3089 440 3155 hoc
463 3097 531 3169 est,
554 3091 696 3156 nominis
708 3092 734 3175 ¹)
762 3090 813 3154 sui
835 3088 962 3153 cultum
983 3087 1056 3152 Deo
1077 3087 1167 3153 cordi
1219 3094 1473 3169 repraesentant
1525 3089 1680 3172 Exempli
1708 3091 1829 3173 gratia:
1860 3092 1911 3154 ira
1937 3097 1971 3154 et
1998 3090 2107 3173 odium
2131 3111 2199 3156 non

187 3195 274 3254 esse,
302 3175 505 3258 impietatem
536 3177 724 3242 abominari.
770 3172 827 3240 Sic
854 3175 889 3237 in
911 3173 1051 3258 singulis
1072 3194 1167 3256 prae·
1219 3194 1321 3256 usque
1350 3173 1431 3238 adeo
1458 3175 1657 3240 exsecranda
1678 3185 1840 3258 putantur
1868 3176 1970 3252 mala,
1997 3195 2097 3258 quum
2129 3178 2198 3242 suis

186 3261 292 3344 ceptis
308 3261 558 3344 inspiciendum,
582 3261 700 3346 quade
722 3283 757 3325 re
774 3269 908 3345 agatur,
932 3258 1050 3324 deinde
1067 3280 1166 3342 quae-
1219 3258 1407 3324 nominibus
1432 3261 1653 3343 appellantur3
1684 3269 1719 3326 at
1746 3283 1847 3345 quum
1875 3259 2117 3327 interdicuntur
2138 3282 2198 3326 no·

186 3346 311 3411 rendus
336 3347 427 3426 finis,
461 3348 563 3414 donee
590 3349 791 3431 reperiamus
823 3345 901 3430 quid
934 3346 1066 3430 proprie
1098 3345 1166 3411 illic
1218 3345 1269 3409 bis
1291 3345 1351 3409 sub
1373 3344 1541 3411 homicidii
1558 3348 1700 3427 nomine,
1723 3349 1841 3412 melius
1859 3346 2076 3429 intelligimus
2094 3368 2197 3430 qnan-

186 3439 329 3497 testetur
357 3434 521 3500 Dominus
548 3435 611 3499 sibi
637 3435 766 3520 plaeere
792 3432 844 3498 vel
873 3431 1052 3516 displicere.
1097 3431 1167 3496 De-
1218 3437 1253 3494 ta
1275 3431 1398 3494 sintin
1421 3431 1663 3498 abominatione
1685 3433 1773 3517 apud
1795 3435 1985 3507 Dominum,
2009 3433 2198 3498 cuiusvooe

186 3540 281 3582 mum
303 3519 343 3583 ab
371 3540 410 3583 eo
437 3521 508 3604 ipso
530 3521 572 3586 ad
597 3521 799 3586 eontrarium
823 3517 971 3583 ducenda
992 3517 1166 3583 ratiocina·
1218 3516 1253 3580 in
1275 3522 1345 3580 tam
1367 3517 1522 3582 horrendi
1549 3520 1667 3604 flagitii
1690 3519 1837 3584 ordinem
1861 3520 2070 3597 reiiciuntur;
2099 3526 2197 3600 atque

187 3605 244 3683 tio,
266 3604 303 3668 in
325 3604 414 3671 hunc
431 3607 578 3671 modum:
602 3607 630 3672 si
652 3606 760 3689 placet
782 3606 844 3670 hoc
861 3604 1016 3682 Domino,
1036 3611 1166 3668 contra-
1217 3602 1291 3685 ipsi,
1313 3601 1434 3669 iudicio
1455 3604 1519 3669 Dei
1542 3607 1690 3687 permoti,
1714 3605 1916 3681 delictorum,
1940 3625 2024 3687 quae
2041 3605 2132 3686 prius
2150 3603 2197 3669 le-

187 3691 276 3755 rium
299 3690 461 3773 displicet;
491 3695 520 3757 si
548 3694 609 3759 hoc
631 3692 796 3776 displicet,
819 3690 1021 3756 contrarium
1042 3689 1165 3772 placet;
1218 3689 1273 3753 via
1294 3689 1505 3770 videbantur,
1535 3692 1731 3774 gravitatem
1759 3692 1976 3756 assuescimus
2006 3691 2123 3755 molius
2145 3711 2197 3755 re·

187 3777 218 3842 si
251 3776 313 3842 hoc
346 3778 519 3859 praecipit,
553 3779 753 3843 eontrarium
786 3783 891 3855 vetat;
924 3776 952 3841 si
979 3775 1041 3840 hoe
1065 3783 1164 3854 vetat,
1218 3781 1343 3857 putare.

187 3863 390 3929 eontrarium
411 3865 579 3947 praecipit.
1308 3864 1355 3924 13.
1401 3862 1512 3926 Tertio
1539 3861 1608 3927 loco
1630 3861 1903 3926 considerandum
1932 3860 2010 3944 quid
2033 3862 2094 3926 sibi
2117 3863 2198 3927 volit

278 3952 325 4012 11.
371 3945 469 4028 Quod
507 3973 596 4017 nunc
629 3950 829 4028 subobscure
856 3948 1045 4031 attingitur,
1078 3947 1167 4011 inter
1219 3946 1350 4011 divinae
1379 3947 1462 4031 legis
1484 3948 1519 4011 in
1542 3947 1623 4012 duas
1644 3947 1772 4013 tabulas
1794 3947 1940 4030 partitio,
1970 3970 2109 4030 quarum
2131 3969 2197 4012 non

187 4033 381 4118 exponenda
403 4044 576 4119 praecepta
599 4036 817 4102 clarissimum
839 4035 911 4118 ipsa
933 4033 1166 4098 exercitatione
1219 4033 1277 4097 abs
1299 4054 1349 4112 re,
1373 4055 1434 4099 nec
1454 4039 1592 4111 temere,
1616 4033 1782 4097 solennem
1804 4035 2004 4098 mentionem
2026 4034 2197 4119 aliquoties

186 4121 254 4185 fiet.
299 4117 410 4200 Quare
432 4122 554 4187 sufficit
580 4123 742 4207 attigisse3
770 4121 834 4185 nisi
856 4118 943 4204 quod
964 4126 1167 4201 postremum
1219 4119 1339 4183 factam
1361 4140 1431 4184 esse
1453 4139 1566 4184 omnes
1590 4119 1662 4184 sani
1685 4118 1885 4189 iudicabunt.
1919 4121 1965 4182 Et
1987 4121 2197 4201 inpromptu

186 4207 387 4285 membrum,
416 4208 502 4290 quod
523 4209 577 4274 vel
599 4208 718 4290 alioqui
741 4228 809 4271 non
837 4205 1086 4288 intelligeretur,
1113 4204 1167 4269 vel
1219 4226 1318 4269 causa
1345 4212 1409 4281 est,
1443 4226 1526 4288 quae
1548 4205 1718 4288 ambiguos
1752 4226 1811 4270 nos
1840 4205 1880 4269 de
1906 4206 1968 4270 hac
1999 4227 2034 4269 rc
2063 4225 2196 4268 manere

186 4293 391 4357 intellectum
411 4294 522 4358 forsan
542 4295 702 4360 absonum
724 4294 818 4356 initio
840 4292 945 4357 videri
966 4296 1084 4373 posset,
1107 4312 1164 4354 su,n
1200 4300 1287 4355 'non
1308 4291 1396 4355 sinit.
1446 4291 1489 4354 In
1511 4291 1592 4356 duas
1615 4292 1703 4355 enim
1728 4299 1854 4374 partes,
1883 4291 2001 4374 quibus
2028 4299 2096 4353 tuta
2119 4309 2196 4353 con·

186 4378 379 4461 probatione
399 4379 545 4445 breviter
566 4378 826 4445 confirmandum
851 4379 923 4443 erit
968 4376 1167 4441 Probatione
1220 4379 1344 4442 tinetur
1377 4377 1518 4455 iustitia,
1551 4377 1658 4460 legem
1686 4399 1779 4442 suam
1808 4379 1855 4442 sic
1882 4377 1995 4441 dirisit
2021 4375 2195 4452 Dominus,

187 4462 271 4527 illud
303 4485 368 4529 non
391 4472 495 4549 eget?
513 4466 592 4531 dum
619 4467 744 4532 bonum
768 4465 915 4542 iubetur,
946 4463 1053 4527 vetari
1081 4461 1168 4544 quod
1220 4470 1257 4528 ut
1284 4464 1426 4546 priorem
1455 4463 1625 4548 religionis
1653 4465 1783 4542 officiis,
1817 4485 1899 4547 quae
1926 4462 2133 4545 peculiariter
2154 4459 2197 4524 ad

188 4570 266 4615 cum
292 4572 328 4615 eo
357 4559 485 4636 pugnat
511 4553 651 4633 malum;
683 4572 780 4617 nemo
803 4557 853 4614 est
883 4549 987 4627 enim,
1015 4548 1071 4631 qui
1099 4568 1166 4611 non
1219 4550 1365 4614 numinis
1387 4550 1438 4615 sui
1461 4549 1586 4616 cultum
1608 4551 1792 4632 pertinent,
1816 4550 1953 4614 alteram
1975 4547 2090 4612 officiis
2112 4547 2195 4611 cari·

188 4635 352 4702 concedat
403 4636 567 4721 Imperari
593 4660 720 4721 quoque
748 4636 912 4703 contruia
940 4635 1059 4712 officia,
1087 4632 1167 4697 dum
1220 4636 1312 4714 tatis,
1339 4657 1421 4718 quac
1442 4637 1478 4699 in
1499 4636 1647 4699 homines
1669 4636 1861 4718 respiciunt,
1892 4633 2075 4715 assignarit.
2119 4632 2195 4697 Pri-

187 4721 276 4786 mala
307 4729 478 4804 vetantur,
514 4746 581 4789 non
613 4746 651 4790 ae
674 4724 793 4789 errime
826 4722 963 4803 recipiet
995 4740 1167 4785 commune
1219 4742 1312 4784 mum
1340 4742 1419 4785 sane
1446 4722 1591 4786 iustitiae
1618 4721 1869 4785 fundamentum
1902 4728 1952 4783 est
1980 4719 2043 4782 Dei
2077 4717 2194 4796 cultus,

187 4807 356 4873 iudicium.
407 4810 558 4875 Virtutes
586 4747 719 4893 quidem
746 4806 982 4884 commendari,
1008 4805 1087 4869 dum
1109 4803 1166 4868 ad·
1219 4826 1282 4888 quo
1315 4827 1428 4871 everso
1458 4808 1582 4888 reliqua
1609 4809 1720 4870 omnia
1749 4806 1893 4870 iustitiae
1919 4804 2081 4880 membra,
2104 4804 2196 4868 uelut

188 4914 285 4959 versa
306 4894 624 4976 vitia‘damnantur,
652 4895 788 4979 vulgare
818 4901 876 4958 est.
922 4889 990 4956 Sed
1012 4913 1071 4956 nos
1093 4889 1167 4973 plns
1220 4891 1339 4956 dividui
1368 4892 1565 4975 collapsique
1592 4893 1732 4957 aedificii
1758 4900 1881 4974 partes,
1909 4890 2016 4953 lacera
2039 4897 2072 4952 ct
2099 4889 2195 4953 dissi·
2254 4894 2259 4914 '

188 4979 312 5062 aliquid
344 4982 562 5063 postulamus,
603 5004 701 5066 quam
734 4981 832 5064 vulgo
866 4978 1054 5061 significent
1084 4977 1167 5040 istae
1218 4985 1296 5126 pata
1322 4985 1409 5042 sunt.
1461 4977 1578 5058 Qualis
1605 4978 1692 5041 enim
1719 4977 1864 5041 iustitiae
1886 4997 1956 5040 esse
1979 4975 2080 5053 dices,
2110 4972 2196 5056 quod

187 5065 357 5131 formulae.
393 5064 599 5132 Contrariam
622 5070 711 5134 enim
732 5067 813 5133 vitio
836 5065 1005 5141 virtutem,
1025 5063 1093 5126 fere
1114 5062 1167 5124 in·
1244 5064 1370 5128 omines
1396 5085 1462 5127 non
1487 5085 1588 5128 vexas
1613 5063 1710 5125 furtis
1732 5084 1769 5127 ac
1792 5063 1931 5145 rapinis,
1960 5063 1987 5126 si
2014 5082 2074 5144 per
2095 5060 2195 5125 scele-

1219 5156 1329 5213 ratum
1350 5149 1558 5233 sacrilegium
1578 5149 1712 5213 interim
1735 5148 1797 5211 Dei
1821 5148 2027 5211 maiestatem
2050 5169 2109 5212 sua
2126 5145 2195 5230 glo-

258 5254 289 5322 1)
307 5257 423 5308 numinis
443 5252 510 5308 1543
527 5264 552 5311 a
571 5273 643 5328 seqq.
1219 5235 1270 5299 ria
1291 5234 1431 5317 spolias?
1450 5236 1537 5318 quod
1558 5235 1770 5300 fornicatione
1788 5255 1904 5316 corpus
1923 5243 2017 5297 tuum
2035 5253 2102 5297 non
2118 5254 2195 5298 eon-
