4770 6030
1270 304 1359 369 vm

308 499 583 582 amunciavit
608 497 760 580 edendi
790 496 989 608 Corporis
1017 487 1376 603 Reformatorum,
1407 527 1492 607 quo
1522 526 1652 608 opera
1675 526 1784 606 quae
1816 507 2045 608 supersunt
2073 498 2212 581 omnia
2241 526 2314 580 eo·

308 621 404 719 runi
435 635 592 718 saeculi
621 635 774 737 decimi
805 636 915 717 sexti
946 635 1201 746 scriptorum
1229 634 1700 745 comprehenderentur,
1730 635 1804 744 qui
1834 635 1887 717 de
1920 636 2046 717 sacris
2075 634 2313 717 christianis

308 772 579 856 emendandis
610 772 768 884 optime
806 771 947 854 meriti
984 801 1062 883 pro
1092 773 1285 883 patribus
1315 771 1586 882 evangelicae
1624 772 1825 854 ecclesiae
1862 773 1953 852 iure
1985 771 2169 855 habendi
2201 783 2311 853 sunt.

308 911 432 993 'Palla
465 910 641 993 molitus
678 909 845 1020 insigne
885 908 1019 992 edidit
1055 910 1356 993 documentum
1392 909 1642 991 liberalioris
1681 908 1861 1018 ingenii,
1887 909 2123 1018 ‘utriusque
2165 921 2312 992 coetus
2362 898 2365 903 ’

308 1047 567 1158 coryphaeos
598 1077 652 1129 ex
683 1075 818 1156 aequo
849 1047 1157 1158 amplectentis,
1190 1046 1316 1129 simul
1348 1046 1509 1128 strenui
1540 1045 1668 1127 animi
1697 1045 1976 1156 laborumque
2001 1045 2312 1157 patientissimi,

308 1197 354 1268 et
385 1214 485 1267 sane
516 1182 703 1266 omnium
739 1213 945 1267 consensu
974 1184 1028 1266 (16
1059 1183 1261 1267 memoria
1298 1183 1471 1265 illorum
1500 1183 1738 1290 doctorum,
1778 1183 1831 1264 (16
1863 1184 2014 1266 studiis
2045 1183 2311 1294 theologicis,

207 1353 220 1379 ·
309 1322 446 1431 deque
478 1321 697 1404 concordia
727 1321 999 1405 ecclesiarum
1022 1321 1363 1435 evangelicarum
1386 1321 1591 1402 servanda
1611 1319 1784 1402 mirifice
1806 1321 2162 1431 promeritusest
2203 1318 2310 1403 Sine

202 1559 208 1571 ·
307 1488 428 1541 mora
457 1469 502 1540 et
532 1459 732 1542 audacter
762 1487 1000 1570 aggressus
1025 1471 1093 1540 est
1121 1459 1185 1541 vir
1216 1488 1406 1540 summus
1438 1487 1544 1569 opus
1575 1457 1684 1538 illud
1713 1455 1995 1567 longinquum
2025 1470 2070 1540 et
2100 1457 2315 1569 periculo-'

309 1625 417 1701 sum,
451 1625 535 1677 non
570 1595 709 1677 minus
732 1596 902 1679 cordate
933 1596 1078 1678 statim
1103 1597 1156 1678 ab
1184 1595 1304 1677 initio
1330 1595 1500 1676 adiutus
1527 1625 1553 1676 a
1580 1593 1820 1704 bibliopolis
1847 1605 1896 1677 et
1922 1595 2204 1707 typographis
2231 1595 2311 1678 ‚ha

270 1840 277 1848 ¹
308 1732 511 1838 lensibus,
543 1733 589 1816 0.
613 1731 668 1815 A.
692 1732 1014 1816 Schwetschlrio
1035 1744 1157 1844 patre
1191 1733 1365 1842 eiusque
1401 1732 1518 1837 filiis,
1550 1731 1634 1814 iam
1664 1743 1790 1812 antea
1818 1731 1871 1813 de
1902 1761 1948 1814 re
1979 1732 2177 1815 literaria
2197 1732 2311 1815 varie

309 1869 493 1975 meritis,
524 1869 598 1979 qui
628 1900 726 1952 suas
756 1869 801 1952 in
830 1870 910 1953 hoc
939 1870 1096 1954 maiore
1114 1856 1341 1952 'molimine
1371 1880 1515 1980 partes
1547 1867 1714 1950 fortiter
1746 1882 1791 1950 et
1819 1898 2032 1979 generose·
2057 1881 2250 1980 egerrmt
2295 1878 2302 1895 “

444 1996 720 2116 Quanquam
754 2006 975 2090 liutherus
1011 2020 1056 2089 et
1092 2006 1329 2116 Zwinglius
1368 2018 1413 2088 ct
1450 2018 1691 2116 temporum
1729 2006 1874 2089 ordine
1910 2019 1957 2089 et
1992 2035 2137 2089 rerum
2164 2018 2312 2118 gasta-

303 2173 407 2226 ·rum
444 2143 673 2227 autoritate
710 2144 836 2255 primi
874 2144 1057 2228 habendi
1087 2145 1287 2249 fuissent,
1324 2143 1493 2225 initium
1531 2153 1675 2225 tamen
1721 2146 1978 2226 factumest
2019 2146 2072 2226 ab
2113 2143 2311 2256 operibus

311 2279 611 2363 Melanthonis.
673 2281 766 2363 Iam
800 2282 929 2365 'enim'
946 2282 1019 2365 alii
1049 2282 1129 2364 viri
1165 2282 1297 2388 docti,
1337 2281 1531 2391 theologi
1561 2280 1721 2363 scilicet
1750 2281 1895 2393 plures
1927 2280 2219 2391 erlangenses,
2258 2281 2311 2364 de

311 2417 494 2500 liutheri
530 2418 728 2529 operibus
760 2419 935 2502 seorsim
973 2419 1145 2502 edendis
1178 2405 1469 2529 cogitaverant
1500 2447 1633 2527 eaque
1669 2418 1766 2499 inde
1804 2419 1857 2500 ab
1895 2447 2004 2500 anno
2034 2421 2144 2502 1826
2181 2417 2312 2527 longa

312 2555 420 2646 serie
463 2555 726 2638 voluminum
772 2556 953 2640 necdum
997 2558 1194 2640 absoluta
1230 2556 1345 2667 typis
1383 2555 1582 2637 mandare
1627 2556 1893 2667 inceperant·
1949 2554 2312 2664 Zwiuglianorum

311 2704 456 2774 autem
486 2692 739 2803 scriptorum
770 2693 1072 2776 accuratiorem
1102 2694 1251 2777 eodem
1280 2694 1369 2775 fere
1399 2703 1611 2802 tempore,
1651 2723 1686 2775 a.
1717 2695 1827 2774 1829
1859 2704 1905 2774 et
1934 2720 2050 2802 seqq.
2082 2690 2332 2774 editionem·

311 2829 618 2940 procurandam
649 2841 927 2940 susceperunt
962 2830 1173 2913 duumviri
1206 2829 1458 2913 Turicenses
1490 2829 1549 2911 Μ.
1574 2827 1807 2912 Schulerus
1839 2828 1946 2910 etl.
1979 2828 2311 2912 Schulthessius.

312 2964 480 3070 Quibus
516 2964 569 3048 de
608 2968 743 3049 causis
782 2967 1162 3051 Bretschneiderus
1201 2967 1521 3049 Melanthonem
1561 2966 1696 3049 futuri
1734 2966 1932 3078 Corporis
1968 2966 2313 3051 Reformatorum

313 3103 638 3212 antesignanum
669 3135 761 3186 esse
793 3105 946 3211 voluit,
987 3135 1194 3215 suumque
1232 3106 1421 3187 laborem
1453 3135 1479 3186 a
1509 3104 1741 3217 difficiliore
1778 3113 1899 3214 parte
1931 3103 2190 3215 auspicatus,
2222 3103 2312 3214 epi-

312 3239 444 3322 stolas
482 3240 642 3322 autoris
672 3241 948 3324 illustrissimi
987 3273 1040 3326 ex
1071 3243 1264 3326 omnibus
1296 3241 1550 3326 Germaniae
1588 3241 1777 3351 adeoque
1809 3241 2009 3351 Europae
2046 3240 2312 3323 bibliothecis
2365 3289 2372 3296 -

224 3403 226 3407 ’
312 3377 567 3487 conquisitas
604 3407 654 3460 ea
685 3408 769 3488 qua
798 3379 990 3491 pollebat
1019 3380 1254 3462 eruditione
1281 3391 1326 3461 et
1348 3377 1571 3488 diligentia
1596 3378 1777 3487 digessit
1797 3389 1842 3460 et
1863 3377 2006 3461 edidit
2050 3378 2140 3489 Ipsi
2169 3391 2315 3460 tamen

312 3513 556 3596 inchoatum
593 3513 782 3598 laborem
812 3519 904 3627 [non
940 3516 1055 3599 ultra
1092 3516 1291 3598 volumen
1322 3516 1531 3598 decimum
1561 3516 1758 3625 quintum
1787 3515 2018 3625 perducere
2049 3514 2179 3597 licuit
2227 3514 2313 3598 Fa-

272 3746 290 3767 ‘
312 3651 368 3732 tis
400 3651 511 3733 enim
544 3653 749 3735 concessit
779 3665 877 3736 ante
908 3655 987 3736 hos
1018 3655 1106 3735 fere
1139 3653 1376 3763 quindecim
1407 3682 1537 3736 annos
1568 3664 1614 3735 et
1643 3651 1840 3763 lampada
1870 3651 2047 3734 tradidit
2075 3651 2165 3732 viro
2190 3681 2315 3763 prae-

314 3787 572 3871 stantissimo
616 3790 673 3871 H.
715 3790 767 3872 E.
815 3775 1066 3898 Bindseili03
1113 3820 1213 3873 mox
1258 3802 1304 3873 et
1350 3788 1770 3901 Schwetschkiorum
1812 3789 1924 3872 vices
1972 3787 2025 3870 ad
2064 3788 2315 3872 Mauritium

258 3986 265 4001 .
314 3923 555 4006 Bruhnium
591 3926 757 4009 delatae
795 3946 914 4035 sunt,
956 3930 1029 4040 qui
1048 3929 1201 4012 *nobile
1239 3927 1435 4011 librariae
1473 3932 1626 4011 nomen
1663 3926 1790 4008 Halis
1827 3926 1999 4037 quidem
2028 3924 2315 4034 Brunsvigam

315 4060 556 4167 transtrdit,
597 4062 671 4143 sed
708 4077 898 4147 veterem
936 4066 1091 4147 tamam
1131 4077 1176 4148 et
1198 4048 1384 4146 'laudem
1418 4065 1589 4174 propria
1607 4063 1816 4146 industria
1839 4063 2032 4146 servavit
2077 4060 2164 4166 Qui
2187 4055 2312 4173 egre4

310 4197 433 4307 giam
466 4227 586 4279 suam
618 4198 785 4311 incepto
819 4203 1103 4312 promovendo
1129 4211 1332 4284 navantes
1358 4231 1549 4313 operam,
1584 4201 1743 4284 viribus
1770 4201 1899 4285 unitis
1925 4213 2199 4285 monumento
2224 4231 2314 4283 me-

314 4333 587 4418 lanthoniano
621 4364 816 4420 coronam
852 4337 1110 4449 imposuere,
1146 4367 1196 4421 eo
1228 4338 1321 4448 ipso
1355 4368 1463 4421 anno
1498 4368 1583 4449 quo
1615 4338 1845 4422 Germania
1878 4337 2122 4448 evangelica
2154 4366 2315 4422 momo-

315 4471 421 4552 riam
446 4471 526 4553 viri
552 4471 801 4564 immortalis
828 4478 895 4558 ter
929 4475 1189 4559 saeordarem
1215 4476 1463 4582 celebravit,
1498 4475 1575 4588 pie·
1594 4476 1782 4559 recolens
1814 4475 1926 4558 diem
1951 4475 2043 4557 eius
2070 4504 2316 4586 supremum

312 4634 400 4716 quo
432 4608 506 4691 ille
541 4611 784 4694 concordiae
820 4624 864 4694 et
895 4612 1010 4724 pacis
1045 4612 1320 4695 stabiliendae
1354 4625 1517 4723 martyr
1549 4643 1603 4695 ex
1635 4613 1720 4694 odii
1752 4610 1984 4721 theologici
2007 4611 2316 4696 discriminibus

320 4755 364 4824 et
396 4746 594 4829 ecclesiae
626 4748 848 4832 militantis
882 4749 1061 4833 miseriis
1096 4749 1150 4831 ad
1184 4750 1485 4860 triumphantis
1519 4762 1564 4833 et
1599 4762 1772 4861 pacatae
1806 4747 1989 4858 gloriam
2019 4748 2231 4860 migravit.

470 4881 540 4964 En
566 4884 657 4990 tibi,
685 4885 859 4969 candide
886 4887 1034 4993 lector,
1060 4898 1257 4997 prostant
1282 4886 1570 4970 Melanthonis
1605 4915 1734 4999 opera
1758 4883 1912 4994 viginti
1939 4897 1984 4968 et
2015 4899 2111 4970 octo
2137 4887 2317 4970 volumi-

316 5001 440 5099 nibus
467 5019 686 5129 splendide
720 5022 969 5133 eruditeque
997 5023 1208 5106 absoluta:
1241 5035 1562 5107 monumentum
1588 5053 1683 5107 aere
1710 5022 1942 5131 'perennius
1974 5023 2186 5132 altiusque
2213 5052 2319 5132 qua-

316 5153 380 5235 vis
414 5154 701 5266 decempedali
737 5171 880 5243 statua
913 5190 1042 5271 quam
1080 5160 1204 5244 tarda
1242 5173 1446 5272 nepotum
1481 5160 1701 5273 gratitudo
1735 5157 1824 5242 viro
1865 5159 2084 5242 omnifaria
2129 5159 2320 5242 doctrina
