<?xml version="1.0" encoding="UTF-8"?>
<!DOCTYPE html PUBLIC "-//W3C//DTD XHTML 1.0 Transitional//EN"
    "http://www.w3.org/TR/xhtml1/DTD/xhtml1-transitional.dtd">
<html xmlns="http://www.w3.org/1999/xhtml" xml:lang="en" lang="en">
 <head>
  <title>
</title>
<meta http-equiv="Content-Type" content="text/html;charset=utf-8" />
  <meta name='ocr-system' content='tesseract 3.04.00' />
  <meta name='ocr-capabilities' content='ocr_page ocr_carea ocr_par ocr_line ocrx_word'/>
</head>
<body>
  <div class='ocr_page' id='page_1' title='image "./ioanniscalvinio05calvgoog_0233.png"; bbox 0 0 4770 6030; ppageno 0'>
   <div class='ocr_carea' id='block_1_1' title="bbox 215 322 2217 438">
    <p class='ocr_par' dir='ltr' id='par_1_1' title="bbox 215 322 2217 438">
     <span class='ocr_line' id='line_1_1' title="bbox 215 322 2217 438; baseline -0.002 -26"><span class='ocrx_word' id='word_1_1' title='bbox 215 350 275 413; x_wconf 82' lang='grc'><strong>661</strong></span> <span class='ocrx_word' id='word_1_2' title='bbox 473 430 476 438; x_wconf 89' lang='lat'><em>.</em></span> <span class='ocrx_word' id='word_1_3' title='bbox 681 394 685 409; x_wconf 75' lang='grc'><strong>.</strong></span> <span class='ocrx_word' id='word_1_4' title='bbox 787 335 1643 412; x_wconf 73' lang='grc'><strong>61616666666666161.666-1614.</strong></span> <span class='ocrx_word' id='word_1_5' title='bbox 1738 322 1754 346; x_wconf 70' lang='lat'><em>⁹</em></span> <span class='ocrx_word' id='word_1_6' title='bbox 1904 342 1908 349; x_wconf 83' lang='lat'>·</span> <span class='ocrx_word' id='word_1_7' title='bbox 2155 347 2217 407; x_wconf 85' lang='lat'><strong>332</strong></span> 
     </span>
    </p>
   </div>
   <div class='ocr_carea' id='block_1_2' title="bbox 140 443 2277 2076">
    <p class='ocr_par' dir='ltr' id='par_1_2' title="bbox 140 443 2277 2076">
     <span class='ocr_line' id='line_1_2' title="bbox 594 454 2218 525; baseline -0.001 -14"><span class='ocrx_word' id='word_1_8' title='bbox 594 486 600 493; x_wconf 95' lang='lat'>-</span> <span class='ocrx_word' id='word_1_9' title='bbox 1918 454 2218 525; x_wconf 72' lang='lat' dir='ltr'><strong>A33313313031.</strong></span> 
     </span>
     <span class='ocr_line' id='line_1_3' title="bbox 213 443 2218 619; baseline -0.003 -16"><span class='ocrx_word' id='word_1_10' title='bbox 213 559 284 603; x_wconf 90' lang='lat' dir='ltr'><strong>esse</strong></span> <span class='ocrx_word' id='word_1_11' title='bbox 305 538 376 601; x_wconf 87' lang='lat' dir='ltr'><strong>vice</strong></span> <span class='ocrx_word' id='word_1_12' title='bbox 398 535 488 619; x_wconf 89' lang='lat' dir='ltr'><strong>legis,</strong></span> <span class='ocrx_word' id='word_1_13' title='bbox 512 533 647 616; x_wconf 91' lang='lat' dir='ltr'><strong>ideoque</strong></span> <span class='ocrx_word' id='word_1_14' title='bbox 669 532 711 598; x_wconf 92' lang='lat' dir='ltr'><strong>ad</strong></span> <span class='ocrx_word' id='word_1_15' title='bbox 732 535 853 598; x_wconf 89' lang='lat' dir='ltr'><strong>iustam</strong></span> <span class='ocrx_word' id='word_1_16' title='bbox 874 554 988 597; x_wconf 89' lang='lat' dir='ltr'><strong>earum</strong></span> <span class='ocrx_word' id='word_1_17' title='bbox 1008 532 1189 597; x_wconf 89' lang='lat' dir='ltr'><strong>damnatio-</strong></span> <span class='ocrx_word' id='word_1_18' title='bbox 1214 544 1217 572; x_wconf 77' lang='grc'><em>’</em></span> <span class='ocrx_word' id='word_1_19' title='bbox 1243 532 1322 595; x_wconf 89' lang='lat' dir='ltr'><strong>satis</strong></span> <span class='ocrx_word' id='word_1_20' title='bbox 1350 550 1511 612; x_wconf 78' lang='lat' dir='ltr'><strong>superque</strong></span> <span class='ocrx_word' id='word_1_21' title='bbox 1533 538 1583 594; x_wconf 90' lang='lat' dir='ltr'><strong>est</strong></span> <span class='ocrx_word' id='word_1_22' title='bbox 1610 537 1746 596; x_wconf 86' lang='lat' dir='ltr'><strong>catenus</strong></span> <span class='ocrx_word' id='word_1_23' title='bbox 1773 443 1970 615; x_wconf 66' lang='lat' dir='ltr'><strong>intelligbre,</strong></span> <span class='ocrx_word' id='word_1_24' title='bbox 1995 554 2038 596; x_wconf 93' lang='lat' dir='ltr'><strong>ne</strong></span> <span class='ocrx_word' id='word_1_25' title='bbox 2059 534 2218 616; x_wconf 84' lang='lat' dir='ltr'><strong>tergiver-</strong></span> 
     </span>
     <span class='ocr_line' id='line_1_4' title="bbox 213 617 2217 703; baseline -0.003 -15"><span class='ocrx_word' id='word_1_26' title='bbox 213 645 290 688; x_wconf 93' lang='lat' dir='ltr'><strong>nem</strong></span> <span class='ocrx_word' id='word_1_27' title='bbox 316 622 473 687; x_wconf 84' lang='lat' dir='ltr'><strong>sufficere.</strong></span> <span class='ocrx_word' id='word_1_28' title='bbox 525 620 620 685; x_wconf 80' lang='lat' dir='ltr'><strong>llinis</strong></span> <span class='ocrx_word' id='word_1_29' title='bbox 649 641 726 703; x_wconf 89' lang='lat' dir='ltr'><strong>ergo</strong></span> <span class='ocrx_word' id='word_1_30' title='bbox 760 619 841 702; x_wconf 85' lang='lat' dir='ltr'><strong>legis</strong></span> <span class='ocrx_word' id='word_1_31' title='bbox 868 618 1028 684; x_wconf 79' lang='lat' dir='ltr'><strong>natrrolis</strong></span> <span class='ocrx_word' id='word_1_32' title='bbox 1055 625 1119 696; x_wconf 93' lang='lat' dir='ltr'><strong>est,</strong></span> <span class='ocrx_word' id='word_1_33' title='bbox 1152 625 1190 682; x_wconf 91' lang='lat' dir='ltr'><strong>ut</strong></span> <span class='ocrx_word' id='word_1_34' title='bbox 1242 617 1308 681; x_wconf 88' lang='lat' dir='ltr'><strong>sari</strong></span> <span class='ocrx_word' id='word_1_35' title='bbox 1341 623 1478 698; x_wconf 81' lang='lat' dir='ltr'><strong>queant,</strong></span> <span class='ocrx_word' id='word_1_36' title='bbox 1512 617 1592 698; x_wconf 94' lang='lat' dir='ltr'><strong>quin</strong></span> <span class='ocrx_word' id='word_1_37' title='bbox 1625 623 1707 681; x_wconf 90' lang='lat' dir='ltr'><strong>teste</strong></span> <span class='ocrx_word' id='word_1_38' title='bbox 1741 619 1940 682; x_wconf 88' lang='lat' dir='ltr'><strong>conscientia</strong></span> <span class='ocrx_word' id='word_1_39' title='bbox 1971 618 2217 684; x_wconf 74' lang='lat' dir='ltr'>convincantur.</span> 
     </span>
     <span class='ocr_line' id='line_1_5' title="bbox 212 700 2219 786; baseline -0.002 -13"><span class='ocrx_word' id='word_1_40' title='bbox 212 706 368 774; x_wconf 75' lang='lat' dir='ltr'><strong>reddatur</strong></span> <span class='ocrx_word' id='word_1_41' title='bbox 394 706 492 771; x_wconf 90' lang='lat' dir='ltr'><strong>homo</strong></span> <span class='ocrx_word' id='word_1_42' title='bbox 521 704 761 771; x_wconf 78' lang='lat' dir='ltr'><strong>inexcusabilis.</strong></span> <span class='ocrx_word' id='word_1_43' title='bbox 806 705 876 770; x_wconf 90' lang='lat' dir='ltr'><strong>Nee</strong></span> <span class='ocrx_word' id='word_1_44' title='bbox 903 704 989 769; x_wconf 89' lang='lat' dir='ltr'><strong>male</strong></span> <span class='ocrx_word' id='word_1_45' title='bbox 1009 704 1072 769; x_wconf 90' lang='lat' dir='ltr'><strong>hcc</strong></span> <span class='ocrx_word' id='word_1_46' title='bbox 1093 703 1190 768; x_wconf 90' lang='lat' dir='ltr'><strong>medo</strong></span> <span class='ocrx_word' id='word_1_47' title='bbox 1242 700 1324 786; x_wconf 76' lang='lat' dir='ltr'><strong>Et1)</strong></span> <span class='ocrx_word' id='word_1_48' title='bbox 1352 703 1381 766; x_wconf 89' lang='lat' dir='ltr'><strong>si</strong></span> <span class='ocrx_word' id='word_1_49' title='bbox 1407 703 1568 766; x_wconf 91' lang='lat' dir='ltr'><strong>rationem</strong></span> <span class='ocrx_word' id='word_1_50' title='bbox 1595 709 1743 768; x_wconf 88' lang='lat' dir='ltr'><strong>nestram</strong></span> <span class='ocrx_word' id='word_1_51' title='bbox 1770 703 1921 769; x_wconf 85' lang='lat' dir='ltr'><strong>volumus</strong></span> <span class='ocrx_word' id='word_1_52' title='bbox 1947 703 1989 767; x_wconf 86' lang='lat' dir='ltr'><strong>ad</strong></span> <span class='ocrx_word' id='word_1_53' title='bbox 2010 705 2145 768; x_wconf 91' lang='lat' dir='ltr'><strong>Domini</strong></span> <span class='ocrx_word' id='word_1_54' title='bbox 2171 705 2219 770; x_wconf 92' lang='lat' dir='ltr'><strong>le-</strong></span> 
     </span>
     <span class='ocr_line' id='line_1_6' title="bbox 213 789 2219 874; baseline -0.002 -15"><span class='ocrx_word' id='word_1_55' title='bbox 213 794 398 859; x_wconf 82' lang='lat' dir='ltr'><strong>definietur:</strong></span> <span class='ocrx_word' id='word_1_56' title='bbox 422 791 508 874; x_wconf 92' lang='lat' dir='ltr'><strong>quod</strong></span> <span class='ocrx_word' id='word_1_57' title='bbox 526 793 568 857; x_wconf 89' lang='lat' dir='ltr'><strong>sit</strong></span> <span class='ocrx_word' id='word_1_58' title='bbox 586 792 801 857; x_wconf 88' lang='lat' dir='ltr'><strong>conscientiae</strong></span> <span class='ocrx_word' id='word_1_59' title='bbox 819 813 942 869; x_wconf 90' lang='lat' dir='ltr'><strong>sensus,</strong></span> <span class='ocrx_word' id='word_1_60' title='bbox 962 791 1048 854; x_wconf 90' lang='lat' dir='ltr'><strong>inter</strong></span> <span class='ocrx_word' id='word_1_61' title='bbox 1067 790 1189 855; x_wconf 89' lang='lat' dir='ltr'><strong>iustum</strong></span> <span class='ocrx_word' id='word_1_62' title='bbox 1243 808 1318 870; x_wconf 85' lang='lat' dir='ltr'><strong>gem</strong></span> <span class='ocrx_word' id='word_1_63' title='bbox 1339 789 1486 871; x_wconf 79' lang='lat' dir='ltr'><strong>exigere,</strong></span> <span class='ocrx_word' id='word_1_64' title='bbox 1515 808 1598 869; x_wconf 89' lang='lat' dir='ltr'><strong>quae</strong></span> <span class='ocrx_word' id='word_1_65' title='bbox 1625 790 1788 870; x_wconf 80' lang='lat' dir='ltr'><strong>perfectae</strong></span> <span class='ocrx_word' id='word_1_66' title='bbox 1808 796 1858 853; x_wconf 90' lang='lat' dir='ltr'><strong>est</strong></span> <span class='ocrx_word' id='word_1_67' title='bbox 1877 790 2020 854; x_wconf 88' lang='lat' dir='ltr'><strong>iustitiae</strong></span> <span class='ocrx_word' id='word_1_68' title='bbox 2042 791 2219 873; x_wconf 86' lang='lat' dir='ltr'><strong>exemplar,</strong></span> 
     </span>
     <span class='ocr_line' id='line_1_7' title="bbox 212 874 2221 956; baseline -0.001 -12"><span class='ocrx_word' id='word_1_69' title='bbox 212 887 245 945; x_wconf 93' lang='lat' dir='ltr'><strong>et</strong></span> <span class='ocrx_word' id='word_1_70' title='bbox 271 880 431 943; x_wconf 84' lang='lat' dir='ltr'><strong>iniustum</strong></span> <span class='ocrx_word' id='word_1_71' title='bbox 458 878 658 943; x_wconf 87' lang='lat' dir='ltr'><strong>sufficienter</strong></span> <span class='ocrx_word' id='word_1_72' title='bbox 686 876 913 954; x_wconf 89' lang='lat' dir='ltr'><strong>discernentis,</strong></span> <span class='ocrx_word' id='word_1_73' title='bbox 942 875 984 940; x_wconf 89' lang='lat' dir='ltr'><strong>ad</strong></span> <span class='ocrx_word' id='word_1_74' title='bbox 1007 874 1190 940; x_wconf 89' lang='lat' dir='ltr'><strong>tollendum</strong></span> <span class='ocrx_word' id='word_1_75' title='bbox 1242 875 1478 956; x_wconf 80' lang='lat' dir='ltr'><strong>comperiemus</strong></span> <span class='ocrx_word' id='word_1_76' title='bbox 1499 895 1599 956; x_wconf 91' lang='lat' dir='ltr'><strong>quam</strong></span> <span class='ocrx_word' id='word_1_77' title='bbox 1620 875 1733 940; x_wconf 89' lang='lat' dir='ltr'><strong>multis</strong></span> <span class='ocrx_word' id='word_1_78' title='bbox 1754 876 1902 956; x_wconf 90' lang='lat' dir='ltr'><strong>partibus</strong></span> <span class='ocrx_word' id='word_1_79' title='bbox 1919 876 2086 940; x_wconf 84' lang='lat' dir='ltr'><strong>caecutiat</strong></span> <span class='ocrx_word' id='word_1_80' title='bbox 2121 875 2221 942; x_wconf 78' lang='lat' dir='ltr'><strong>(lerte</strong></span> 
     </span>
     <span class='ocr_line' id='line_1_8' title="bbox 212 960 2221 1048; baseline -0.001 -18"><span class='ocrx_word' id='word_1_81' title='bbox 212 965 399 1030; x_wconf 89' lang='lat' dir='ltr'><strong>hominibus</strong></span> <span class='ocrx_word' id='word_1_82' title='bbox 427 964 631 1048; x_wconf 87' lang='lat' dir='ltr'><strong>ignorantiae</strong></span> <span class='ocrx_word' id='word_1_83' title='bbox 657 966 880 1046; x_wconf 82' lang='lat' dir='ltr'><strong>praetextum,</strong></span> <span class='ocrx_word' id='word_1_84' title='bbox 911 962 990 1025; x_wconf 92' lang='lat' dir='ltr'><strong>dum</strong></span> <span class='ocrx_word' id='word_1_85' title='bbox 1018 982 1076 1026; x_wconf 91' lang='grc'><strong>666</strong></span> <span class='ocrx_word' id='word_1_86' title='bbox 1104 962 1190 1044; x_wconf 89' lang='grc'><strong>1666-</strong></span> <span class='ocrx_word' id='word_1_87' title='bbox 1242 980 1325 1041; x_wconf 88' lang='lat' dir='ltr'><strong>quae</strong></span> <span class='ocrx_word' id='word_1_88' title='bbox 1347 961 1382 1023; x_wconf 95' lang='lat' dir='ltr'><strong>in</strong></span> <span class='ocrx_word' id='word_1_89' title='bbox 1403 960 1512 1042; x_wconf 90' lang='lat' dir='ltr'><strong>prima</strong></span> <span class='ocrx_word' id='word_1_90' title='bbox 1532 960 1645 1025; x_wconf 82' lang='lat' dir='ltr'><strong>tabula</strong></span> <span class='ocrx_word' id='word_1_91' title='bbox 1664 962 1840 1043; x_wconf 89' lang='lat' dir='ltr'><strong>praecipua</strong></span> <span class='ocrx_word' id='word_1_92' title='bbox 1865 969 1952 1039; x_wconf 90' lang='lat' dir='ltr'><strong>sunt,</strong></span> <span class='ocrx_word' id='word_1_93' title='bbox 1975 962 2110 1027; x_wconf 92' lang='lat' dir='ltr'><strong>minime</strong></span> <span class='ocrx_word' id='word_1_94' title='bbox 2133 984 2221 1028; x_wconf 87' lang='lat' dir='ltr'><strong>asse-</strong></span> 
     </span>
     <span class='ocr_line' id='line_1_9' title="bbox 212 1046 2269 1132; baseline -0.001 -16"><span class='ocrx_word' id='word_1_95' title='bbox 212 1073 288 1116; x_wconf 87' lang='lat' dir='ltr'><strong>rum</strong></span> <span class='ocrx_word' id='word_1_96' title='bbox 309 1051 494 1115; x_wconf 87' lang='lat' dir='ltr'><strong>testimonio</strong></span> <span class='ocrx_word' id='word_1_97' title='bbox 516 1048 768 1132; x_wconf 88' lang='lat' dir='ltr'><strong>redarguuntur.</strong></span> <span class='ocrx_word' id='word_1_98' title='bbox 806 1048 858 1112; x_wconf 88' lang='lat' dir='ltr'><strong>Ea</strong></span> <span class='ocrx_word' id='word_1_99' title='bbox 878 1055 928 1112; x_wconf 90' lang='lat' dir='ltr'><strong>est</strong></span> <span class='ocrx_word' id='word_1_100' title='bbox 948 1048 1090 1112; x_wconf 89' lang='lat' dir='ltr'><strong>hominis</strong></span> <span class='ocrx_word' id='word_1_101' title='bbox 1112 1069 1192 1131; x_wconf 90' lang='lat' dir='ltr'><strong>erga</strong></span> <span class='ocrx_word' id='word_1_102' title='bbox 1242 1046 1353 1126; x_wconf 89' lang='lat' dir='ltr'><strong>quitur</strong></span> <span class='ocrx_word' id='word_1_103' title='bbox 1360 1069 1368 1124; x_wconf 91' lang='grc'><strong>;</strong></span> <span class='ocrx_word' id='word_1_104' title='bbox 1391 1046 1500 1127; x_wconf 91' lang='lat' dir='ltr'><strong>qualia</strong></span> <span class='ocrx_word' id='word_1_105' title='bbox 1522 1053 1600 1110; x_wconf 92' lang='lat' dir='ltr'><strong>sunt</strong></span> <span class='ocrx_word' id='word_1_106' title='bbox 1622 1046 1662 1110; x_wconf 87' lang='grc'><strong>16</strong></span> <span class='ocrx_word' id='word_1_107' title='bbox 1683 1046 1807 1112; x_wconf 90' lang='lat' dir='ltr'><strong>fiducia</strong></span> <span class='ocrx_word' id='word_1_108' title='bbox 1828 1047 1863 1110; x_wconf 92' lang='lat' dir='ltr'><strong>in</strong></span> <span class='ocrx_word' id='word_1_109' title='bbox 1885 1047 2004 1125; x_wconf 89' lang='lat' dir='ltr'><strong>Deum,</strong></span> <span class='ocrx_word' id='word_1_110' title='bbox 2028 1046 2068 1113; x_wconf 92' lang='lat' dir='ltr'><strong>de</strong></span> <span class='ocrx_word' id='word_1_111' title='bbox 2089 1049 2222 1114; x_wconf 87' lang='lat' dir='ltr'><strong>virtutis</strong></span> <span class='ocrx_word' id='word_1_112' title='bbox 2267 1126 2269 1131; x_wconf 23' lang='grc' dir='ltr'>Ι</span> 
     </span>
     <span class='ocr_line' id='line_1_10' title="bbox 212 1131 2221 1220; baseline -0.001 -19"><span class='ocrx_word' id='word_1_113' title='bbox 212 1158 247 1202; x_wconf 88' lang='grc'><strong>66</strong></span> <span class='ocrx_word' id='word_1_114' title='bbox 274 1138 383 1219; x_wconf 90' lang='lat' dir='ltr'><strong>ipsum</strong></span> <span class='ocrx_word' id='word_1_115' title='bbox 409 1135 628 1220; x_wconf 89' lang='lat' dir='ltr'><strong>indulgentia,</strong></span> <span class='ocrx_word' id='word_1_116' title='bbox 657 1142 694 1199; x_wconf 91' lang='grc'><strong>61</strong></span> <span class='ocrx_word' id='word_1_117' title='bbox 722 1136 757 1197; x_wconf 87' lang='grc'><strong>16</strong></span> <span class='ocrx_word' id='word_1_118' title='bbox 779 1135 874 1199; x_wconf 86' lang='lat' dir='ltr'><strong>malis</strong></span> <span class='ocrx_word' id='word_1_119' title='bbox 902 1132 1129 1216; x_wconf 81' lang='lat' dir='ltr'><strong>perpetrandis</strong></span> <span class='ocrx_word' id='word_1_120' title='bbox 1150 1133 1190 1196; x_wconf 92' lang='grc'><strong>11-</strong></span> <span class='ocrx_word' id='word_1_121' title='bbox 1242 1139 1276 1194; x_wconf 93' lang='lat' dir='ltr'><strong>et</strong></span> <span class='ocrx_word' id='word_1_122' title='bbox 1296 1132 1439 1196; x_wconf 90' lang='lat' dir='ltr'><strong>iustitiae</strong></span> <span class='ocrx_word' id='word_1_123' title='bbox 1462 1131 1558 1196; x_wconf 90' lang='lat' dir='ltr'><strong>laude</strong></span> <span class='ocrx_word' id='word_1_124' title='bbox 1579 1132 1628 1196; x_wconf 90' lang='lat' dir='ltr'><strong>illi</strong></span> <span class='ocrx_word' id='word_1_125' title='bbox 1648 1132 1831 1209; x_wconf 87' lang='lat' dir='ltr'><strong>tribuenda,</strong></span> <span class='ocrx_word' id='word_1_126' title='bbox 1855 1133 1895 1197; x_wconf 91' lang='lat' dir='ltr'><strong>de</strong></span> <span class='ocrx_word' id='word_1_127' title='bbox 1917 1134 2060 1198; x_wconf 87' lang='lat' dir='ltr'><strong>neminis</strong></span> <span class='ocrx_word' id='word_1_128' title='bbox 2082 1136 2152 1200; x_wconf 89' lang='lat' dir='ltr'><strong>eius</strong></span> <span class='ocrx_word' id='word_1_129' title='bbox 2169 1137 2221 1199; x_wconf 93' lang='lat' dir='ltr'><strong>in·</strong></span> 
     </span>
     <span class='ocr_line' id='line_1_11' title="bbox 211 1217 2221 1303; baseline -0.001 -16"><span class='ocrx_word' id='word_1_130' title='bbox 211 1223 327 1288; x_wconf 90' lang='lat' dir='ltr'><strong>benter</strong></span> <span class='ocrx_word' id='word_1_131' title='bbox 346 1228 491 1286; x_wconf 88' lang='lat' dir='ltr'><strong>mentem</strong></span> <span class='ocrx_word' id='word_1_132' title='bbox 513 1244 533 1286; x_wconf 91' lang='lat' dir='ltr'><strong>a</strong></span> <span class='ocrx_word' id='word_1_133' title='bbox 554 1222 678 1303; x_wconf 89' lang='lat' dir='ltr'><strong>peccati</strong></span> <span class='ocrx_word' id='word_1_134' title='bbox 700 1241 807 1296; x_wconf 91' lang='lat' dir='ltr'><strong>sensu,</strong></span> <span class='ocrx_word' id='word_1_135' title='bbox 831 1219 937 1301; x_wconf 90' lang='lat' dir='ltr'><strong>quoad</strong></span> <span class='ocrx_word' id='word_1_136' title='bbox 957 1220 1050 1297; x_wconf 89' lang='lat' dir='ltr'><strong>licet,</strong></span> <span class='ocrx_word' id='word_1_137' title='bbox 1063 1240 1192 1302; x_wconf 88' lang='lat' dir='ltr'><strong>semper</strong></span> <span class='ocrx_word' id='word_1_138' title='bbox 1242 1219 1427 1295; x_wconf 89' lang='lat' dir='ltr'><strong>vocatione,</strong></span> <span class='ocrx_word' id='word_1_139' title='bbox 1451 1217 1492 1282; x_wconf 91' lang='lat' dir='ltr'><strong>de</strong></span> <span class='ocrx_word' id='word_1_140' title='bbox 1513 1239 1592 1282; x_wconf 85' lang='lat' dir='ltr'><strong>vero</strong></span> <span class='ocrx_word' id='word_1_141' title='bbox 1613 1219 1818 1284; x_wconf 84' lang='lat' dir='ltr'><strong>sabbatismo.</strong></span> <span class='ocrx_word' id='word_1_142' title='bbox 1869 1217 1964 1299; x_wconf 77' lang='lat' dir='ltr'><strong>Quae</strong></span> <span class='ocrx_word' id='word_1_143' title='bbox 1985 1241 2132 1302; x_wconf 89' lang='lat' dir='ltr'><strong>unquam</strong></span> <span class='ocrx_word' id='word_1_144' title='bbox 2150 1223 2221 1285; x_wconf 89' lang='lat' dir='ltr'><strong>ani·</strong></span> 
     </span>
     <span class='ocr_line' id='line_1_12' title="bbox 212 1303 2222 1389; baseline -0.001 -15"><span class='ocrx_word' id='word_1_145' title='bbox 212 1315 347 1374; x_wconf 86' lang='lat' dir='ltr'><strong>avertat.</strong></span> <span class='ocrx_word' id='word_1_146' title='bbox 377 1307 453 1388; x_wconf 76' lang='lat' dir='ltr'><strong>Qua</strong></span> <span class='ocrx_word' id='word_1_147' title='bbox 470 1309 595 1372; x_wconf 89' lang='lat' dir='ltr'><strong>ratione</strong></span> <span class='ocrx_word' id='word_1_148' title='bbox 613 1306 744 1371; x_wconf 86' lang='lat' dir='ltr'><strong>videtur</strong></span> <span class='ocrx_word' id='word_1_149' title='bbox 760 1305 920 1388; x_wconf 89' lang='lat' dir='ltr'><strong>impulsus</strong></span> <span class='ocrx_word' id='word_1_150' title='bbox 935 1306 1035 1370; x_wconf 82' lang='lat' dir='ltr'><strong>fuisse</strong></span> <span class='ocrx_word' id='word_1_151' title='bbox 1045 1305 1150 1385; x_wconf 86' lang='lat' dir='ltr'><strong>Plato,</strong></span> <span class='ocrx_word' id='word_1_152' title='bbox 1166 1304 1190 1389; x_wconf 85' lang='grc' dir='ltr'><strong>ι)</strong></span> <span class='ocrx_word' id='word_1_153' title='bbox 1243 1323 1312 1381; x_wconf 90' lang='lat' dir='ltr'><strong>ma,</strong></span> <span class='ocrx_word' id='word_1_154' title='bbox 1342 1303 1486 1367; x_wconf 88' lang='lat' dir='ltr'><strong>naturali</strong></span> <span class='ocrx_word' id='word_1_155' title='bbox 1516 1325 1615 1369; x_wconf 88' lang='lat' dir='ltr'><strong>sensu</strong></span> <span class='ocrx_word' id='word_1_156' title='bbox 1641 1305 1739 1383; x_wconf 86' lang='lat' dir='ltr'><strong>freta,</strong></span> <span class='ocrx_word' id='word_1_157' title='bbox 1771 1304 1967 1369; x_wconf 88' lang='lat' dir='ltr'><strong>subodorata</strong></span> <span class='ocrx_word' id='word_1_158' title='bbox 1986 1313 2036 1370; x_wconf 91' lang='lat' dir='ltr'><strong>est</strong></span> <span class='ocrx_word' id='word_1_159' title='bbox 2057 1307 2093 1369; x_wconf 92' lang='lat' dir='ltr'><strong>in</strong></span> <span class='ocrx_word' id='word_1_160' title='bbox 2115 1306 2222 1371; x_wconf 90' lang='lat' dir='ltr'><strong>biset</strong></span> 
     </span>
     <span class='ocr_line' id='line_1_13' title="bbox 212 1388 2222 1475; baseline -0.001 -16"><span class='ocrx_word' id='word_1_161' title='bbox 212 1402 250 1459; x_wconf 93' lang='lat' dir='ltr'><strong>ut</strong></span> <span class='ocrx_word' id='word_1_162' title='bbox 271 1395 473 1472; x_wconf 78' lang='lat' dir='ltr'><strong>existimaret</strong></span> <span class='ocrx_word' id='word_1_163' title='bbox 496 1415 562 1457; x_wconf 94' lang='lat' dir='ltr'><strong>non</strong></span> <span class='ocrx_word' id='word_1_164' title='bbox 584 1393 712 1475; x_wconf 89' lang='lat' dir='ltr'><strong>peccari</strong></span> <span class='ocrx_word' id='word_1_165' title='bbox 733 1393 797 1457; x_wconf 90' lang='lat' dir='ltr'><strong>nisi</strong></span> <span class='ocrx_word' id='word_1_166' title='bbox 818 1392 1012 1474; x_wconf 89' lang='lat' dir='ltr'><strong>ignorantia.</strong></span> <span class='ocrx_word' id='word_1_167' title='bbox 1057 1390 1098 1454; x_wconf 96' lang='lat' dir='ltr'><strong>Id</strong></span> <span class='ocrx_word' id='word_1_168' title='bbox 1119 1391 1190 1473; x_wconf 93' lang='lat' dir='ltr'><strong>qui·</strong></span> <span class='ocrx_word' id='word_1_169' title='bbox 1235 1388 1403 1460; x_wconf 62' lang='grc'><strong>,6161111166</strong></span> <span class='ocrx_word' id='word_1_170' title='bbox 1421 1391 1566 1471; x_wconf 85' lang='grc'><strong>66611661</strong></span> <span class='ocrx_word' id='word_1_171' title='bbox 1581 1411 1651 1454; x_wconf 88' lang='grc'><strong>6666</strong></span> <span class='ocrx_word' id='word_1_172' title='bbox 1668 1390 1851 1474; x_wconf 90' lang='lat' dir='ltr'><strong>legitimum</strong></span> <span class='ocrx_word' id='word_1_173' title='bbox 1869 1391 1932 1455; x_wconf 91' lang='lat' dir='ltr'><strong>Dei</strong></span> <span class='ocrx_word' id='word_1_174' title='bbox 1950 1390 2099 1457; x_wconf 82' lang='lat' dir='ltr'><strong>cultum?</strong></span> <span class='ocrx_word' id='word_1_175' title='bbox 2134 1392 2222 1457; x_wconf 90' lang='lat' dir='ltr'><strong>Nam</strong></span> 
     </span>
     <span class='ocr_line' id='line_1_14' title="bbox 214 1475 2221 1561; baseline -0 -17"><span class='ocrx_word' id='word_1_176' title='bbox 214 1476 1194 1561; x_wconf 71' lang='grc'><strong>16616166666166166161116166116161,6116666616·</strong></span> <span class='ocrx_word' id='word_1_177' title='bbox 1242 1495 1344 1556; x_wconf 90' lang='lat' dir='ltr'><strong>quum</strong></span> <span class='ocrx_word' id='word_1_178' title='bbox 1372 1475 1489 1539; x_wconf 82' lang='lat' dir='ltr'><strong>volunt</strong></span> <span class='ocrx_word' id='word_1_179' title='bbox 1517 1476 1619 1558; x_wconf 91' lang='lat' dir='ltr'><strong>iniqui</strong></span> <span class='ocrx_word' id='word_1_180' title='bbox 1639 1478 1750 1542; x_wconf 90' lang='lat' dir='ltr'><strong>Deum</strong></span> <span class='ocrx_word' id='word_1_181' title='bbox 1778 1476 1898 1552; x_wconf 90' lang='lat' dir='ltr'><strong>colere,</strong></span> <span class='ocrx_word' id='word_1_182' title='bbox 1927 1478 2026 1540; x_wconf 90' lang='lat' dir='ltr'><strong>etiam</strong></span> <span class='ocrx_word' id='word_1_183' title='bbox 2048 1478 2077 1541; x_wconf 90' lang='lat' dir='ltr'><strong>si</strong></span> <span class='ocrx_word' id='word_1_184' title='bbox 2099 1480 2221 1544; x_wconf 83' lang='lat' dir='ltr'><strong>centies</strong></span> 
     </span>
     <span class='ocr_line' id='line_1_15' title="bbox 213 1562 2221 1648; baseline -0.002 -17"><span class='ocrx_word' id='word_1_185' title='bbox 213 1567 348 1648; x_wconf 88' lang='lat' dir='ltr'><strong>pocrisis</strong></span> <span class='ocrx_word' id='word_1_186' title='bbox 368 1572 498 1630; x_wconf 85' lang='lat' dir='ltr'><strong>tantum</strong></span> <span class='ocrx_word' id='word_1_187' title='bbox 515 1566 550 1628; x_wconf 95' lang='lat' dir='ltr'><strong>in</strong></span> <span class='ocrx_word' id='word_1_188' title='bbox 568 1563 716 1647; x_wconf 89' lang='lat' dir='ltr'><strong>tegendis</strong></span> <span class='ocrx_word' id='word_1_189' title='bbox 734 1564 823 1629; x_wconf 87' lang='lat' dir='ltr'><strong>vitiis</strong></span> <span class='ocrx_word' id='word_1_190' title='bbox 840 1564 1020 1645; x_wconf 88' lang='lat' dir='ltr'><strong>preficeret,</strong></span> <span class='ocrx_word' id='word_1_191' title='bbox 1044 1570 1081 1626; x_wconf 90' lang='lat' dir='ltr'><strong>ut</strong></span> <span class='ocrx_word' id='word_1_192' title='bbox 1097 1584 1190 1627; x_wconf 92' lang='lat' dir='ltr'><strong>mens</strong></span> <span class='ocrx_word' id='word_1_193' title='bbox 1242 1569 1437 1624; x_wconf 87' lang='lat' dir='ltr'><strong>revocentur</strong></span> <span class='ocrx_word' id='word_1_194' title='bbox 1464 1562 1504 1626; x_wconf 91' lang='lat' dir='ltr'><strong>ab</strong></span> <span class='ocrx_word' id='word_1_195' title='bbox 1533 1563 1686 1627; x_wconf 88' lang='lat' dir='ltr'><strong>inanibus</strong></span> <span class='ocrx_word' id='word_1_196' title='bbox 1716 1563 1784 1627; x_wconf 92' lang='lat' dir='ltr'><strong>suis</strong></span> <span class='ocrx_word' id='word_1_197' title='bbox 1812 1563 1925 1646; x_wconf 89' lang='lat' dir='ltr'><strong>nugis,</strong></span> <span class='ocrx_word' id='word_1_198' title='bbox 1954 1583 2084 1644; x_wconf 89' lang='lat' dir='ltr'><strong>semper</strong></span> <span class='ocrx_word' id='word_1_199' title='bbox 2110 1570 2221 1629; x_wconf 86' lang='lat' dir='ltr'><strong>tamen</strong></span> 
     </span>
     <span class='ocr_line' id='line_1_16' title="bbox 212 1645 2221 1731; baseline 0 -16"><span class='ocrx_word' id='word_1_200' title='bbox 212 1673 278 1716; x_wconf 92' lang='lat' dir='ltr'><strong>non</strong></span> <span class='ocrx_word' id='word_1_201' title='bbox 301 1652 361 1717; x_wconf 91' lang='lat' dir='ltr'><strong>sibi</strong></span> <span class='ocrx_word' id='word_1_202' title='bbox 383 1651 469 1716; x_wconf 92' lang='lat' dir='ltr'><strong>male</strong></span> <span class='ocrx_word' id='word_1_203' title='bbox 490 1652 619 1716; x_wconf 89' lang='grc'><strong>6666616</strong></span> <span class='ocrx_word' id='word_1_204' title='bbox 641 1656 727 1714; x_wconf 88' lang='grc'><strong>66661</strong></span> <span class='ocrx_word' id='word_1_205' title='bbox 748 1671 858 1715; x_wconf 89' lang='lat' dir='ltr'><strong>ceram</strong></span> <span class='ocrx_word' id='word_1_206' title='bbox 878 1649 959 1714; x_wconf 91' lang='lat' dir='ltr'><strong>Dee.</strong></span> <span class='ocrx_word' id='word_1_207' title='bbox 1000 1646 1069 1714; x_wconf 83' lang='lat' dir='ltr'><strong>Sed</strong></span> <span class='ocrx_word' id='word_1_208' title='bbox 1090 1670 1191 1731; x_wconf 91' lang='lat' dir='ltr'><strong>quum</strong></span> <span class='ocrx_word' id='word_1_209' title='bbox 1243 1645 1321 1711; x_wconf 92' lang='lat' dir='ltr'><strong>illue</strong></span> <span class='ocrx_word' id='word_1_210' title='bbox 1339 1646 1544 1725; x_wconf 89' lang='lat' dir='ltr'><strong>relabuntur;</strong></span> <span class='ocrx_word' id='word_1_211' title='bbox 1566 1648 1653 1713; x_wconf 90' lang='lat' dir='ltr'><strong>hunc</strong></span> <span class='ocrx_word' id='word_1_212' title='bbox 1671 1648 1874 1730; x_wconf 89' lang='lat' dir='ltr'><strong>spiritualem</strong></span> <span class='ocrx_word' id='word_1_213' title='bbox 1891 1649 2017 1713; x_wconf 89' lang='lat' dir='ltr'><strong>cultum</strong></span> <span class='ocrx_word' id='word_1_214' title='bbox 2034 1671 2138 1714; x_wconf 91' lang='lat' dir='ltr'><strong>unum</strong></span> <span class='ocrx_word' id='word_1_215' title='bbox 2150 1671 2221 1715; x_wconf 89' lang='lat' dir='ltr'><strong>esse</strong></span> 
     </span>
     <span class='ocr_line' id='line_1_17' title="bbox 157 1732 2219 1821; baseline -0.001 -19"><span class='ocrx_word' id='word_1_216' title='bbox 157 1776 161 1789; x_wconf 85' lang='lat'>·</span> <span class='ocrx_word' id='word_1_217' title='bbox 212 1738 452 1821; x_wconf 77' lang='lat' dir='ltr'><strong>subterfugiens</strong></span> <span class='ocrx_word' id='word_1_218' title='bbox 478 1743 628 1818; x_wconf 89' lang='lat' dir='ltr'><strong>peccator</strong></span> <span class='ocrx_word' id='word_1_219' title='bbox 649 1738 845 1818; x_wconf 76' lang='lat' dir='ltr'><strong>impressum</strong></span> <span class='ocrx_word' id='word_1_220' title='bbox 872 1735 932 1799; x_wconf 89' lang='lat' dir='ltr'><strong>sibi</strong></span> <span class='ocrx_word' id='word_1_221' title='bbox 960 1735 1034 1799; x_wconf 91' lang='lat' dir='ltr'><strong>honi</strong></span> <span class='ocrx_word' id='word_1_222' title='bbox 1058 1740 1091 1798; x_wconf 91' lang='lat' dir='ltr'><strong>et</strong></span> <span class='ocrx_word' id='word_1_223' title='bbox 1113 1735 1190 1798; x_wconf 91' lang='lat' dir='ltr'><strong>mali</strong></span> <span class='ocrx_word' id='word_1_224' title='bbox 1244 1733 1299 1813; x_wconf 93' lang='lat' dir='ltr'><strong>qui</strong></span> <span class='ocrx_word' id='word_1_225' title='bbox 1329 1732 1402 1796; x_wconf 92' lang='lat' dir='ltr'><strong>Deo</strong></span> <span class='ocrx_word' id='word_1_226' title='bbox 1428 1732 1569 1814; x_wconf 87' lang='lat' dir='ltr'><strong>placeat,</strong></span> <span class='ocrx_word' id='word_1_227' title='bbox 1602 1734 1792 1816; x_wconf 85' lang='lat' dir='ltr'><strong>persuaderi</strong></span> <span class='ocrx_word' id='word_1_228' title='bbox 1822 1733 1915 1799; x_wconf 91' lang='lat' dir='ltr'><strong>nullo</strong></span> <span class='ocrx_word' id='word_1_229' title='bbox 1947 1733 2043 1799; x_wconf 89' lang='lat' dir='ltr'><strong>medo</strong></span> <span class='ocrx_word' id='word_1_230' title='bbox 2073 1744 2219 1817; x_wconf 86' lang='lat' dir='ltr'><strong>possunt</strong></span> 
     </span>
     <span class='ocr_line' id='line_1_18' title="bbox 140 1818 2277 1904; baseline -0 -17"><span class='ocrx_word' id='word_1_231' title='bbox 140 1856 143 1861; x_wconf 93' lang='lat'><em>·</em></span> <span class='ocrx_word' id='word_1_232' title='bbox 214 1822 386 1899; x_wconf 88' lang='lat' dir='ltr'><strong>iudicium,</strong></span> <span class='ocrx_word' id='word_1_233' title='bbox 410 1823 488 1886; x_wconf 91' lang='lat' dir='ltr'><strong>illue</strong></span> <span class='ocrx_word' id='word_1_234' title='bbox 510 1822 688 1886; x_wconf 90' lang='lat' dir='ltr'><strong>identidem</strong></span> <span class='ocrx_word' id='word_1_235' title='bbox 710 1822 911 1898; x_wconf 86' lang='lat' dir='ltr'><strong>retrahatur,</strong></span> <span class='ocrx_word' id='word_1_236' title='bbox 935 1842 995 1885; x_wconf 90' lang='lat' dir='ltr'><strong>nee</strong></span> <span class='ocrx_word' id='word_1_237' title='bbox 1018 1821 1191 1885; x_wconf 78' lang='lat' dir='ltr'><strong>connivere</strong></span> <span class='ocrx_word' id='word_1_238' title='bbox 1243 1818 1405 1883; x_wconf 88' lang='lat' dir='ltr'><strong>Dieamne</strong></span> <span class='ocrx_word' id='word_1_239' title='bbox 1432 1826 1598 1901; x_wconf 88' lang='lat' dir='ltr'><strong>praestare</strong></span> <span class='ocrx_word' id='word_1_240' title='bbox 1624 1820 1693 1889; x_wconf 89' lang='lat' dir='ltr'><strong>ulla</strong></span> <span class='ocrx_word' id='word_1_241' title='bbox 1725 1821 1924 1903; x_wconf 86' lang='lat' dir='ltr'><strong>perspicacia</strong></span> <span class='ocrx_word' id='word_1_242' title='bbox 1949 1828 2107 1899; x_wconf 86' lang='lat' dir='ltr'><strong>mentem,</strong></span> <span class='ocrx_word' id='word_1_243' title='bbox 2136 1842 2221 1904; x_wconf 90' lang='lat' dir='ltr'><strong>quae</strong></span> <span class='ocrx_word' id='word_1_244' title='bbox 2274 1890 2277 1898; x_wconf 53' lang='grc'><strong>,</strong></span> 
     </span>
     <span class='ocr_line' id='line_1_19' title="bbox 214 1903 2220 1991; baseline 0.001 -20"><span class='ocrx_word' id='word_1_245' title='bbox 214 1909 262 1972; x_wconf 89' lang='grc'><strong>116</strong></span> <span class='ocrx_word' id='word_1_246' title='bbox 282 1909 505 1991; x_wconf 73' lang='lat' dir='ltr'><strong>permittatur,</strong></span> <span class='ocrx_word' id='word_1_247' title='bbox 529 1909 607 1990; x_wconf 92' lang='lat' dir='ltr'><strong>quin</strong></span> <span class='ocrx_word' id='word_1_248' title='bbox 629 1915 777 1991; x_wconf 89' lang='lat' dir='ltr'><strong>cogatur,</strong></span> <span class='ocrx_word' id='word_1_249' title='bbox 799 1907 880 1971; x_wconf 85' lang='lat' dir='ltr'><strong>velit</strong></span> <span class='ocrx_word' id='word_1_250' title='bbox 899 1907 996 1984; x_wconf 90' lang='lat' dir='ltr'><strong>nolit,</strong></span> <span class='ocrx_word' id='word_1_251' title='bbox 1019 1903 1191 1987; x_wconf 88' lang='lat' dir='ltr'><strong>aliquando</strong></span> <span class='ocrx_word' id='word_1_252' title='bbox 1244 1925 1305 1968; x_wconf 90' lang='lat' dir='ltr'><strong>nee</strong></span> <span class='ocrx_word' id='word_1_253' title='bbox 1327 1925 1386 1986; x_wconf 91' lang='lat' dir='ltr'><strong>per</strong></span> <span class='ocrx_word' id='word_1_254' title='bbox 1407 1926 1442 1969; x_wconf 89' lang='lat' dir='ltr'><strong>se</strong></span> <span class='ocrx_word' id='word_1_255' title='bbox 1464 1926 1592 1987; x_wconf 87' lang='lat' dir='ltr'><strong>sapere,</strong></span> <span class='ocrx_word' id='word_1_256' title='bbox 1620 1928 1681 1971; x_wconf 92' lang='lat' dir='ltr'><strong>nec</strong></span> <span class='ocrx_word' id='word_1_257' title='bbox 1702 1906 2140 1971; x_wconf 79' lang='lat' dir='ltr'><strong>monitionibusauscultare</strong></span> <span class='ocrx_word' id='word_1_258' title='bbox 2161 1929 2220 1973; x_wconf 86' lang='lat' dir='ltr'><strong>va·</strong></span> 
     </span>
     <span class='ocr_line' id='line_1_20' title="bbox 216 1988 2221 2076; baseline 0 -18"><span class='ocrx_word' id='word_1_259' title='bbox 216 1997 343 2076; x_wconf 88' lang='lat' dir='ltr'><strong>aperire</strong></span> <span class='ocrx_word' id='word_1_260' title='bbox 365 1994 487 2058; x_wconf 87' lang='lat' dir='ltr'><strong>oculos:</strong></span> <span class='ocrx_word' id='word_1_261' title='bbox 521 1994 602 2058; x_wconf 89' lang='lat' dir='ltr'><strong>falso</strong></span> <span class='ocrx_word' id='word_1_262' title='bbox 625 1993 758 2069; x_wconf 91' lang='grc'><strong>1161161,</strong></span> <span class='ocrx_word' id='word_1_263' title='bbox 788 1994 896 2074; x_wconf 91' lang='lat' dir='ltr'><strong>ipsum</strong></span> <span class='ocrx_word' id='word_1_264' title='bbox 917 1992 1102 2076; x_wconf 88' lang='lat' dir='ltr'><strong>ignorantia</strong></span> <span class='ocrx_word' id='word_1_265' title='bbox 1124 1992 1192 2057; x_wconf 90' lang='lat' dir='ltr'><strong>sola</strong></span> <span class='ocrx_word' id='word_1_266' title='bbox 1245 1988 1311 2052; x_wconf 84' lang='lat' dir='ltr'><strong>let?</strong></span> <span class='ocrx_word' id='word_1_267' title='bbox 1355 1989 1397 2053; x_wconf 92' lang='lat' dir='ltr'><strong>In</strong></span> <span class='ocrx_word' id='word_1_268' title='bbox 1421 1991 1582 2056; x_wconf 91' lang='lat' dir='ltr'><strong>secundae</strong></span> <span class='ocrx_word' id='word_1_269' title='bbox 1603 1992 1733 2057; x_wconf 87' lang='lat' dir='ltr'><strong>tabulae</strong></span> <span class='ocrx_word' id='word_1_270' title='bbox 1754 1993 1936 2074; x_wconf 88' lang='lat' dir='ltr'><strong>praeceptis</strong></span> <span class='ocrx_word' id='word_1_271' title='bbox 1959 1992 2124 2074; x_wconf 90' lang='lat' dir='ltr'><strong>aliquante</strong></span> <span class='ocrx_word' id='word_1_272' title='bbox 2146 1994 2221 2076; x_wconf 92' lang='lat' dir='ltr'><strong>plus</strong></span> 
     </span>
    </p>
   </div>
   <div class='ocr_carea' id='block_1_3' title="bbox 215 2075 2327 2162">
    <p class='ocr_par' dir='ltr' id='par_1_3' title="bbox 215 2075 2327 2162">
     <span class='ocr_line' id='line_1_21' title="bbox 215 2075 2327 2162; baseline -0 -17"><span class='ocrx_word' id='word_1_273' title='bbox 215 2100 358 2162; x_wconf 90' lang='lat' dir='ltr'><strong>peecare.</strong></span> <span class='ocrx_word' id='word_1_274' title='bbox 1244 2075 1344 2140; x_wconf 90' lang='lat' dir='ltr'><strong>habet</strong></span> <span class='ocrx_word' id='word_1_275' title='bbox 1364 2076 1613 2161; x_wconf 76' lang='lat' dir='ltr'><strong>intelligentiae,</strong></span> <span class='ocrx_word' id='word_1_276' title='bbox 1635 2100 1699 2160; x_wconf 91' lang='lat' dir='ltr'><strong>quo</strong></span> <span class='ocrx_word' id='word_1_277' title='bbox 1721 2078 1844 2143; x_wconf 84' lang='lat' dir='ltr'><strong>scilicet</strong></span> <span class='ocrx_word' id='word_1_278' title='bbox 1865 2077 1906 2142; x_wconf 96' lang='grc'><strong>61</strong></span> <span class='ocrx_word' id='word_1_279' title='bbox 1928 2078 2032 2143; x_wconf 84' lang='lat' dir='ltr'><strong>civilis</strong></span> <span class='ocrx_word' id='word_1_280' title='bbox 2053 2079 2140 2144; x_wconf 87' lang='lat' dir='ltr'><strong>inter</strong></span> <span class='ocrx_word' id='word_1_281' title='bbox 2161 2079 2221 2144; x_wconf 92' lang='lat' dir='ltr'><strong>he-</strong></span> <span class='ocrx_word' id='word_1_282' title='bbox 2322 2078 2327 2089; x_wconf 82' lang='lat'>&#39;</span> 
     </span>
    </p>
   </div>
   <div class='ocr_carea' id='block_1_4' title="bbox 169 2162 2246 5082">
    <p class='ocr_par' dir='ltr' id='par_1_4' title="bbox 169 2162 2246 5082">
     <span class='ocr_line' id='line_1_22' title="bbox 206 2162 2220 2247; baseline 0.001 -19"><span class='ocrx_word' id='word_1_283' title='bbox 206 2220 218 2244; x_wconf 77' lang='grc'><strong>,</strong></span> <span class='ocrx_word' id='word_1_284' title='bbox 301 2170 352 2230; x_wconf 81' lang='grc'><strong>42.</strong></span> <span class='ocrx_word' id='word_1_285' title='bbox 398 2166 518 2230; x_wconf 88' lang='lat' dir='ltr'><strong>Verius</strong></span> <span class='ocrx_word' id='word_1_286' title='bbox 540 2165 755 2241; x_wconf 78' lang='lat' dir='ltr'><strong>Themistius,</strong></span> <span class='ocrx_word' id='word_1_287' title='bbox 779 2165 834 2246; x_wconf 92' lang='lat' dir='ltr'><strong>qui</strong></span> <span class='ocrx_word' id='word_1_288' title='bbox 855 2164 1057 2227; x_wconf 89' lang='lat' dir='ltr'><strong>intellectum</strong></span> <span class='ocrx_word' id='word_1_289' title='bbox 1079 2164 1114 2227; x_wconf 92' lang='lat' dir='ltr'><strong>in</strong></span> <span class='ocrx_word' id='word_1_290' title='bbox 1137 2163 1192 2227; x_wconf 93' lang='lat' dir='ltr'><strong>de·</strong></span> <span class='ocrx_word' id='word_1_291' title='bbox 1244 2162 1350 2225; x_wconf 92' lang='lat' dir='ltr'><strong>mines</strong></span> <span class='ocrx_word' id='word_1_292' title='bbox 1382 2165 1544 2228; x_wconf 86' lang='lat' dir='ltr'><strong>societatis</strong></span> <span class='ocrx_word' id='word_1_293' title='bbox 1576 2165 1855 2230; x_wconf 85' lang='lat' dir='ltr'><strong>conservationem</strong></span> <span class='ocrx_word' id='word_1_294' title='bbox 1886 2165 2020 2247; x_wconf 91' lang='lat' dir='ltr'><strong>propius</strong></span> <span class='ocrx_word' id='word_1_295' title='bbox 2052 2165 2220 2230; x_wconf 86' lang='lat' dir='ltr'><strong>accedunt</strong></span> 
     </span>
     <span class='ocr_line' id='line_1_23' title="bbox 214 2245 2222 2334; baseline 0 -18"><span class='ocrx_word' id='word_1_296' title='bbox 214 2252 362 2316; x_wconf 90' lang='lat' dir='ltr'><strong>finitione</strong></span> <span class='ocrx_word' id='word_1_297' title='bbox 383 2251 575 2330; x_wconf 78' lang='lat' dir='ltr'><strong>universali,</strong></span> <span class='ocrx_word' id='word_1_298' title='bbox 599 2272 656 2314; x_wconf 90' lang='lat' dir='ltr'><strong>seu</strong></span> <span class='ocrx_word' id='word_1_299' title='bbox 678 2251 726 2314; x_wconf 89' lang='lat' dir='ltr'><strong>rci</strong></span> <span class='ocrx_word' id='word_1_300' title='bbox 748 2251 905 2328; x_wconf 87' lang='lat' dir='ltr'><strong>essentia,</strong></span> <span class='ocrx_word' id='word_1_301' title='bbox 936 2250 1101 2314; x_wconf 89' lang='lat' dir='ltr'><strong>rarissime</strong></span> <span class='ocrx_word' id='word_1_302' title='bbox 1123 2250 1192 2314; x_wconf 93' lang='grc'><strong>16111</strong></span> <span class='ocrx_word' id='word_1_303' title='bbox 1245 2245 1443 2328; x_wconf 74' lang='lat' dir='ltr'><strong>Quanquam</strong></span> <span class='ocrx_word' id='word_1_304' title='bbox 1470 2255 1503 2313; x_wconf 91' lang='lat' dir='ltr'><strong>et</strong></span> <span class='ocrx_word' id='word_1_305' title='bbox 1530 2250 1584 2314; x_wconf 90' lang='lat' dir='ltr'><strong>hie</strong></span> <span class='ocrx_word' id='word_1_306' title='bbox 1611 2249 1790 2332; x_wconf 88' lang='lat' dir='ltr'><strong>deliquium</strong></span> <span class='ocrx_word' id='word_1_307' title='bbox 1817 2249 1984 2314; x_wconf 89' lang='lat' dir='ltr'><strong>interdum</strong></span> <span class='ocrx_word' id='word_1_308' title='bbox 2011 2251 2080 2332; x_wconf 89' lang='lat' dir='ltr'><strong>pati</strong></span> <span class='ocrx_word' id='word_1_309' title='bbox 2107 2252 2222 2334; x_wconf 90' lang='lat' dir='ltr'><strong>depre-</strong></span> 
     </span>
     <span class='ocr_line' id='line_1_24' title="bbox 216 2332 2221 2419; baseline 0.001 -19"><span class='ocrx_word' id='word_1_310' title='bbox 216 2336 325 2416; x_wconf 91' lang='lat' dir='ltr'><strong>docet;</strong></span> <span class='ocrx_word' id='word_1_311' title='bbox 339 2337 383 2418; x_wconf 61' lang='grc'><strong>2)“</strong></span> <span class='ocrx_word' id='word_1_312' title='bbox 398 2336 684 2401; x_wconf 89' lang='lat' dir='ltr'><strong>hallucinationem</strong></span> <span class='ocrx_word' id='word_1_313' title='bbox 712 2358 796 2415; x_wconf 87' lang='lat' dir='ltr'><strong>esse,</strong></span> <span class='ocrx_word' id='word_1_314' title='bbox 825 2358 926 2418; x_wconf 91' lang='lat' dir='ltr'><strong>quum</strong></span> <span class='ocrx_word' id='word_1_315' title='bbox 948 2335 1036 2399; x_wconf 90' lang='lat' dir='ltr'><strong>ultra</strong></span> <span class='ocrx_word' id='word_1_316' title='bbox 1057 2357 1190 2419; x_wconf 81' lang='lat' dir='ltr'><strong>pregre</strong></span> <span class='ocrx_word' id='word_1_317' title='bbox 1245 2332 1407 2398; x_wconf 91' lang='lat' dir='ltr'><strong>henditur.</strong></span> <span class='ocrx_word' id='word_1_318' title='bbox 1452 2336 2221 2419; x_wconf 66' lang='grc'><strong>1116611661166116666161661666166661661-</strong></span> 
     </span>
     <span class='ocr_line' id='line_1_25' title="bbox 216 2419 2221 2506; baseline 0.001 -20"><span class='ocrx_word' id='word_1_319' title='bbox 216 2421 318 2501; x_wconf 83' lang='lat' dir='ltr'><strong>ditm,</strong></span> <span class='ocrx_word' id='word_1_320' title='bbox 346 2443 463 2505; x_wconf 90' lang='lat' dir='ltr'><strong>nempe</strong></span> <span class='ocrx_word' id='word_1_321' title='bbox 485 2444 586 2505; x_wconf 91' lang='lat' dir='ltr'><strong>quum</strong></span> <span class='ocrx_word' id='word_1_322' title='bbox 614 2421 656 2486; x_wconf 90' lang='lat' dir='ltr'><strong>ad</strong></span> <span class='ocrx_word' id='word_1_323' title='bbox 682 2422 880 2506; x_wconf 75' lang='lat' dir='ltr'><strong>hypothesin</strong></span> <span class='ocrx_word' id='word_1_324' title='bbox 902 2421 1076 2486; x_wconf 91' lang='lat' dir='ltr'><strong>descendit.</strong></span> <span class='ocrx_word' id='word_1_325' title='bbox 1121 2421 1191 2485; x_wconf 90' lang='lat' dir='ltr'><strong>Ho-</strong></span> <span class='ocrx_word' id='word_1_326' title='bbox 1245 2419 1473 2502; x_wconf 83' lang='lat' dir='ltr'><strong>surdissimum</strong></span> <span class='ocrx_word' id='word_1_327' title='bbox 1495 2433 1560 2501; x_wconf 91' lang='grc'><strong>661,</strong></span> <span class='ocrx_word' id='word_1_328' title='bbox 1589 2423 1736 2504; x_wconf 89' lang='lat' dir='ltr'><strong>iniquam</strong></span> <span class='ocrx_word' id='word_1_329' title='bbox 1757 2444 1794 2487; x_wconf 88' lang='lat' dir='ltr'><strong>ac</strong></span> <span class='ocrx_word' id='word_1_330' title='bbox 1815 2423 1914 2486; x_wconf 89' lang='lat' dir='ltr'><strong>nimis</strong></span> <span class='ocrx_word' id='word_1_331' title='bbox 1933 2423 2142 2504; x_wconf 88' lang='lat' dir='ltr'><strong>imperiosam</strong></span> <span class='ocrx_word' id='word_1_332' title='bbox 2165 2424 2221 2490; x_wconf 90' lang='lat' dir='ltr'><strong>de-</strong></span> 
     </span>
     <span class='ocr_line' id='line_1_26' title="bbox 215 2506 2222 2591; baseline 0 -19"><span class='ocrx_word' id='word_1_333' title='bbox 215 2508 383 2573; x_wconf 91' lang='lat' dir='ltr'><strong>micidinm</strong></span> <span class='ocrx_word' id='word_1_334' title='bbox 410 2529 481 2572; x_wconf 90' lang='lat' dir='ltr'><strong>esse</strong></span> <span class='ocrx_word' id='word_1_335' title='bbox 503 2507 642 2585; x_wconf 89' lang='lat' dir='ltr'><strong>malum,</strong></span> <span class='ocrx_word' id='word_1_336' title='bbox 666 2509 693 2572; x_wconf 91' lang='lat' dir='ltr'><strong>si</strong></span> <span class='ocrx_word' id='word_1_337' title='bbox 715 2509 750 2571; x_wconf 92' lang='lat' dir='ltr'><strong>in</strong></span> <span class='ocrx_word' id='word_1_338' title='bbox 773 2529 892 2591; x_wconf 84' lang='lat' dir='ltr'><strong>genere</strong></span> <span class='ocrx_word' id='word_1_339' title='bbox 913 2516 1102 2588; x_wconf 88' lang='lat' dir='ltr'><strong>quaeratur,</strong></span> <span class='ocrx_word' id='word_1_340' title='bbox 1134 2529 1191 2571; x_wconf 87' lang='lat' dir='ltr'><strong>ne·</strong></span> <span class='ocrx_word' id='word_1_341' title='bbox 1244 2506 1457 2571; x_wconf 89' lang='lat' dir='ltr'><strong>minationem</strong></span> <span class='ocrx_word' id='word_1_342' title='bbox 1484 2510 1585 2586; x_wconf 87' lang='lat' dir='ltr'><strong>ferre,</strong></span> <span class='ocrx_word' id='word_1_343' title='bbox 1620 2509 1647 2573; x_wconf 89' lang='lat' dir='ltr'><strong>si</strong></span> <span class='ocrx_word' id='word_1_344' title='bbox 1675 2530 1740 2591; x_wconf 90' lang='lat' dir='ltr'><strong>qua</strong></span> <span class='ocrx_word' id='word_1_345' title='bbox 1773 2508 1869 2572; x_wconf 92' lang='lat' dir='ltr'><strong>medo</strong></span> <span class='ocrx_word' id='word_1_346' title='bbox 1902 2509 2027 2572; x_wconf 86' lang='lat' dir='ltr'><strong>ratione</strong></span> <span class='ocrx_word' id='word_1_347' title='bbox 2060 2507 2222 2591; x_wconf 86' lang='lat' dir='ltr'><strong>depellere</strong></span> 
     </span>
     <span class='ocr_line' id='line_1_27' title="bbox 215 2594 2219 2676; baseline 0 -18"><span class='ocrx_word' id='word_1_348' title='bbox 215 2615 269 2658; x_wconf 93' lang='lat' dir='ltr'><strong>mo</strong></span> <span class='ocrx_word' id='word_1_349' title='bbox 297 2596 359 2658; x_wconf 87' lang='lat' dir='ltr'><strong>erit</strong></span> <span class='ocrx_word' id='word_1_350' title='bbox 386 2596 441 2675; x_wconf 93' lang='lat' dir='ltr'><strong>qui</strong></span> <span class='ocrx_word' id='word_1_351' title='bbox 470 2616 536 2657; x_wconf 92' lang='lat' dir='ltr'><strong>non</strong></span> <span class='ocrx_word' id='word_1_352' title='bbox 559 2595 714 2669; x_wconf 86' lang='lat' dir='ltr'><strong>affirmet;</strong></span> <span class='ocrx_word' id='word_1_353' title='bbox 743 2595 799 2676; x_wconf 91' lang='lat' dir='ltr'><strong>qui</strong></span> <span class='ocrx_word' id='word_1_354' title='bbox 826 2600 936 2656; x_wconf 86' lang='lat' dir='ltr'><strong>autem</strong></span> <span class='ocrx_word' id='word_1_355' title='bbox 965 2595 1129 2675; x_wconf 84' lang='lat' dir='ltr'><strong>conspirat</strong></span> <span class='ocrx_word' id='word_1_356' title='bbox 1156 2595 1191 2657; x_wconf 89' lang='lat' dir='ltr'><strong>in</strong></span> <span class='ocrx_word' id='word_1_357' title='bbox 1217 2642 1219 2671; x_wconf 64' lang='lat'><strong>,</strong></span> <span class='ocrx_word' id='word_1_358' title='bbox 1243 2601 1350 2674; x_wconf 89' lang='lat' dir='ltr'><strong>queat.</strong></span> <span class='ocrx_word' id='word_1_359' title='bbox 1403 2594 1471 2658; x_wconf 91' lang='lat' dir='ltr'><strong>Nec</strong></span> <span class='ocrx_word' id='word_1_360' title='bbox 1504 2595 1593 2658; x_wconf 89' lang='lat' dir='ltr'><strong>aliud</strong></span> <span class='ocrx_word' id='word_1_361' title='bbox 1621 2602 1671 2658; x_wconf 90' lang='lat' dir='ltr'><strong>est</strong></span> <span class='ocrx_word' id='word_1_362' title='bbox 1697 2594 1854 2659; x_wconf 89' lang='lat' dir='ltr'><strong>iudicium</strong></span> <span class='ocrx_word' id='word_1_363' title='bbox 1883 2594 2047 2658; x_wconf 88' lang='lat' dir='ltr'><strong>humanae</strong></span> <span class='ocrx_word' id='word_1_364' title='bbox 2073 2596 2219 2672; x_wconf 89' lang='lat' dir='ltr'><strong>rationis,</strong></span> 
     </span>
     <span class='ocr_line' id='line_1_28' title="bbox 215 2676 2221 2778; baseline 0 -35"><span class='ocrx_word' id='word_1_365' title='bbox 215 2687 353 2744; x_wconf 91' lang='lat' dir='ltr'><strong>mortem</strong></span> <span class='ocrx_word' id='word_1_366' title='bbox 385 2681 523 2757; x_wconf 89' lang='lat' dir='ltr'><strong>inimici,</strong></span> <span class='ocrx_word' id='word_1_367' title='bbox 563 2685 721 2761; x_wconf 85' lang='lat' dir='ltr'><strong>tanquam</strong></span> <span class='ocrx_word' id='word_1_368' title='bbox 754 2678 793 2742; x_wconf 91' lang='lat' dir='ltr'><strong>de</strong></span> <span class='ocrx_word' id='word_1_369' title='bbox 832 2700 868 2742; x_wconf 92' lang='lat' dir='ltr'><strong>re</strong></span> <span class='ocrx_word' id='word_1_370' title='bbox 906 2679 991 2743; x_wconf 90' lang='grc'><strong>1666</strong></span> <span class='ocrx_word' id='word_1_371' title='bbox 1024 2679 1190 2743; x_wconf 88' lang='lat' dir='ltr'><strong>deliberat.</strong></span> <span class='ocrx_word' id='word_1_372' title='bbox 1216 2676 1219 2778; x_wconf 89' lang='grc'><strong>)</strong></span> <span class='ocrx_word' id='word_1_373' title='bbox 1243 2699 1342 2760; x_wconf 89' lang='lat' dir='ltr'><strong>quam</strong></span> <span class='ocrx_word' id='word_1_374' title='bbox 1371 2680 1498 2745; x_wconf 82' lang='lat' dir='ltr'><strong>servilis</strong></span> <span class='ocrx_word' id='word_1_375' title='bbox 1520 2702 1591 2745; x_wconf 90' lang='lat' dir='ltr'><strong>esse</strong></span> <span class='ocrx_word' id='word_1_376' title='bbox 1613 2682 1792 2763; x_wconf 88' lang='lat' dir='ltr'><strong>abiectique</strong></span> <span class='ocrx_word' id='word_1_377' title='bbox 1821 2681 1936 2757; x_wconf 88' lang='lat' dir='ltr'><strong>animi,</strong></span> <span class='ocrx_word' id='word_1_378' title='bbox 1964 2680 2125 2762; x_wconf 87' lang='lat' dir='ltr'><strong>patienter</strong></span> <span class='ocrx_word' id='word_1_379' title='bbox 2147 2702 2221 2744; x_wconf 88' lang='lat' dir='ltr'><strong>eam</strong></span> 
     </span>
     <span class='ocr_line' id='line_1_29' title="bbox 215 2764 2219 2850; baseline 0 -20"><span class='ocrx_word' id='word_1_380' title='bbox 215 2765 425 2830; x_wconf 87' lang='lat' dir='ltr'><strong>Adulterium</strong></span> <span class='ocrx_word' id='word_1_381' title='bbox 447 2767 482 2827; x_wconf 92' lang='lat' dir='ltr'><strong>in</strong></span> <span class='ocrx_word' id='word_1_382' title='bbox 506 2787 625 2847; x_wconf 89' lang='lat' dir='ltr'><strong>genero</strong></span> <span class='ocrx_word' id='word_1_383' title='bbox 643 2764 813 2830; x_wconf 88' lang='lat' dir='ltr'><strong>damnabit</strong></span> <span class='ocrx_word' id='word_1_384' title='bbox 830 2764 972 2842; x_wconf 73' lang='lat' dir='ltr'><strong>adulter,</strong></span> <span class='ocrx_word' id='word_1_385' title='bbox 995 2767 1029 2828; x_wconf 94' lang='lat' dir='ltr'><strong>in</strong></span> <span class='ocrx_word' id='word_1_386' title='bbox 1050 2786 1107 2829; x_wconf 93' lang='lat' dir='ltr'><strong>suo</strong></span> <span class='ocrx_word' id='word_1_387' title='bbox 1125 2766 1191 2847; x_wconf 86' lang='lat' dir='ltr'><strong>pri-</strong></span> <span class='ocrx_word' id='word_1_388' title='bbox 1243 2765 1328 2829; x_wconf 88' lang='lat' dir='ltr'><strong>ferre</strong></span> <span class='ocrx_word' id='word_1_389' title='bbox 1335 2789 1342 2843; x_wconf 95' lang='lat'>;</span> <span class='ocrx_word' id='word_1_390' title='bbox 1372 2785 1504 2830; x_wconf 90' lang='lat' dir='ltr'><strong>rursum</strong></span> <span class='ocrx_word' id='word_1_391' title='bbox 1526 2766 1656 2831; x_wconf 91' lang='lat' dir='ltr'><strong>honesti</strong></span> <span class='ocrx_word' id='word_1_392' title='bbox 1678 2766 1876 2850; x_wconf 90' lang='lat' dir='ltr'><strong>ingenuique</strong></span> <span class='ocrx_word' id='word_1_393' title='bbox 1897 2766 2036 2848; x_wconf 89' lang='lat' dir='ltr'><strong>pectoris</strong></span> <span class='ocrx_word' id='word_1_394' title='bbox 2058 2774 2219 2832; x_wconf 76' lang='lat' dir='ltr'><strong>excutere.</strong></span> 
     </span>
     <span class='ocr_line' id='line_1_30' title="bbox 214 2850 2219 2935; baseline 0 -20"><span class='ocrx_word' id='word_1_395' title='bbox 214 2853 316 2915; x_wconf 89' lang='lat' dir='ltr'><strong>vatim</strong></span> <span class='ocrx_word' id='word_1_396' title='bbox 347 2853 408 2917; x_wconf 89' lang='lat' dir='ltr'><strong>sibi</strong></span> <span class='ocrx_word' id='word_1_397' title='bbox 435 2850 629 2915; x_wconf 90' lang='lat' dir='ltr'><strong>blandietur.</strong></span> <span class='ocrx_word' id='word_1_398' title='bbox 682 2850 775 2916; x_wconf 89' lang='lat' dir='ltr'><strong>Haec</strong></span> <span class='ocrx_word' id='word_1_399' title='bbox 802 2858 853 2916; x_wconf 89' lang='lat' dir='ltr'><strong>est</strong></span> <span class='ocrx_word' id='word_1_400' title='bbox 884 2851 1082 2933; x_wconf 85' lang='lat' dir='ltr'><strong>ignorantia,</strong></span> <span class='ocrx_word' id='word_1_401' title='bbox 1114 2850 1192 2915; x_wconf 91' lang='lat' dir='ltr'><strong>dum</strong></span> <span class='ocrx_word' id='word_1_402' title='bbox 1244 2850 1347 2933; x_wconf 84' lang='lat' dir='ltr'><strong>Atqui</strong></span> <span class='ocrx_word' id='word_1_403' title='bbox 1379 2853 1542 2917; x_wconf 91' lang='lat' dir='ltr'><strong>Dominus</strong></span> <span class='ocrx_word' id='word_1_404' title='bbox 1581 2854 1683 2917; x_wconf 91' lang='lat' dir='ltr'><strong>nimia</strong></span> <span class='ocrx_word' id='word_1_405' title='bbox 1719 2854 1782 2918; x_wconf 86' lang='lat' dir='ltr'><strong>ista</strong></span> <span class='ocrx_word' id='word_1_406' title='bbox 1820 2852 2022 2935; x_wconf 82' lang='lat' dir='ltr'><strong>ingenuitate</strong></span> <span class='ocrx_word' id='word_1_407' title='bbox 2056 2851 2219 2931; x_wconf 89' lang='lat' dir='ltr'><strong>damnata,</strong></span> 
     </span>
     <span class='ocr_line' id='line_1_31' title="bbox 169 2935 2221 3021; baseline 0.001 -20"><span class='ocrx_word' id='word_1_408' title='bbox 169 2972 174 2979; x_wconf 92' lang='lat'>·</span> <span class='ocrx_word' id='word_1_409' title='bbox 213 2937 326 3015; x_wconf 92' lang='lat' dir='ltr'><strong>hemo,</strong></span> <span class='ocrx_word' id='word_1_410' title='bbox 357 2938 412 3002; x_wconf 92' lang='lat' dir='ltr'><strong>ubi</strong></span> <span class='ocrx_word' id='word_1_411' title='bbox 434 2936 475 3001; x_wconf 89' lang='lat' dir='ltr'><strong>ad</strong></span> <span class='ocrx_word' id='word_1_412' title='bbox 497 2935 695 3020; x_wconf 82' lang='lat' dir='ltr'><strong>hypothesin</strong></span> <span class='ocrx_word' id='word_1_413' title='bbox 716 2945 853 3001; x_wconf 80' lang='lat' dir='ltr'><strong>ventum</strong></span> <span class='ocrx_word' id='word_1_414' title='bbox 875 2942 939 3014; x_wconf 88' lang='grc'><strong>661,</strong></span> <span class='ocrx_word' id='word_1_415' title='bbox 968 2938 1037 3001; x_wconf 89' lang='grc'><strong>6166</strong></span> <span class='ocrx_word' id='word_1_416' title='bbox 1059 2937 1192 3020; x_wconf 88' lang='lat' dir='ltr'><strong>regulae</strong></span> <span class='ocrx_word' id='word_1_417' title='bbox 1217 3002 1219 3010; x_wconf 81' lang='grc'><strong>,</strong></span> <span class='ocrx_word' id='word_1_418' title='bbox 1243 2937 1334 3000; x_wconf 90' lang='lat' dir='ltr'><strong>illam</strong></span> <span class='ocrx_word' id='word_1_419' title='bbox 1358 2936 1446 3020; x_wconf 89' lang='lat' dir='ltr'><strong>apud</strong></span> <span class='ocrx_word' id='word_1_420' title='bbox 1468 2938 1617 3004; x_wconf 92' lang='lat' dir='ltr'><strong>homines</strong></span> <span class='ocrx_word' id='word_1_421' title='bbox 1643 2940 1799 3003; x_wconf 84' lang='lat' dir='ltr'><strong>infamem</strong></span> <span class='ocrx_word' id='word_1_422' title='bbox 1825 2938 2018 3020; x_wconf 89' lang='lat' dir='ltr'><strong>patientiam</strong></span> <span class='ocrx_word' id='word_1_423' title='bbox 2040 2939 2107 3003; x_wconf 90' lang='lat' dir='ltr'><strong>suis</strong></span> <span class='ocrx_word' id='word_1_424' title='bbox 2127 2959 2221 3021; x_wconf 90' lang='lat' dir='ltr'><strong>prae-</strong></span> 
     </span>
     <span class='ocr_line' id='line_1_32' title="bbox 214 3017 2246 3106; baseline 0 -20"><span class='ocrx_word' id='word_1_425' title='bbox 214 3023 415 3087; x_wconf 84' lang='lat' dir='ltr'><strong>obliviscitur</strong></span> <span class='ocrx_word' id='word_1_426' title='bbox 443 3043 543 3104; x_wconf 88' lang='lat' dir='ltr'><strong>quam</strong></span> <span class='ocrx_word' id='word_1_427' title='bbox 570 3023 604 3085; x_wconf 93' lang='lat' dir='ltr'><strong>in</strong></span> <span class='ocrx_word' id='word_1_428' title='bbox 629 3022 715 3087; x_wconf 90' lang='lat' dir='ltr'><strong>thesi</strong></span> <span class='ocrx_word' id='word_1_429' title='bbox 742 3017 847 3106; x_wconf 78' lang='lat' dir='ltr'><strong>n&#39;uper</strong></span> <span class='ocrx_word' id='word_1_430' title='bbox 874 3024 1094 3088; x_wconf 86' lang='lat' dir='ltr'><strong>constituerat.</strong></span> <span class='ocrx_word' id='word_1_431' title='bbox 1139 3024 1191 3087; x_wconf 91' lang='lat' dir='ltr'><strong>De</strong></span> <span class='ocrx_word' id='word_1_432' title='bbox 1244 3024 1364 3087; x_wconf 88' lang='lat' dir='ltr'><strong>scribit.</strong></span> <span class='ocrx_word' id='word_1_433' title='bbox 1975 3045 1984 3052; x_wconf 92' lang='lat'><em>·</em></span> <span class='ocrx_word' id='word_1_434' title='bbox 2244 3094 2246 3098; x_wconf 22' lang='lat'><strong>¹</strong></span> 
     </span>
     <span class='ocr_line' id='line_1_33' title="bbox 213 3108 2222 3194; baseline 0.001 -23"><span class='ocrx_word' id='word_1_435' title='bbox 213 3128 279 3189; x_wconf 91' lang='grc'><strong>666</strong></span> <span class='ocrx_word' id='word_1_436' title='bbox 307 3130 342 3172; x_wconf 89' lang='grc'><strong>16</strong></span> <span class='ocrx_word' id='word_1_437' title='bbox 371 3108 610 3190; x_wconf 88' lang='lat' dir='ltr'><strong>elegantissime</strong></span> <span class='ocrx_word' id='word_1_438' title='bbox 638 3108 768 3173; x_wconf 90' lang='lat' dir='ltr'><strong>disserit</strong></span> <span class='ocrx_word' id='word_1_439' title='bbox 795 3109 1002 3194; x_wconf 83' lang='lat' dir='ltr'><strong>Augustinus</strong></span> <span class='ocrx_word' id='word_1_440' title='bbox 1029 3110 1064 3172; x_wconf 93' lang='lat' dir='ltr'><strong>in</strong></span> <span class='ocrx_word' id='word_1_441' title='bbox 1091 3130 1189 3191; x_wconf 85' lang='lat' dir='ltr'><strong>expe-</strong></span> <span class='ocrx_word' id='word_1_442' title='bbox 1330 3114 1380 3173; x_wconf 81' lang='grc'><strong>44.</strong></span> <span class='ocrx_word' id='word_1_443' title='bbox 1426 3108 1571 3174; x_wconf 88' lang='lat' dir='ltr'><strong>Omnino</strong></span> <span class='ocrx_word' id='word_1_444' title='bbox 1605 3117 1714 3173; x_wconf 86' lang='lat' dir='ltr'><strong>autem</strong></span> <span class='ocrx_word' id='word_1_445' title='bbox 1749 3111 1784 3173; x_wconf 92' lang='grc'><strong>16</strong></span> <span class='ocrx_word' id='word_1_446' title='bbox 1811 3111 1967 3175; x_wconf 89' lang='lat' dir='ltr'><strong>universa</strong></span> <span class='ocrx_word' id='word_1_447' title='bbox 1998 3110 2080 3193; x_wconf 88' lang='lat' dir='ltr'><strong>legis</strong></span> <span class='ocrx_word' id='word_1_448' title='bbox 2112 3111 2222 3175; x_wconf 89' lang='lat' dir='ltr'><strong>obser·</strong></span> 
     </span>
     <span class='ocr_line' id='line_1_34' title="bbox 213 3192 2220 3279; baseline 0 -21"><span class='ocrx_word' id='word_1_449' title='bbox 213 3194 330 3258; x_wconf 88' lang='lat' dir='ltr'><strong>sitione</strong></span> <span class='ocrx_word' id='word_1_450' title='bbox 361 3193 457 3275; x_wconf 89' lang='lat' dir='ltr'><strong>primi</strong></span> <span class='ocrx_word' id='word_1_451' title='bbox 489 3215 603 3258; x_wconf 89' lang='lat' dir='ltr'><strong>versus</strong></span> <span class='ocrx_word' id='word_1_452' title='bbox 631 3195 756 3259; x_wconf 86' lang='lat' dir='ltr'><strong>Psalmi</strong></span> <span class='ocrx_word' id='word_1_453' title='bbox 779 3199 828 3258; x_wconf 85' lang='lat'><strong>57.</strong></span> <span class='ocrx_word' id='word_1_454' title='bbox 879 3192 1077 3277; x_wconf 78' lang='lat' dir='ltr'><strong>Quanquam</strong></span> <span class='ocrx_word' id='word_1_455' title='bbox 1086 3194 1114 3278; x_wconf 81' lang='lat'><strong>³)</strong></span> <span class='ocrx_word' id='word_1_456' title='bbox 1147 3216 1190 3259; x_wconf 90' lang='lat' dir='ltr'><strong>ne</strong></span> <span class='ocrx_word' id='word_1_457' title='bbox 1243 3197 1372 3260; x_wconf 90' lang='lat' dir='ltr'><strong>vatione</strong></span> <span class='ocrx_word' id='word_1_458' title='bbox 1394 3196 1657 3278; x_wconf 88' lang='lat' dir='ltr'><strong>perspicientiam</strong></span> <span class='ocrx_word' id='word_1_459' title='bbox 1674 3202 1821 3260; x_wconf 89' lang='lat' dir='ltr'><strong>nostram</strong></span> <span class='ocrx_word' id='word_1_460' title='bbox 1838 3195 1923 3278; x_wconf 87' lang='lat' dir='ltr'><strong>sugit</strong></span> <span class='ocrx_word' id='word_1_461' title='bbox 1940 3197 2220 3279; x_wconf 86' lang='lat' dir='ltr'><strong>concupiscentiae</strong></span> 
     </span>
     <span class='ocr_line' id='line_1_35' title="bbox 212 3278 2219 3382; baseline 0.001 -39"><span class='ocrx_word' id='word_1_462' title='bbox 212 3279 301 3343; x_wconf 90' lang='lat' dir='ltr'><strong>istud</strong></span> <span class='ocrx_word' id='word_1_463' title='bbox 335 3278 466 3362; x_wconf 90' lang='lat' dir='ltr'><strong>quidem</strong></span> <span class='ocrx_word' id='word_1_464' title='bbox 494 3287 544 3344; x_wconf 88' lang='lat' dir='ltr'><strong>cst</strong></span> <span class='ocrx_word' id='word_1_465' title='bbox 569 3286 769 3362; x_wconf 91' lang='lat' dir='ltr'><strong>perpetuum.</strong></span> <span class='ocrx_word' id='word_1_466' title='bbox 821 3280 877 3346; x_wconf 81' lang='lat' dir='ltr'><strong>Sic</strong></span> <span class='ocrx_word' id='word_1_467' title='bbox 906 3281 996 3345; x_wconf 90' lang='lat' dir='ltr'><strong>enim</strong></span> <span class='ocrx_word' id='word_1_468' title='bbox 1024 3281 1190 3345; x_wconf 89' lang='lat' dir='ltr'><strong>interdum</strong></span> <span class='ocrx_word' id='word_1_469' title='bbox 1216 3334 1218 3382; x_wconf 60' lang='grc'><strong>,</strong></span> <span class='ocrx_word' id='word_1_470' title='bbox 1243 3281 1490 3347; x_wconf 88' lang='lat' dir='ltr'><strong>animadversio.</strong></span> <span class='ocrx_word' id='word_1_471' title='bbox 1530 3282 1605 3346; x_wconf 90' lang='lat' dir='ltr'><strong>Non</strong></span> <span class='ocrx_word' id='word_1_472' title='bbox 1627 3283 1717 3346; x_wconf 90' lang='lat' dir='ltr'><strong>enim</strong></span> <span class='ocrx_word' id='word_1_473' title='bbox 1739 3281 1856 3347; x_wconf 89' lang='lat' dir='ltr'><strong>adduci</strong></span> <span class='ocrx_word' id='word_1_474' title='bbox 1878 3302 1913 3346; x_wconf 91' lang='lat' dir='ltr'><strong>se</strong></span> <span class='ocrx_word' id='word_1_475' title='bbox 1932 3283 2073 3346; x_wconf 90' lang='lat' dir='ltr'><strong>sustinet</strong></span> <span class='ocrx_word' id='word_1_476' title='bbox 2094 3283 2219 3346; x_wconf 90' lang='lat' dir='ltr'><strong>anima-</strong></span> 
     </span>
     <span class='ocr_line' id='line_1_36' title="bbox 212 3365 2219 3451; baseline 0.001 -23"><span class='ocrx_word' id='word_1_477' title='bbox 212 3365 328 3449; x_wconf 88' lang='lat' dir='ltr'><strong>flagitii</strong></span> <span class='ocrx_word' id='word_1_478' title='bbox 361 3365 528 3448; x_wconf 87' lang='lat' dir='ltr'><strong>turpitudo</strong></span> <span class='ocrx_word' id='word_1_479' title='bbox 561 3367 794 3431; x_wconf 88' lang='lat' dir='ltr'><strong>conscientiam</strong></span> <span class='ocrx_word' id='word_1_480' title='bbox 827 3373 937 3449; x_wconf 90' lang='lat' dir='ltr'><strong>urget,</strong></span> <span class='ocrx_word' id='word_1_481' title='bbox 968 3373 1004 3430; x_wconf 90' lang='lat' dir='ltr'><strong>ut</strong></span> <span class='ocrx_word' id='word_1_482' title='bbox 1033 3389 1098 3430; x_wconf 92' lang='lat' dir='ltr'><strong>non</strong></span> <span class='ocrx_word' id='word_1_483' title='bbox 1129 3367 1188 3431; x_wconf 89' lang='lat' dir='ltr'><strong>sibi</strong></span> <span class='ocrx_word' id='word_1_484' title='bbox 1216 3386 1218 3441; x_wconf 70' lang='grc'><strong>1</strong></span> <span class='ocrx_word' id='word_1_485' title='bbox 1243 3367 1283 3430; x_wconf 89' lang='grc'><strong>116</strong></span> <span class='ocrx_word' id='word_1_486' title='bbox 1306 3367 1418 3446; x_wconf 90' lang='lat' dir='ltr'><strong>homo,</strong></span> <span class='ocrx_word' id='word_1_487' title='bbox 1443 3375 1480 3431; x_wconf 91' lang='lat' dir='ltr'><strong>ut</strong></span> <span class='ocrx_word' id='word_1_488' title='bbox 1501 3367 1716 3450; x_wconf 88' lang='lat' dir='ltr'><strong>cupiditatum</strong></span> <span class='ocrx_word' id='word_1_489' title='bbox 1739 3389 1873 3434; x_wconf 85' lang='lat' dir='ltr'><strong>suarum</strong></span> <span class='ocrx_word' id='word_1_490' title='bbox 1894 3368 2024 3433; x_wconf 90' lang='lat' dir='ltr'><strong>morbos</strong></span> <span class='ocrx_word' id='word_1_491' title='bbox 2047 3389 2219 3451; x_wconf 84' lang='lat' dir='ltr'><strong>recognos-</strong></span> 
     </span>
     <span class='ocr_line' id='line_1_37' title="bbox 212 3444 2219 3537; baseline 0.001 -23"><span class='ocrx_word' id='word_1_492' title='bbox 212 3452 383 3532; x_wconf 90' lang='lat' dir='ltr'><strong>imponens</strong></span> <span class='ocrx_word' id='word_1_493' title='bbox 406 3452 466 3516; x_wconf 91' lang='lat' dir='ltr'><strong>sub</strong></span> <span class='ocrx_word' id='word_1_494' title='bbox 489 3452 571 3517; x_wconf 91' lang='lat' dir='ltr'><strong>falsa</strong></span> <span class='ocrx_word' id='word_1_495' title='bbox 593 3452 668 3516; x_wconf 90' lang='lat' dir='ltr'><strong>boni</strong></span> <span class='ocrx_word' id='word_1_496' title='bbox 690 3453 847 3535; x_wconf 88' lang='lat' dir='ltr'><strong>imagine,</strong></span> <span class='ocrx_word' id='word_1_497' title='bbox 872 3452 928 3517; x_wconf 89' lang='lat' dir='ltr'><strong>sed</strong></span> <span class='ocrx_word' id='word_1_498' title='bbox 951 3453 1055 3517; x_wconf 88' lang='grc'><strong>661666</strong></span> <span class='ocrx_word' id='word_1_499' title='bbox 1079 3459 1112 3516; x_wconf 92' lang='grc'><strong>61</strong></span> <span class='ocrx_word' id='word_1_500' title='bbox 1132 3475 1189 3517; x_wconf 84' lang='lat' dir='ltr'><strong>vo·</strong></span> <span class='ocrx_word' id='word_1_501' title='bbox 1215 3444 1218 3483; x_wconf 67' lang='lat'><strong><em>³</em></strong></span> <span class='ocrx_word' id='word_1_502' title='bbox 1243 3461 1303 3517; x_wconf 87' lang='grc'><strong>661.</strong></span> <span class='ocrx_word' id='word_1_503' title='bbox 1349 3455 1437 3517; x_wconf 92' lang='lat' dir='ltr'><strong>Ante</strong></span> <span class='ocrx_word' id='word_1_504' title='bbox 1459 3454 1637 3518; x_wconf 89' lang='lat' dir='ltr'><strong>suffocatur</strong></span> <span class='ocrx_word' id='word_1_505' title='bbox 1658 3461 1794 3519; x_wconf 78' lang='lat' dir='ltr'><strong>natiuae</strong></span> <span class='ocrx_word' id='word_1_506' title='bbox 1816 3455 1944 3532; x_wconf 90' lang='lat' dir='ltr'><strong>lumen,</strong></span> <span class='ocrx_word' id='word_1_507' title='bbox 1967 3474 2067 3536; x_wconf 92' lang='lat' dir='ltr'><strong>quam</strong></span> <span class='ocrx_word' id='word_1_508' title='bbox 2088 3453 2130 3518; x_wconf 88' lang='lat' dir='ltr'><strong>ad</strong></span> <span class='ocrx_word' id='word_1_509' title='bbox 2153 3455 2219 3537; x_wconf 90' lang='lat' dir='ltr'><strong>pri-</strong></span> 
     </span>
     <span class='ocr_line' id='line_1_38' title="bbox 211 3499 2221 3623; baseline 0.002 -24"><span class='ocrx_word' id='word_1_510' title='bbox 211 3535 293 3611; x_wconf 91' lang='lat' dir='ltr'><strong>lens,</strong></span> <span class='ocrx_word' id='word_1_511' title='bbox 316 3539 352 3600; x_wconf 90' lang='grc'><strong>16</strong></span> <span class='ocrx_word' id='word_1_512' title='bbox 374 3537 499 3601; x_wconf 89' lang='lat' dir='ltr'><strong>malum</strong></span> <span class='ocrx_word' id='word_1_513' title='bbox 520 3548 602 3603; x_wconf 88' lang='lat' dir='ltr'><strong>ruat.</strong></span> <span class='ocrx_word' id='word_1_514' title='bbox 636 3499 1334 3620; x_wconf 74' lang='grc'><strong>11166661166161161666116166161661</strong></span> <span class='ocrx_word' id='word_1_515' title='bbox 1363 3539 1461 3604; x_wconf 88' lang='lat' dir='ltr'><strong>huius</strong></span> <span class='ocrx_word' id='word_1_516' title='bbox 1488 3539 1598 3623; x_wconf 85' lang='lat' dir='ltr'><strong>abyssi</strong></span> <span class='ocrx_word' id='word_1_517' title='bbox 1625 3540 1811 3622; x_wconf 90' lang='lat' dir='ltr'><strong>ingressum</strong></span> <span class='ocrx_word' id='word_1_518' title='bbox 1837 3539 1979 3605; x_wconf 86' lang='lat' dir='ltr'><strong>accedat.</strong></span> <span class='ocrx_word' id='word_1_519' title='bbox 2031 3540 2118 3603; x_wconf 89' lang='lat' dir='ltr'><strong>Nam</strong></span> <span class='ocrx_word' id='word_1_520' title='bbox 2141 3538 2221 3603; x_wconf 92' lang='lat' dir='ltr'><strong>dum</strong></span> 
     </span>
     <span class='ocr_line' id='line_1_39' title="bbox 212 3609 2220 3713; baseline 0 -26"><span class='ocrx_word' id='word_1_521' title='bbox 212 3643 323 3687; x_wconf 81' lang='lat' dir='ltr'><strong>voees:</strong></span> <span class='ocrx_word' id='word_1_522' title='bbox 353 3623 447 3687; x_wconf 86' lang='lat' dir='ltr'><strong>video</strong></span> <span class='ocrx_word' id='word_1_523' title='bbox 475 3624 609 3688; x_wconf 91' lang='lat' dir='ltr'><strong>meliora</strong></span> <span class='ocrx_word' id='word_1_524' title='bbox 637 3625 814 3707; x_wconf 78' lang='lat' dir='ltr'><strong>proboque3</strong></span> <span class='ocrx_word' id='word_1_525' title='bbox 844 3624 1004 3711; x_wconf 84' lang='lat' dir='ltr'><strong>deteriora</strong></span> <span class='ocrx_word' id='word_1_526' title='bbox 1026 3646 1150 3707; x_wconf 91' lang='lat' dir='ltr'><strong>sequor.</strong></span> <span class='ocrx_word' id='word_1_527' title='bbox 1160 3625 1189 3708; x_wconf 87' lang='lat'><strong>⁴)</strong></span> <span class='ocrx_word' id='word_1_528' title='bbox 1215 3609 1218 3713; x_wconf 90' lang='grc'><strong>)</strong></span> <span class='ocrx_word' id='word_1_529' title='bbox 1242 3623 1426 3707; x_wconf 86' lang='grc'><strong>6111666611</strong></span> <span class='ocrx_word' id='word_1_530' title='bbox 1448 3646 1507 3708; x_wconf 89' lang='grc'><strong>616</strong></span> <span class='ocrx_word' id='word_1_531' title='bbox 1529 3626 1616 3690; x_wconf 89' lang='lat' dir='ltr'><strong>vitiis</strong></span> <span class='ocrx_word' id='word_1_532' title='bbox 1638 3633 1756 3689; x_wconf 92' lang='lat' dir='ltr'><strong>notant</strong></span> <span class='ocrx_word' id='word_1_533' title='bbox 1775 3625 2005 3690; x_wconf 87' lang='lat' dir='ltr'><strong>immoderatos</strong></span> <span class='ocrx_word' id='word_1_534' title='bbox 2027 3626 2129 3688; x_wconf 89' lang='lat' dir='ltr'><strong>animi</strong></span> <span class='ocrx_word' id='word_1_535' title='bbox 2150 3646 2220 3688; x_wconf 88' lang='lat' dir='ltr'><strong>me-</strong></span> 
     </span>
     <span class='ocr_line' id='line_1_40' title="bbox 214 3703 2220 3794; baseline 0.002 -25"><span class='ocrx_word' id='word_1_536' title='bbox 214 3703 326 3786; x_wconf 76' lang='lat' dir='ltr'><strong>Quare</strong></span> <span class='ocrx_word' id='word_1_537' title='bbox 352 3709 433 3772; x_wconf 93' lang='lat' dir='ltr'><strong>mihi</strong></span> <span class='ocrx_word' id='word_1_538' title='bbox 463 3711 634 3774; x_wconf 87' lang='lat' dir='ltr'><strong>scitissime</strong></span> <span class='ocrx_word' id='word_1_539' title='bbox 656 3710 849 3775; x_wconf 87' lang='lat' dir='ltr'><strong>Aristoteles</strong></span> <span class='ocrx_word' id='word_1_540' title='bbox 878 3711 965 3774; x_wconf 90' lang='lat' dir='ltr'><strong>inter</strong></span> <span class='ocrx_word' id='word_1_541' title='bbox 986 3712 1189 3775; x_wconf 90' lang='lat' dir='ltr'><strong>incontinen-</strong></span> <span class='ocrx_word' id='word_1_542' title='bbox 1216 3724 1218 3745; x_wconf 77' lang='lat'>⁵</span> <span class='ocrx_word' id='word_1_543' title='bbox 1243 3718 1304 3787; x_wconf 88' lang='grc'><strong>166,</strong></span> <span class='ocrx_word' id='word_1_544' title='bbox 1327 3710 1399 3775; x_wconf 92' lang='lat' dir='ltr'><strong>illos</strong></span> <span class='ocrx_word' id='word_1_545' title='bbox 1420 3719 1587 3776; x_wconf 86' lang='lat' dir='ltr'><strong>exstantes</strong></span> <span class='ocrx_word' id='word_1_546' title='bbox 1602 3718 1635 3775; x_wconf 91' lang='lat' dir='ltr'><strong>et</strong></span> <span class='ocrx_word' id='word_1_547' title='bbox 1652 3733 1686 3776; x_wconf 91' lang='lat' dir='ltr'><strong>se</strong></span> <span class='ocrx_word' id='word_1_548' title='bbox 1708 3712 1920 3777; x_wconf 85' lang='lat' dir='ltr'><strong>crassioribus</strong></span> <span class='ocrx_word' id='word_1_549' title='bbox 1941 3711 2043 3794; x_wconf 88' lang='lat' dir='ltr'><strong>signis</strong></span> <span class='ocrx_word' id='word_1_550' title='bbox 2065 3731 2220 3775; x_wconf 88' lang='lat' dir='ltr'><strong>exseren-</strong></span> 
     </span>
     <span class='ocr_line' id='line_1_41' title="bbox 214 3792 2219 3881; baseline 0.003 -28"><span class='ocrx_word' id='word_1_551' title='bbox 214 3792 349 3856; x_wconf 83' lang='grc'><strong>1166161</strong></span> <span class='ocrx_word' id='word_1_552' title='bbox 379 3795 665 3877; x_wconf 89' lang='lat' dir='ltr'><strong>intemperantiam</strong></span> <span class='ocrx_word' id='word_1_553' title='bbox 693 3795 823 3860; x_wconf 84' lang='lat' dir='ltr'><strong>videtur</strong></span> <span class='ocrx_word' id='word_1_554' title='bbox 845 3796 1041 3860; x_wconf 86' lang='lat' dir='ltr'><strong>distinxisse.</strong></span> <span class='ocrx_word' id='word_1_555' title='bbox 1052 3796 1081 3879; x_wconf 70' lang='grc' dir='ltr'><strong>ὁ)</strong></span> <span class='ocrx_word' id='word_1_556' title='bbox 1124 3796 1190 3863; x_wconf 89' lang='lat' dir='ltr'><strong>Ubi</strong></span> <span class='ocrx_word' id='word_1_557' title='bbox 1242 3805 1291 3860; x_wconf 92' lang='lat' dir='ltr'><strong>tes</strong></span> <span class='ocrx_word' id='word_1_558' title='bbox 1313 3796 1517 3880; x_wconf 88' lang='lat' dir='ltr'><strong>intelligunt;</strong></span> <span class='ocrx_word' id='word_1_559' title='bbox 1540 3818 1623 3879; x_wconf 89' lang='lat' dir='ltr'><strong>quae</strong></span> <span class='ocrx_word' id='word_1_560' title='bbox 1645 3804 1754 3862; x_wconf 90' lang='lat' dir='ltr'><strong>autem</strong></span> <span class='ocrx_word' id='word_1_561' title='bbox 1775 3798 1901 3881; x_wconf 84' lang='lat' dir='ltr'><strong>placide</strong></span> <span class='ocrx_word' id='word_1_562' title='bbox 1918 3795 2054 3860; x_wconf 84' lang='lat' dir='ltr'><strong>titillant</strong></span> <span class='ocrx_word' id='word_1_563' title='bbox 2071 3797 2219 3860; x_wconf 91' lang='lat' dir='ltr'><strong>animum</strong></span> 
     </span>
     <span class='ocr_line' id='line_1_42' title="bbox 213 3877 2221 3967; baseline 0.003 -27"><span class='ocrx_word' id='word_1_564' title='bbox 213 3877 447 3943; x_wconf 87' lang='lat' dir='ltr'><strong>incontinentia</strong></span> <span class='ocrx_word' id='word_1_565' title='bbox 468 3888 592 3964; x_wconf 86' lang='lat' dir='ltr'><strong>regnat,</strong></span> <span class='ocrx_word' id='word_1_566' title='bbox 617 3882 695 3947; x_wconf 89' lang='lat' dir='ltr'><strong>dicit</strong></span> <span class='ocrx_word' id='word_1_567' title='bbox 716 3904 774 3964; x_wconf 91' lang='lat' dir='ltr'><strong>per</strong></span> <span class='ocrx_word' id='word_1_568' title='bbox 792 3883 946 3947; x_wconf 88' lang='lat' dir='ltr'><strong>affectum</strong></span> <span class='ocrx_word' id='word_1_569' title='bbox 963 3883 1191 3964; x_wconf 91' lang='lat' dir='ltr'><strong>perturbatum</strong></span> <span class='ocrx_word' id='word_1_570' title='bbox 1241 3903 1345 3965; x_wconf 82' lang='lat' dir='ltr'><strong>prava</strong></span> <span class='ocrx_word' id='word_1_571' title='bbox 1373 3882 1546 3962; x_wconf 88' lang='lat' dir='ltr'><strong>desideria,</strong></span> <span class='ocrx_word' id='word_1_572' title='bbox 1576 3883 1672 3947; x_wconf 89' lang='lat' dir='ltr'><strong>nihili</strong></span> <span class='ocrx_word' id='word_1_573' title='bbox 1698 3889 1860 3967; x_wconf 87' lang='lat' dir='ltr'><strong>reputant</strong></span> <span class='ocrx_word' id='word_1_574' title='bbox 1907 3881 2033 3962; x_wconf 75' lang='lat' dir='ltr'><strong>Quare,</strong></span> <span class='ocrx_word' id='word_1_575' title='bbox 2062 3888 2221 3964; x_wconf 89' lang='lat' dir='ltr'><strong>utsupra</strong></span> 
     </span>
     <span class='ocr_line' id='line_1_43' title="bbox 214 3961 2221 4052; baseline 0.003 -26"><span class='ocrx_word' id='word_1_576' title='bbox 214 3983 270 4026; x_wconf 91' lang='lat' dir='ltr'><strong>seu</strong></span> <span class='ocrx_word' id='word_1_577' title='bbox 291 3961 393 4036; x_wconf 71' lang='grc' dir='ltr'><strong><em>πάθος</em></strong></span> <span class='ocrx_word' id='word_1_578' title='bbox 414 3967 643 4046; x_wconf 82' lang='grc'><strong>6611166161616</strong></span> <span class='ocrx_word' id='word_1_579' title='bbox 661 3969 811 4031; x_wconf 89' lang='lat' dir='ltr'><strong>notitiam</strong></span> <span class='ocrx_word' id='word_1_580' title='bbox 828 3968 930 4031; x_wconf 91' lang='lat' dir='ltr'><strong>menti</strong></span> <span class='ocrx_word' id='word_1_581' title='bbox 947 3968 1038 4049; x_wconf 91' lang='lat' dir='ltr'><strong>cripi,</strong></span> <span class='ocrx_word' id='word_1_582' title='bbox 1061 3990 1103 4033; x_wconf 93' lang='lat' dir='ltr'><strong>ne</strong></span> <span class='ocrx_word' id='word_1_583' title='bbox 1120 3990 1190 4032; x_wconf 75' lang='lat' dir='ltr'><strong>ma</strong></span> <span class='ocrx_word' id='word_1_584' title='bbox 1215 3992 1218 4001; x_wconf 67' lang='lat'>¹</span> <span class='ocrx_word' id='word_1_585' title='bbox 1242 3969 1358 4032; x_wconf 89' lang='lat' dir='ltr'><strong>merito</strong></span> <span class='ocrx_word' id='word_1_586' title='bbox 1387 3969 1605 4052; x_wconf 85' lang='lat' dir='ltr'><strong>reprehensus</strong></span> <span class='ocrx_word' id='word_1_587' title='bbox 1632 3977 1682 4034; x_wconf 91' lang='grc'><strong>661</strong></span> <span class='ocrx_word' id='word_1_588' title='bbox 1707 3971 1818 4049; x_wconf 83' lang='grc' dir='ltr'><strong>Ρ1616,</strong></span> <span class='ocrx_word' id='word_1_589' title='bbox 1847 3967 1933 4051; x_wconf 90' lang='grc'><strong>6661</strong></span> <span class='ocrx_word' id='word_1_590' title='bbox 1955 3969 2066 4032; x_wconf 88' lang='lat' dir='ltr'><strong>omnia</strong></span> <span class='ocrx_word' id='word_1_591' title='bbox 2087 3976 2221 4049; x_wconf 90' lang='lat' dir='ltr'><strong>peecata</strong></span> 
     </span>
     <span class='ocr_line' id='line_1_44' title="bbox 213 4047 2221 4137; baseline 0.003 -26"><span class='ocrx_word' id='word_1_592' title='bbox 213 4047 284 4111; x_wconf 91' lang='lat' dir='ltr'><strong>lum</strong></span> <span class='ocrx_word' id='word_1_593' title='bbox 313 4050 463 4114; x_wconf 78' lang='lat' dir='ltr'><strong>observet</strong></span> <span class='ocrx_word' id='word_1_594' title='bbox 494 4053 528 4115; x_wconf 91' lang='grc'><strong>16</strong></span> <span class='ocrx_word' id='word_1_595' title='bbox 551 4075 609 4117; x_wconf 90' lang='grc'><strong>666</strong></span> <span class='ocrx_word' id='word_1_596' title='bbox 636 4054 792 4131; x_wconf 86' lang='lat' dir='ltr'><strong>facinore,</strong></span> <span class='ocrx_word' id='word_1_597' title='bbox 821 4052 907 4135; x_wconf 90' lang='lat' dir='ltr'><strong>quod</strong></span> <span class='ocrx_word' id='word_1_598' title='bbox 937 4054 1133 4136; x_wconf 85' lang='lat' dir='ltr'><strong>generaliter</strong></span> <span class='ocrx_word' id='word_1_599' title='bbox 1154 4056 1189 4117; x_wconf 91' lang='lat' dir='ltr'><strong>in</strong></span> <span class='ocrx_word' id='word_1_600' title='bbox 1241 4054 1446 4137; x_wconf 90' lang='lat' dir='ltr'><strong>ignorantiae</strong></span> <span class='ocrx_word' id='word_1_601' title='bbox 1467 4056 1654 4137; x_wconf 76' lang='lat' dir='ltr'><strong>imputant,</strong></span> <span class='ocrx_word' id='word_1_602' title='bbox 1686 4056 1733 4120; x_wconf 91' lang='lat' dir='ltr'><strong>ita</strong></span> <span class='ocrx_word' id='word_1_603' title='bbox 1754 4063 1920 4120; x_wconf 91' lang='lat' dir='ltr'><strong>eteorum</strong></span> <span class='ocrx_word' id='word_1_604' title='bbox 1941 4060 1991 4118; x_wconf 88' lang='lat' dir='ltr'><strong>est</strong></span> <span class='ocrx_word' id='word_1_605' title='bbox 2017 4053 2221 4136; x_wconf 90' lang='lat' dir='ltr'><strong>repudianda</strong></span> 
     </span>
     <span class='ocr_line' id='line_1_45' title="bbox 214 4134 2233 4224; baseline 0.003 -27"><span class='ocrx_word' id='word_1_606' title='bbox 214 4134 373 4199; x_wconf 89' lang='lat' dir='ltr'><strong>similibus</strong></span> <span class='ocrx_word' id='word_1_607' title='bbox 392 4137 511 4216; x_wconf 88' lang='lat' dir='ltr'><strong>cernit;</strong></span> <span class='ocrx_word' id='word_1_608' title='bbox 534 4139 591 4202; x_wconf 90' lang='lat' dir='ltr'><strong>ubi</strong></span> <span class='ocrx_word' id='word_1_609' title='bbox 612 4139 772 4202; x_wconf 87' lang='lat' dir='ltr'><strong>deferbuit</strong></span> <span class='ocrx_word' id='word_1_610' title='bbox 788 4139 999 4221; x_wconf 87' lang='lat' dir='ltr'><strong>perturbatio,</strong></span> <span class='ocrx_word' id='word_1_611' title='bbox 1022 4141 1190 4222; x_wconf 90' lang='lat' dir='ltr'><strong>poeniten·</strong></span> <span class='ocrx_word' id='word_1_612' title='bbox 1222 4141 1364 4222; x_wconf 83' lang='lat' dir='ltr'><strong>opinio,</strong></span> <span class='ocrx_word' id='word_1_613' title='bbox 1400 4142 1455 4224; x_wconf 92' lang='lat' dir='ltr'><strong>qui</strong></span> <span class='ocrx_word' id='word_1_614' title='bbox 1489 4141 1671 4206; x_wconf 86' lang='lat' dir='ltr'><strong>consultam</strong></span> <span class='ocrx_word' id='word_1_615' title='bbox 1704 4143 1864 4206; x_wconf 89' lang='lat' dir='ltr'><strong>malitiam</strong></span> <span class='ocrx_word' id='word_1_616' title='bbox 1890 4148 1924 4205; x_wconf 93' lang='lat' dir='ltr'><strong>et</strong></span> <span class='ocrx_word' id='word_1_617' title='bbox 1954 4140 2152 4221; x_wconf 88' lang='lat' dir='ltr'><strong>pravitatem</strong></span> <span class='ocrx_word' id='word_1_618' title='bbox 2184 4138 2233 4202; x_wconf 75' lang='lat' dir='ltr'><strong>in&#39;</strong></span> 
     </span>
     <span class='ocr_line' id='line_1_46' title="bbox 213 4220 2221 4310; baseline 0.003 -28"><span class='ocrx_word' id='word_1_619' title='bbox 213 4220 293 4284; x_wconf 88' lang='lat' dir='ltr'><strong>tiam</strong></span> <span class='ocrx_word' id='word_1_620' title='bbox 326 4221 488 4303; x_wconf 88' lang='lat' dir='ltr'><strong>extemplo</strong></span> <span class='ocrx_word' id='word_1_621' title='bbox 527 4223 706 4288; x_wconf 87' lang='lat' dir='ltr'><strong>succedere.</strong></span> <span class='ocrx_word' id='word_1_622' title='bbox 758 4224 1050 4307; x_wconf 87' lang='lat' dir='ltr'><strong>Intemperantiam</strong></span> <span class='ocrx_word' id='word_1_623' title='bbox 1080 4228 1190 4289; x_wconf 83' lang='lat' dir='ltr'><strong>autem</strong></span> <span class='ocrx_word' id='word_1_624' title='bbox 1216 4276 1217 4283; x_wconf 58' lang='grc'><strong>.</strong></span> <span class='ocrx_word' id='word_1_625' title='bbox 1241 4227 1392 4292; x_wconf 90' lang='lat' dir='ltr'><strong>omnibus</strong></span> <span class='ocrx_word' id='word_1_626' title='bbox 1408 4227 1550 4310; x_wconf 87' lang='grc'><strong>66666116</strong></span> <span class='ocrx_word' id='word_1_627' title='bbox 1568 4228 1769 4293; x_wconf 87' lang='lat' dir='ltr'><strong>intercedere</strong></span> <span class='ocrx_word' id='word_1_628' title='bbox 1787 4227 1930 4292; x_wconf 86' lang='grc'><strong>1161661.</strong></span> <span class='ocrx_word' id='word_1_629' title='bbox 1965 4226 2113 4290; x_wconf 91' lang='lat' dir='ltr'><strong>Nimium</strong></span> <span class='ocrx_word' id='word_1_630' title='bbox 2131 4226 2221 4288; x_wconf 89' lang='lat' dir='ltr'><strong>enim</strong></span> 
     </span>
     <span class='ocr_line' id='line_1_47' title="bbox 213 4307 2219 4396; baseline 0.002 -27"><span class='ocrx_word' id='word_1_631' title='bbox 213 4327 280 4370; x_wconf 93' lang='grc'><strong>666</strong></span> <span class='ocrx_word' id='word_1_632' title='bbox 309 4307 473 4390; x_wconf 88' lang='lat' dir='ltr'><strong>exstingui</strong></span> <span class='ocrx_word' id='word_1_633' title='bbox 497 4316 553 4371; x_wconf 89' lang='lat' dir='ltr'><strong>aut</strong></span> <span class='ocrx_word' id='word_1_634' title='bbox 574 4310 683 4392; x_wconf 87' lang='lat' dir='ltr'><strong>frangi</strong></span> <span class='ocrx_word' id='word_1_635' title='bbox 710 4312 832 4392; x_wconf 87' lang='lat' dir='ltr'><strong>peccati</strong></span> <span class='ocrx_word' id='word_1_636' title='bbox 856 4331 969 4389; x_wconf 89' lang='lat' dir='ltr'><strong>sensu,</strong></span> <span class='ocrx_word' id='word_1_637' title='bbox 998 4310 1056 4376; x_wconf 90' lang='lat' dir='ltr'><strong>sed</strong></span> <span class='ocrx_word' id='word_1_638' title='bbox 1077 4318 1191 4376; x_wconf 89' lang='lat' dir='ltr'><strong>contra</strong></span> <span class='ocrx_word' id='word_1_639' title='bbox 1215 4307 1217 4340; x_wconf 74' lang='lat'><strong><em>⁴</em></strong></span> <span class='ocrx_word' id='word_1_640' title='bbox 1242 4314 1438 4393; x_wconf 88' lang='lat' dir='ltr'><strong>experimur,</strong></span> <span class='ocrx_word' id='word_1_641' title='bbox 1461 4314 1586 4396; x_wconf 89' lang='lat' dir='ltr'><strong>quoties</strong></span> <span class='ocrx_word' id='word_1_642' title='bbox 1608 4313 1758 4378; x_wconf 90' lang='lat' dir='ltr'><strong>labamur</strong></span> <span class='ocrx_word' id='word_1_643' title='bbox 1779 4335 1855 4378; x_wconf 91' lang='lat' dir='ltr'><strong>eum</strong></span> <span class='ocrx_word' id='word_1_644' title='bbox 1875 4314 1963 4378; x_wconf 91' lang='lat' dir='ltr'><strong>bona</strong></span> <span class='ocrx_word' id='word_1_645' title='bbox 1979 4318 2091 4376; x_wconf 83' lang='lat' dir='ltr'><strong>nostra</strong></span> <span class='ocrx_word' id='word_1_646' title='bbox 2112 4312 2219 4375; x_wconf 86' lang='lat' dir='ltr'><strong>inten-</strong></span> 
     </span>
     <span class='ocr_line' id='line_1_48' title="bbox 213 4392 2220 4477; baseline 0.002 -21"><span class='ocrx_word' id='word_1_647' title='bbox 213 4392 374 4457; x_wconf 88' lang='lat' dir='ltr'><strong>0bstinate</strong></span> <span class='ocrx_word' id='word_1_648' title='bbox 396 4393 432 4456; x_wconf 94' lang='lat' dir='ltr'><strong>in</strong></span> <span class='ocrx_word' id='word_1_649' title='bbox 454 4401 604 4475; x_wconf 90' lang='lat' dir='ltr'><strong>suscepta</strong></span> <span class='ocrx_word' id='word_1_650' title='bbox 626 4395 703 4458; x_wconf 90' lang='lat' dir='ltr'><strong>mali</strong></span> <span class='ocrx_word' id='word_1_651' title='bbox 726 4395 882 4461; x_wconf 90' lang='lat' dir='ltr'><strong>electione</strong></span> <span class='ocrx_word' id='word_1_652' title='bbox 902 4397 1084 4477; x_wconf 91' lang='lat' dir='ltr'><strong>persistere.</strong></span> <span class='ocrx_word' id='word_1_653' title='bbox 1241 4398 1337 4463; x_wconf 89' lang='lat' dir='ltr'><strong>tiene.</strong></span> <span class='ocrx_word' id='word_1_654' title='bbox 1383 4400 1445 4464; x_wconf 78' lang='lat' dir='ltr'><strong>&#39;let</strong></span> <span class='ocrx_word' id='word_1_655' title='bbox 1473 4399 1622 4471; x_wconf 83' lang='grc'><strong>61161161</strong></span> <span class='ocrx_word' id='word_1_656' title='bbox 1651 4400 1946 4464; x_wconf 89' lang='lat' dir='ltr'><strong>hellucinationum</strong></span> <span class='ocrx_word' id='word_1_657' title='bbox 1973 4398 2086 4462; x_wconf 88' lang='lat' dir='ltr'><strong>formis</strong></span> <span class='ocrx_word' id='word_1_658' title='bbox 2106 4403 2220 4461; x_wconf 87' lang='lat' dir='ltr'><strong>nostra</strong></span> 
     </span>
     <span class='ocr_line' id='line_1_49' title="bbox 300 4479 2220 4565; baseline 0.002 -24"><span class='ocrx_word' id='word_1_659' title='bbox 300 4482 350 4542; x_wconf 89' lang='grc'><strong>43.</strong></span> <span class='ocrx_word' id='word_1_660' title='bbox 396 4479 500 4543; x_wconf 92' lang='lat' dir='ltr'><strong>Porro</strong></span> <span class='ocrx_word' id='word_1_661' title='bbox 526 4501 627 4561; x_wconf 93' lang='lat' dir='ltr'><strong>quum</strong></span> <span class='ocrx_word' id='word_1_662' title='bbox 654 4480 810 4545; x_wconf 92' lang='lat' dir='ltr'><strong>iudicium</strong></span> <span class='ocrx_word' id='word_1_663' title='bbox 831 4480 1018 4547; x_wconf 74' lang='lat' dir='ltr'><strong>universale</strong></span> <span class='ocrx_word' id='word_1_664' title='bbox 1040 4482 1133 4546; x_wconf 91' lang='lat' dir='ltr'><strong>audis</strong></span> <span class='ocrx_word' id='word_1_665' title='bbox 1154 4484 1189 4546; x_wconf 90' lang='lat' dir='ltr'><strong>in</strong></span> <span class='ocrx_word' id='word_1_666' title='bbox 1241 4485 1334 4562; x_wconf 88' lang='lat' dir='ltr'><strong>ratio,</strong></span> <span class='ocrx_word' id='word_1_667' title='bbox 1357 4491 1407 4549; x_wconf 84' lang='lat' dir='ltr'><strong>tot</strong></span> <span class='ocrx_word' id='word_1_668' title='bbox 1428 4486 1592 4550; x_wconf 90' lang='lat' dir='ltr'><strong>erroribus</strong></span> <span class='ocrx_word' id='word_1_669' title='bbox 1615 4491 1665 4549; x_wconf 89' lang='lat' dir='ltr'><strong>est</strong></span> <span class='ocrx_word' id='word_1_670' title='bbox 1686 4485 1835 4562; x_wconf 89' lang='lat' dir='ltr'><strong>obnoxia,</strong></span> <span class='ocrx_word' id='word_1_671' title='bbox 1858 4485 1893 4547; x_wconf 91' lang='lat' dir='ltr'><strong>in</strong></span> <span class='ocrx_word' id='word_1_672' title='bbox 1915 4491 1964 4547; x_wconf 87' lang='lat' dir='ltr'><strong>tet</strong></span> <span class='ocrx_word' id='word_1_673' title='bbox 1985 4481 2220 4565; x_wconf 87' lang='lat' dir='ltr'><strong>impedimenta</strong></span> 
     </span>
     <span class='ocr_line' id='line_1_50' title="bbox 212 4563 2219 4655; baseline 0.002 -28"><span class='ocrx_word' id='word_1_674' title='bbox 212 4563 288 4628; x_wconf 90' lang='lat' dir='ltr'><strong>boni</strong></span> <span class='ocrx_word' id='word_1_675' title='bbox 317 4571 351 4628; x_wconf 91' lang='lat' dir='ltr'><strong>et</strong></span> <span class='ocrx_word' id='word_1_676' title='bbox 377 4564 456 4630; x_wconf 87' lang='lat' dir='ltr'><strong>mali</strong></span> <span class='ocrx_word' id='word_1_677' title='bbox 478 4564 678 4644; x_wconf 84' lang='lat' dir='ltr'><strong>discrimine,</strong></span> <span class='ocrx_word' id='word_1_678' title='bbox 708 4588 751 4630; x_wconf 92' lang='lat' dir='ltr'><strong>ne</strong></span> <span class='ocrx_word' id='word_1_679' title='bbox 772 4589 889 4632; x_wconf 88' lang='lat' dir='ltr'><strong>sanum</strong></span> <span class='ocrx_word' id='word_1_680' title='bbox 909 4567 1029 4649; x_wconf 90' lang='lat' dir='ltr'><strong>ubique</strong></span> <span class='ocrx_word' id='word_1_681' title='bbox 1052 4574 1085 4631; x_wconf 89' lang='lat' dir='ltr'><strong>et</strong></span> <span class='ocrx_word' id='word_1_682' title='bbox 1105 4568 1188 4633; x_wconf 90' lang='grc'><strong>1616-</strong></span> <span class='ocrx_word' id='word_1_683' title='bbox 1240 4570 1402 4654; x_wconf 88' lang='lat' dir='ltr'><strong>impingit,</strong></span> <span class='ocrx_word' id='word_1_684' title='bbox 1425 4578 1474 4636; x_wconf 90' lang='grc'><strong>161</strong></span> <span class='ocrx_word' id='word_1_685' title='bbox 1495 4571 1656 4655; x_wconf 89' lang='lat' dir='ltr'><strong>angustiis</strong></span> <span class='ocrx_word' id='word_1_686' title='bbox 1677 4571 1833 4648; x_wconf 90' lang='lat' dir='ltr'><strong>irretitur,</strong></span> <span class='ocrx_word' id='word_1_687' title='bbox 1856 4576 1895 4633; x_wconf 91' lang='lat' dir='ltr'><strong>ut</strong></span> <span class='ocrx_word' id='word_1_688' title='bbox 1915 4568 2096 4651; x_wconf 84' lang='lat' dir='ltr'><strong>plurimum</strong></span> <span class='ocrx_word' id='word_1_689' title='bbox 2113 4590 2133 4633; x_wconf 89' lang='lat' dir='ltr'><strong>a</strong></span> <span class='ocrx_word' id='word_1_690' title='bbox 2149 4588 2219 4633; x_wconf 89' lang='lat' dir='ltr'><strong>cer-</strong></span> 
     </span>
     <span class='ocr_line' id='line_1_51' title="bbox 213 4652 2220 4737; baseline 0.001 -23"><span class='ocrx_word' id='word_1_691' title='bbox 213 4669 310 4731; x_wconf 85' lang='lat' dir='ltr'><strong>grum</strong></span> <span class='ocrx_word' id='word_1_692' title='bbox 337 4672 407 4715; x_wconf 92' lang='lat' dir='ltr'><strong>esse</strong></span> <span class='ocrx_word' id='word_1_693' title='bbox 435 4657 537 4734; x_wconf 88' lang='lat' dir='ltr'><strong>putes.</strong></span> <span class='ocrx_word' id='word_1_694' title='bbox 594 4652 681 4717; x_wconf 91' lang='lat' dir='ltr'><strong>Nam</strong></span> <span class='ocrx_word' id='word_1_695' title='bbox 709 4652 738 4717; x_wconf 92' lang='lat' dir='ltr'><strong>si</strong></span> <span class='ocrx_word' id='word_1_696' title='bbox 767 4653 802 4716; x_wconf 93' lang='lat' dir='ltr'><strong>in</strong></span> <span class='ocrx_word' id='word_1_697' title='bbox 829 4652 917 4717; x_wconf 93' lang='lat' dir='ltr'><strong>hunc</strong></span> <span class='ocrx_word' id='word_1_698' title='bbox 939 4659 1069 4717; x_wconf 85' lang='lat' dir='ltr'><strong>tantum</strong></span> <span class='ocrx_word' id='word_1_699' title='bbox 1088 4655 1189 4718; x_wconf 89' lang='lat' dir='ltr'><strong>finem</strong></span> <span class='ocrx_word' id='word_1_700' title='bbox 1214 4702 1217 4724; x_wconf 66' lang='lat'>2</span> <span class='ocrx_word' id='word_1_701' title='bbox 1241 4661 1276 4718; x_wconf 89' lang='lat' dir='ltr'><strong>ta</strong></span> <span class='ocrx_word' id='word_1_702' title='bbox 1297 4655 1472 4723; x_wconf 89' lang='lat' dir='ltr'><strong>directione</strong></span> <span class='ocrx_word' id='word_1_703' title='bbox 1495 4657 1587 4722; x_wconf 90' lang='lat' dir='ltr'><strong>absit.</strong></span> <span class='ocrx_word' id='word_1_704' title='bbox 1623 4656 1733 4737; x_wconf 76' lang='lat' dir='ltr'><strong>Quam</strong></span> <span class='ocrx_word' id='word_1_705' title='bbox 1754 4678 1832 4720; x_wconf 84' lang='lat' dir='ltr'><strong>vero</strong></span> <span class='ocrx_word' id='word_1_706' title='bbox 1854 4654 1938 4719; x_wconf 90' lang='lat' dir='ltr'><strong>nihil</strong></span> <span class='ocrx_word' id='word_1_707' title='bbox 1960 4657 2003 4720; x_wconf 93' lang='lat' dir='ltr'><strong>sit</strong></span> <span class='ocrx_word' id='word_1_708' title='bbox 2023 4674 2134 4720; x_wconf 90' lang='lat' dir='ltr'><strong>eoram</strong></span> <span class='ocrx_word' id='word_1_709' title='bbox 2149 4653 2220 4717; x_wconf 91' lang='lat' dir='ltr'><strong>De-</strong></span> 
     </span>
     <span class='ocr_line' id='line_1_52' title="bbox 207 4733 2221 4824; baseline 0.002 -27"><span class='ocrx_word' id='word_1_710' title='bbox 207 4733 289 4798; x_wconf 93' lang='lat' dir='ltr'><strong>·iusti</strong></span> <span class='ocrx_word' id='word_1_711' title='bbox 312 4742 345 4800; x_wconf 92' lang='lat' dir='ltr'><strong>et</strong></span> <span class='ocrx_word' id='word_1_712' title='bbox 364 4737 478 4802; x_wconf 91' lang='lat' dir='ltr'><strong>iniusti</strong></span> <span class='ocrx_word' id='word_1_713' title='bbox 499 4736 626 4803; x_wconf 89' lang='lat' dir='ltr'><strong>delectu</strong></span> <span class='ocrx_word' id='word_1_714' title='bbox 645 4739 771 4804; x_wconf 91' lang='lat' dir='ltr'><strong>imbuta</strong></span> <span class='ocrx_word' id='word_1_715' title='bbox 793 4745 871 4803; x_wconf 92' lang='lat' dir='ltr'><strong>sunt</strong></span> <span class='ocrx_word' id='word_1_716' title='bbox 892 4737 990 4803; x_wconf 90' lang='lat' dir='ltr'><strong>eorda</strong></span> <span class='ocrx_word' id='word_1_717' title='bbox 1008 4738 1187 4821; x_wconf 90' lang='lat' dir='ltr'><strong>hominum,</strong></span> <span class='ocrx_word' id='word_1_718' title='bbox 1241 4741 1330 4806; x_wconf 93' lang='lat' dir='ltr'><strong>mino</strong></span> <span class='ocrx_word' id='word_1_719' title='bbox 1363 4743 1398 4806; x_wconf 90' lang='lat' dir='ltr'><strong>in</strong></span> <span class='ocrx_word' id='word_1_720' title='bbox 1435 4744 1561 4809; x_wconf 89' lang='lat' dir='ltr'><strong>cunctis</strong></span> <span class='ocrx_word' id='word_1_721' title='bbox 1594 4744 1681 4807; x_wconf 85' lang='lat' dir='ltr'><strong>vitae</strong></span> <span class='ocrx_word' id='word_1_722' title='bbox 1719 4742 1880 4824; x_wconf 87' lang='lat' dir='ltr'><strong>partibus,</strong></span> <span class='ocrx_word' id='word_1_723' title='bbox 1919 4741 2045 4806; x_wconf 89' lang='lat' dir='ltr'><strong>Paulus</strong></span> <span class='ocrx_word' id='word_1_724' title='bbox 2077 4736 2221 4805; x_wconf 88' lang='lat' dir='ltr'><strong>ostendit</strong></span> 
     </span>
     <span class='ocr_line' id='line_1_53' title="bbox 213 4822 2220 4914; baseline 0.002 -30"><span class='ocrx_word' id='word_1_725' title='bbox 213 4841 254 4884; x_wconf 93' lang='grc'><strong>66</strong></span> <span class='ocrx_word' id='word_1_726' title='bbox 271 4822 475 4904; x_wconf 86' lang='lat' dir='ltr'><strong>ignorantiae</strong></span> <span class='ocrx_word' id='word_1_727' title='bbox 493 4825 736 4890; x_wconf 88' lang='lat' dir='ltr'><strong>excusationem</strong></span> <span class='ocrx_word' id='word_1_728' title='bbox 752 4831 955 4907; x_wconf 90' lang='lat' dir='ltr'><strong>praetexant,</strong></span> <span class='ocrx_word' id='word_1_729' title='bbox 978 4825 1112 4891; x_wconf 88' lang='lat' dir='ltr'><strong>minime</strong></span> <span class='ocrx_word' id='word_1_730' title='bbox 1130 4849 1188 4891; x_wconf 92' lang='lat' dir='ltr'><strong>ne-</strong></span> <span class='ocrx_word' id='word_1_731' title='bbox 1241 4827 1276 4911; x_wconf 85' lang='lat'><strong>(2</strong></span> <span class='ocrx_word' id='word_1_732' title='bbox 1295 4826 1369 4892; x_wconf 79' lang='lat' dir='ltr'><strong>Cor.</strong></span> <span class='ocrx_word' id='word_1_733' title='bbox 1391 4832 1419 4906; x_wconf 91' lang='lat'><strong>3,</strong></span> <span class='ocrx_word' id='word_1_734' title='bbox 1440 4832 1484 4914; x_wconf 84' lang='lat'><strong>5),</strong></span> <span class='ocrx_word' id='word_1_735' title='bbox 1507 4828 1587 4892; x_wconf 91' lang='lat' dir='ltr'><strong>dum</strong></span> <span class='ocrx_word' id='word_1_736' title='bbox 1608 4836 1708 4911; x_wconf 88' lang='lat' dir='ltr'><strong>negat</strong></span> <span class='ocrx_word' id='word_1_737' title='bbox 1728 4849 1788 4892; x_wconf 90' lang='lat' dir='ltr'><strong>nos</strong></span> <span class='ocrx_word' id='word_1_738' title='bbox 1808 4827 1942 4892; x_wconf 90' lang='lat' dir='ltr'><strong>idoneos</strong></span> <span class='ocrx_word' id='word_1_739' title='bbox 1963 4828 2018 4909; x_wconf 93' lang='lat' dir='ltr'><strong>qui</strong></span> <span class='ocrx_word' id='word_1_740' title='bbox 2041 4827 2220 4910; x_wconf 84' lang='lat' dir='ltr'><strong>cogitemus</strong></span> 
     </span>
     <span class='ocr_line' id='line_1_54' title="bbox 213 4909 2219 4997; baseline 0.002 -26"><span class='ocrx_word' id='word_1_741' title='bbox 213 4909 391 4971; x_wconf 87' lang='lat' dir='ltr'><strong>cessarium</strong></span> <span class='ocrx_word' id='word_1_742' title='bbox 419 4917 469 4975; x_wconf 89' lang='lat' dir='ltr'><strong>est</strong></span> <span class='ocrx_word' id='word_1_743' title='bbox 496 4910 667 4975; x_wconf 82' lang='lat' dir='ltr'><strong>veritatem</strong></span> <span class='ocrx_word' id='word_1_744' title='bbox 695 4912 733 4975; x_wconf 92' lang='lat' dir='ltr'><strong>in</strong></span> <span class='ocrx_word' id='word_1_745' title='bbox 760 4910 899 4994; x_wconf 89' lang='lat' dir='ltr'><strong>singulis</strong></span> <span class='ocrx_word' id='word_1_746' title='bbox 926 4932 1069 4978; x_wconf 89' lang='lat' dir='ltr'><strong>cernere.</strong></span> <span class='ocrx_word' id='word_1_747' title='bbox 1121 4910 1189 4979; x_wconf 78' lang='lat' dir='ltr'><strong>Sed</strong></span> <span class='ocrx_word' id='word_1_748' title='bbox 1241 4934 1283 4977; x_wconf 86' lang='lat' dir='ltr'><strong>ex</strong></span> <span class='ocrx_word' id='word_1_749' title='bbox 1304 4914 1397 4978; x_wconf 91' lang='lat' dir='ltr'><strong>nobis</strong></span> <span class='ocrx_word' id='word_1_750' title='bbox 1419 4913 1595 4997; x_wconf 90' lang='lat' dir='ltr'><strong>quidpiam,</strong></span> <span class='ocrx_word' id='word_1_751' title='bbox 1618 4922 1776 4995; x_wconf 88' lang='lat' dir='ltr'><strong>tanquam</strong></span> <span class='ocrx_word' id='word_1_752' title='bbox 1797 4935 1839 4977; x_wconf 86' lang='lat' dir='ltr'><strong>ex</strong></span> <span class='ocrx_word' id='word_1_753' title='bbox 1861 4912 1962 4977; x_wconf 91' lang='lat' dir='ltr'><strong>nobis.</strong></span> <span class='ocrx_word' id='word_1_754' title='bbox 2001 4913 2077 4977; x_wconf 92' lang='lat' dir='ltr'><strong>Non</strong></span> <span class='ocrx_word' id='word_1_755' title='bbox 2098 4911 2139 4977; x_wconf 92' lang='lat' dir='ltr'><strong>de</strong></span> <span class='ocrx_word' id='word_1_756' title='bbox 2160 4931 2219 4976; x_wconf 86' lang='lat' dir='ltr'><strong>ve·</strong></span> 
     </span>
     <span class='ocr_line' id='line_1_55' title="bbox 382 4996 2220 5082; baseline -0.002 -19"><span class='ocrx_word' id='word_1_757' title='bbox 382 5040 417 5054; x_wconf 75' lang='grc'><strong>.·-</strong></span> <span class='ocrx_word' id='word_1_758' title='bbox 930 5044 932 5049; x_wconf 89' lang='grc'>-</span> <span class='ocrx_word' id='word_1_759' title='bbox 1239 4998 1366 5064; x_wconf 85' lang='grc'><strong>1661616</strong></span> <span class='ocrx_word' id='word_1_760' title='bbox 1387 4999 1530 5082; x_wconf 89' lang='grc'><strong>16661161</strong></span> <span class='ocrx_word' id='word_1_761' title='bbox 1551 5005 1609 5064; x_wconf 90' lang='grc'><strong>661</strong></span> <span class='ocrx_word' id='word_1_762' title='bbox 1629 4999 1763 5077; x_wconf 88' lang='lat' dir='ltr'><strong>affectu;</strong></span> <span class='ocrx_word' id='word_1_763' title='bbox 1792 4998 1849 5064; x_wconf 92' lang='lat' dir='ltr'><strong>sed</strong></span> <span class='ocrx_word' id='word_1_764' title='bbox 1871 4998 1933 5064; x_wconf 90' lang='lat' dir='ltr'><strong>hoe</strong></span> <span class='ocrx_word' id='word_1_765' title='bbox 1954 5019 2081 5080; x_wconf 89' lang='lat' dir='ltr'><strong>quoque</strong></span> <span class='ocrx_word' id='word_1_766' title='bbox 2105 4996 2220 5062; x_wconf 88' lang='lat' dir='ltr'><strong>adimit</strong></span> 
     </span>
    </p>
   </div>
   <div class='ocr_carea' id='block_1_5' title="bbox 213 5127 1982 5340">
    <p class='ocr_par' dir='ltr' id='par_1_5' title="bbox 213 5127 1982 5340">
     <span class='ocr_line' id='line_1_56' title="bbox 213 5127 1437 5254; baseline 0.011 -77"><span class='ocrx_word' id='word_1_767' title='bbox 213 5190 231 5244; x_wconf 71' lang='lat'><strong>3</strong></span> <span class='ocrx_word' id='word_1_768' title='bbox 283 5127 304 5208; x_wconf 71' lang='lat' dir='ltr'><strong>l.</strong></span> <span class='ocrx_word' id='word_1_769' title='bbox 334 5131 561 5213; x_wconf 63' lang='grc'><strong>1611616666.1</strong></span> <span class='ocrx_word' id='word_1_770' title='bbox 632 5133 804 5254; x_wconf 42' lang='lat' dir='ltr'><strong>&amp;Pamph</strong></span> <span class='ocrx_word' id='word_1_771' title='bbox 829 5134 857 5186; x_wconf 88' lang='lat' dir='ltr'><strong>in</strong></span> <span class='ocrx_word' id='word_1_772' title='bbox 874 5133 898 5186; x_wconf 85' lang='lat'><strong>3.</strong></span> <span class='ocrx_word' id='word_1_773' title='bbox 923 5135 956 5186; x_wconf 84' lang='lat' dir='ltr'><strong>de</strong></span> <span class='ocrx_word' id='word_1_774' title='bbox 980 5136 1080 5198; x_wconf 86' lang='lat' dir='ltr'><strong>anima,</strong></span> <span class='ocrx_word' id='word_1_775' title='bbox 1105 5154 1126 5188; x_wconf 85' lang='lat' dir='ltr'><strong>e.</strong></span> <span class='ocrx_word' id='word_1_776' title='bbox 1145 5135 1186 5188; x_wconf 87' lang='grc'><strong>46.</strong></span> <span class='ocrx_word' id='word_1_777' title='bbox 1213 5151 1215 5208; x_wconf 54' lang='lat' dir='ltr'><strong>l</strong></span> <span class='ocrx_word' id='word_1_778' title='bbox 1248 5177 1256 5182; x_wconf 86' lang='lat'>.</span> <span class='ocrx_word' id='word_1_779' title='bbox 1381 5176 1437 5182; x_wconf 69' lang='lat'><strong>--.-</strong></span> 
     </span>
     <span class='ocr_line' id='line_1_57' title="bbox 232 5194 1188 5274; baseline 0.009 -26"><span class='ocrx_word' id='word_1_780' title='bbox 232 5194 243 5258; x_wconf 87' lang='lat'><em>)</em></span> <span class='ocrx_word' id='word_1_781' title='bbox 259 5194 429 5272; x_wconf 61' lang='grc'><strong>1116666611</strong></span> <span class='ocrx_word' id='word_1_782' title='bbox 448 5200 470 5263; x_wconf 64' lang='grc' dir='ltr'><strong>ἕ.</strong></span> <span class='ocrx_word' id='word_1_783' title='bbox 489 5198 531 5252; x_wconf 78' lang='lat'><strong>42.</strong></span> <span class='ocrx_word' id='word_1_784' title='bbox 549 5217 577 5252; x_wconf 76' lang='lat' dir='ltr'><strong>aa</strong></span> <span class='ocrx_word' id='word_1_785' title='bbox 598 5202 631 5255; x_wconf 83' lang='lat' dir='ltr'><strong>ed</strong></span> <span class='ocrx_word' id='word_1_786' title='bbox 651 5244 656 5254; x_wconf 95' lang='lat'>.</span> <span class='ocrx_word' id='word_1_787' title='bbox 677 5201 744 5256; x_wconf 82' lang='lat'>1550</span> <span class='ocrx_word' id='word_1_788' title='bbox 761 5207 787 5255; x_wconf 83' lang='lat' dir='ltr'><strong>et</strong></span> <span class='ocrx_word' id='word_1_789' title='bbox 805 5199 879 5254; x_wconf 64' lang='grc'><strong>15146</strong></span> <span class='ocrx_word' id='word_1_790' title='bbox 954 5200 984 5269; x_wconf 84' lang='grc'><strong>4)</strong></span> <span class='ocrx_word' id='word_1_791' title='bbox 1003 5204 1098 5256; x_wconf 86' lang='lat' dir='ltr'><strong>Medea</strong></span> <span class='ocrx_word' id='word_1_792' title='bbox 1116 5206 1188 5274; x_wconf 88' lang='lat' dir='ltr'><strong>apud</strong></span> 
     </span>
     <span class='ocr_line' id='line_1_58' title="bbox 214 5261 1982 5340; baseline 0.006 -28"><span class='ocrx_word' id='word_1_793' title='bbox 214 5261 300 5327; x_wconf 76' lang='lat' dir='ltr'><strong>Oud,</strong></span> <span class='ocrx_word' id='word_1_794' title='bbox 320 5265 383 5317; x_wconf 86' lang='lat' dir='ltr'><strong>Met.</strong></span> <span class='ocrx_word' id='word_1_795' title='bbox 453 5265 483 5333; x_wconf 87' lang='grc'><strong>5)</strong></span> <span class='ocrx_word' id='word_1_796' title='bbox 501 5269 560 5320; x_wconf 90' lang='lat' dir='ltr'><strong>Lib.</strong></span> <span class='ocrx_word' id='word_1_797' title='bbox 580 5270 667 5323; x_wconf 84' lang='lat' dir='ltr'><strong>llthie.</strong></span> <span class='ocrx_word' id='word_1_798' title='bbox 687 5269 710 5324; x_wconf 79' lang='lat'><strong>7.</strong></span> <span class='ocrx_word' id='word_1_799' title='bbox 730 5288 751 5323; x_wconf 90' lang='lat' dir='ltr'><strong>e.</strong></span> <span class='ocrx_word' id='word_1_800' title='bbox 770 5269 795 5323; x_wconf 82' lang='lat'><strong>3.</strong></span> <span class='ocrx_word' id='word_1_801' title='bbox 1213 5282 1215 5317; x_wconf 85' lang='grc' dir='ltr'>Ι</span> <span class='ocrx_word' id='word_1_802' title='bbox 1310 5273 1339 5336; x_wconf 88' lang='grc'><strong>1)</strong></span> <span class='ocrx_word' id='word_1_803' title='bbox 1357 5273 1413 5327; x_wconf 81' lang='lat' dir='ltr'><strong>Ha</strong></span> <span class='ocrx_word' id='word_1_804' title='bbox 1430 5274 1528 5340; x_wconf 78' lang='lat' dir='ltr'><strong>incipit</strong></span> <span class='ocrx_word' id='word_1_805' title='bbox 1546 5275 1569 5339; x_wconf 62' lang='grc' dir='ltr'><strong>ξ.</strong></span> <span class='ocrx_word' id='word_1_806' title='bbox 1588 5273 1630 5325; x_wconf 82' lang='grc'><strong>43.</strong></span> <span class='ocrx_word' id='word_1_807' title='bbox 1650 5274 1680 5325; x_wconf 76' lang='lat' dir='ltr'><strong>in</strong></span> <span class='ocrx_word' id='word_1_808' title='bbox 1698 5271 1758 5325; x_wconf 84' lang='lat' dir='ltr'><strong>edd.</strong></span> <span class='ocrx_word' id='word_1_809' title='bbox 1777 5269 1847 5325; x_wconf 73' lang='lat'>1550</span> <span class='ocrx_word' id='word_1_810' title='bbox 1864 5277 1889 5325; x_wconf 75' lang='lat' dir='ltr'><strong>et</strong></span> <span class='ocrx_word' id='word_1_811' title='bbox 1910 5269 1982 5324; x_wconf 75' lang='lat'>1564.</span> 
     </span>
    </p>
   </div>
   <div class='ocr_carea' id='block_1_6' title="bbox 0 0 2390 6020">
    <p class='ocr_par' dir='ltr' id='par_1_6' title="bbox 0 0 2390 6020">
     <span class='ocr_line' id='line_1_59' title="bbox 0 0 2390 6020; baseline 0 0"><span class='ocrx_word' id='word_1_812' title='bbox 0 0 2390 6020; x_wconf 95' lang='lat' dir='ltr'><strong> </strong></span> 
     </span>
    </p>
   </div>
  </div>
 </body>
</html>
