4732 6030
219 331 261 395 er
864 318 1130 388 rusrnumo
1152 317 1461 388 uuuourusr.
1488 323 1578 385 isse.
2077 278 2095 420 ᾗ
2189 324 2233 390 es

220 516 306 601 qnod
329 521 523 600 potestatem
545 513 669 594 accepit
690 535 711 577 a
736 517 829 594 patro
851 511 1037 592 remittendi
1058 519 1200 593 peccata,
1254 512 1342 576 fflius
1363 517 1513 588 vocatur,
1536 510 1664 575 discant
1684 512 1843 575 rationem
1866 510 2019 593 loquendi
2040 515 2232 597 scriptione,

223 601 401 669 srrscitandi
429 608 589 677 mortuos,
619 598 705 680 quod
732 597 830 662 iudex
858 598 1051 663 constitut-us
1075 603 1126 662 cst
1151 599 1201 663 vi-
1253 619 1295 661 ex
1315 618 1380 661 uno
1401 596 1578 678 prophetae
1599 597 1683 674 loco,
1706 596 1793 679 apud
1814 617 1912 678 quem
1933 598 1978 662 sic
1999 599 2163 666 Dominus
2183 602 2234 667 lo-

224 710 341 756 vorum
367 695 401 751 et
425 692 628 750 mortuorum
650 685 746 769 (Luc.
767 688 795 747 5.
823 684 912 747 Ionn.
933 688 961 747 ὀ.
984 688 1013 749 6.
1040 685 1113 749 Act.
1136 682 1199 767 10).
1253 684 1364 766 quitur
1385 682 1501 766 (Mioh.
1522 681 1570 765 5);
1594 690 1627 746 θῖ
1645 690 1681 747 tu
1699 682 1896 747 Bethlehem
1912 683 2071 765 Ephrata
2093 687 2235 769 parvula

223 772 421 840 Huiusmodi
448 772 536 835 enim
564 771 800 853 praerogativis
832 770 999 851 praeditus
1027 771 1089 833 fuit
1114 770 1201 834 filius
1254 791 1289 834 es
1310 771 1345 832 in
1366 768 1510 833 millibus
1531 767 1628 846 Iuda,
1656 790 1698 832 ex
1720 776 1753 833 te
1779 767 1861 831 mihi
1888 782 2040 853 nascetur
2066 772 2149 851 dux,
2175 774 2235 857 qui

222 861 302 936 Dei,
332 880 408 924 cum
435 859 470 921 in
496 878 593 923 earne
621 857 847 921 manifestatus
875 865 938 933 cst;
967 877 1047 937 quae
1075 857 1202 937 etipse
1254 864 1349 937 regat
1379 853 1536 936 populum
1561 876 1671 918 meum
1702 853 1822 932 lsrael,
1850 861 1884 918 et
1915 876 2065 938 egressus
2093 860 2163 924 eius
2191 861 2234 925 ab

221 967 288 1010 una
309 967 385 1009 cum
406 951 514 1026 patro,
543 949 619 1007 onte
639 940 755 1006 mundi
776 941 1037 1006 constitutionem
1059 941 1202 1023 posside-
1254 942 1361 1018 initio,
1385 962 1405 1004 a
1431 939 1545 1004 diebus
1572 941 1782 1004 aeternitatis.
1827 939 2018 1007 Audiuntne
2039 945 2109 1009 eius
2129 947 2235 1028 ipsius

221 1031 291 1106 bat,
323 1038 356 1095 ct
383 1051 466 1112 quae
494 1029 632 1105 homini,
663 1029 718 1110 qui
745 1026 828 1091 nihil
856 1036 941 1091 essct
969 1049 1068 1109 quam
1095 1028 1201 1104 horno,
1255 1025 1396 1103 Christi,
1425 1027 1480 1108 qui
1500 1026 1536 1089 in
1557 1025 1756 1090 Bethlehem
1782 1027 1941 1105 nascitur,
1970 1050 2139 1110 egressum
2161 1052 2235 1097 esse

223 1116 295 1181 dari
316 1137 383 1180 non
403 1120 562 1198 poterant.
607 1115 708 1178 Istius
735 1114 857 1178 formae
885 1113 1049 1194 permulta
1069 1121 1147 1178 sunt
1167 1114 1202 1176 in
1256 1136 1276 1178 a
1307 1112 1421 1177 diebus
1454 1111 1675 1176 aeternitatis?
1725 1113 1841 1194 Atqui,
1870 1113 1897 1177 si
1925 1114 1960 1177 in
1988 1114 2078 1180 illam
2104 1115 2235 1183 dienrm

222 1202 393 1286 evangelio
414 1201 562 1275 Ioannis,
585 1222 667 1282 quac
689 1221 749 1264 nec
770 1198 946 1275 divinitati,
967 1222 1029 1265 uec
1051 1200 1202 1264 humani-
1257 1199 1483 1264 aeternitatem
1500 1194 1541 1283 [p.
1553 1194 1628 1284 128]
1643 1199 1817 1277 intuemur,
1830 1198 1975 1263 nondum
1987 1199 2141 1266 Christus
2151 1210 2232 1268 crat

222 1289 284 1352 tati
303 1289 387 1352 bene
409 1287 613 1363 conveniant,
635 1285 760 1350 Christi
780 1306 945 1367 personae,
969 1287 1004 1349 in
1025 1308 1090 1368 qua
1110 1287 1203 1350 Deus
1254 1285 1382 1349 Verum
1403 1283 1491 1348 istud
1511 1282 1650 1366 quidem,
1673 1283 1730 1348 sed
1751 1283 1838 1348 filius
1859 1284 1924 1348 Dei
1941 1293 2020 1361 crat,
2043 1289 2098 1368 qui
2169 1295 2235 1355 ‘tea

222 1380 255 1439 et
286 1374 384 1438 homo
416 1373 643 1437 manifestatus
673 1378 737 1445 θεῖ,
769 1371 890 1453 optimc
920 1381 1110 1455 congnrant.
1161 1371 1204 1434 Iu
1255 1372 1360 1436 iactus
1380 1368 1602 1435 estChristus.
1639 1367 1696 1435 Sic
1718 1376 1812 1434 autor
1833 1371 1987 1452 epistolae
2008 1372 2050 1437 ad
2062 1309 2235 1440 Heiiioos

222 1459 459 1541 huncquoque
484 1480 617 1522 sensum
644 1456 867 1539 accipiendum
895 1464 945 1521 θεῖ
971 1457 1057 1538 quod
1083 1459 1204 1540 legitur
1257 1456 1373 1542 (Hebr.
1396 1454 1444 1538 1);
1466 1456 1632 1536 proximis,
1655 1456 1768 1537 inquit,
1792 1456 1905 1520 diebus
1926 1456 2054 1523 locutus
2074 1466 2126 1524 est
2139 1461 2235 1527 nobis

223 1546 311 1628 apud
343 1544 485 1609 Paulum
519 1542 551 1626 (1
578 1542 652 1608 Cor.
680 1542 751 1625 15),
791 1535 961 1608 Christum
1000 1543 1204 1607 redditurum
1256 1543 1348 1607 Deus
1376 1543 1411 1605 in
1439 1541 1555 1605 dilecto
1588 1541 1654 1606 filio
1682 1562 1755 1616 suo,
1783 1562 1881 1625 quem
1908 1544 2075 1609 constituit
2100 1546 2237 1612 univer·

210 1652 364 1715 ,regnum
374 1631 447 1696 Deo
469 1637 503 1693 et
524 1630 618 1712 patri.
660 1624 1203 1714 [p.126]Nonenimregnumfilii
1256 1649 1367 1692 sorum
1399 1627 1590 1706 haeredem,
1626 1648 1685 1709 por
1716 1648 1812 1709 quem
1851 1629 1980 1694 saecula
2012 1632 2112 1695 etiam
2147 1632 2235 1699 fecit

223 1718 303 1794 Dei,
327 1715 411 1799 quod
433 1716 564 1780 initium
585 1715 713 1779 nullum
734 1714 863 1790 habuit,
892 1718 993 1779 finem
1014 1715 1204 1780 habiturum
1257 1713 1355 1779 Corte
1376 1713 1482 1778 filium
1509 1734 1580 1778 esse
1602 1713 1783 1795 oportebat,
1811 1720 1987 1797 antequam
2006 1716 2104 1780 homo
2129 1718 2235 1796 fieret,

223 1810 288 1882 est;
316 1802 374 1867 sed
395 1824 459 1883 quo
479 1800 574 1865 modo
596 1811 670 1883 post
692 1823 786 1865 suam
812 1801 1024 1866 abiectionem
1046 1801 1150 1884 gloria
1171 1809 1205 1864 et
1257 1801 1364 1882 siper
1385 1821 1460 1864 eum
1479 1800 1566 1864 iacta
1587 1806 1665 1863 sunt
1681 1799 1819 1877 saecula,
1841 1801 1920 1883 quin
1938 1807 1972 1864 et
1988 1801 2139 1887 colligere
2154 1802 2236 1869 hinc

222 1888 347 1953 honore
369 1894 541 1952 coronatus
564 1894 613 1951 θεῖ
634 1894 668 1950 θῖ
680 1887 873 1951 constitutus
885 1908 983 1968 super
999 1888 1116 1965 omnia,
1140 1908 1203 1969 quo
1256 1886 1345 1964 lieet,
1368 1886 1505 1951 verbum
1526 1886 1591 1949 Dei
1618 1907 1689 1950 esse
1716 1884 1821 1949 filium
1841 1886 1914 1950 Dei.
1959 1888 2047 1952 Nam
2073 1888 2158 1971 quod
2178 1889 2236 1954 Io-

222 1973 336 2049 modo,
367 1982 539 2055 postquam
578 1974 788 2054 semetipsum
821 1973 1015 2051 exinanivit,
1049 1982 1083 2038 ct
1118 1974 1204 2054 patri
1256 1994 1358 2037 annes
1379 1972 1485 2053 inquit
1504 1968 1608 2053 (Ioan.
1631 1971 1672 2055 1),
1696 1992 1755 2054 per
1771 1972 1908 2036 verbum
1924 1973 2010 2038 facta
2026 1995 2098 2040 esse
2114 1977 2236 2049 omnia,
2252 2014 2265 2023 -

172 2133 177 2141 ι
222 2059 427 2125 obedientem
448 2081 483 2122 sc
506 2058 547 2122 ad
568 2066 708 2122 mortem
725 2059 895 2141 praestitit,
919 2059 1082 2124 exaltatus
1100 2068 1150 2124 est
1172 2066 1205 2123 θῖ
1256 2058 1433 2139 Apostolus
1455 2058 1515 2132 ait,
1538 2078 1598 2138 per
1618 2057 1731 2122 filium.
1768 2058 1893 2125 Paulus
1914 2080 2040 2141 quoque
2062 2059 2143 2125 adeo
2159 2083 2238 2144 per·

222 2167 343 2210 nomen
365 2146 497 2226 aceepit,
520 2145 556 2208 in
577 2165 640 2227 quo
662 2166 749 2227 genu
765 2166 861 2209 omne
878 2146 1042 2209 flectatur:
1065 2146 1112 2209 ita
1133 2151 1203 2208 trun
1256 2145 1366 2226 spicue
1395 2143 1567 2225 distinguit
1592 2150 1763 2225 utramque
1790 2144 2054 2225 appellationem,
2088 2147 2150 2211 filii
2169 2148 2237 2212 Dei

222 2241 257 2297 θῖ
275 2252 396 2296 nomen
417 2232 538 2312 ipsum,
565 2239 599 2293 et
619 2229 775 2313 quidquid
797 2237 930 2313 epatre
956 2232 1095 2312 accepit,
1118 2231 1204 2312 patri
1256 2237 1290 2294 et
1310 2229 1371 2293 filii
1392 2228 1549 2305 hominis,
1572 2236 1611 2293 ut
1631 2229 1738 2295 adhue
1761 2229 1933 2312 refragari,
1956 2252 2024 2295 non
2043 2231 2140 2298 modo
2161 2254 2237 2299 cae-

224 2318 382 2394 subiioiet,
404 2324 442 2380 ut
463 2317 505 2380 sit
526 2317 618 2381 Deus
639 2317 748 2380 omnia
769 2317 804 2380 in
826 2317 975 2381 omnibus
998 2316 1099 2401 (Phil.
1119 2317 1163 2400 2).
1257 2317 1380 2394 citatis,
1415 2314 1472 2379 sed
1500 2315 1724 2380 obstinationis
1752 2316 1858 2379 fuerit.
1903 2317 2068 2397 Primum,
2098 2317 2179 2383 dum
2199 2341 2238 2385 sc

310 2402 569 2467 Commuuieatio
591 2410 700 2466 autem
722 2401 913 2467 idiomatum
934 2403 1004 2467 sive
1024 2403 1204 2485 proprieto-
1257 2403 1304 2466 ait
1329 2408 1537 2484 segregatum
1569 2422 1639 2464 esse
1671 2402 1707 2465 in
1734 2402 1941 2485 evangelium
1966 2404 2031 2468 Dei
2057 2402 2167 2488 (Rom.
2191 2402 2235 2489 1),

223 2494 295 2552 tum
317 2496 382 2566 θεῖ,
408 2487 494 2569 quod
515 2488 640 2552 Paulus
659 2486 738 2552 dicit
757 2489 868 2552 Deum
890 2510 947 2552 suo
970 2489 1128 2571 sanguine
1150 2509 1203 2553 ac·
1256 2486 1342 2569 quod
1371 2494 1446 2550 ante
1473 2487 1667 2569 promiserat
1692 2509 1752 2570 per
1778 2487 1969 2569 prophetas,
2002 2488 2043 2554 de
2070 2490 2138 2555 filio
2165 2512 2235 2569 suo,

224 2575 373 2656 quisiisse
401 2573 463 2638 sibi
484 2574 669 2650 ecclesiam,
699 2580 733 2636 ot
753 2574 933 2638 Dominum
956 2574 1078 2657 gloriae
1100 2575 1204 2639 cruci·
1256 2574 1312 2657 qui
1333 2573 1439 2637 faetus
1459 2573 1521 2636 fuit
1542 2596 1584 2636 er
1605 2573 1729 2637 semine
1750 2572 1869 2651 David,
1892 2574 2071 2640 secundum
2090 2598 2234 2656 carnem,

222 2660 328 2724 fixum
347 2658 435 2743 (Act
455 2663 505 2723 20.
535 2658 645 2724 lCor.
665 2658 708 2742 2).
753 2660 846 2723 Deus
867 2661 954 2723 enim
976 2661 1106 2742 proprie
1128 2682 1203 2724 san·
1257 2658 1439 2724 declaratus
1471 2658 1558 2723 filius
1591 2659 1655 2722 Dei
1687 2661 1722 2723 in
1761 2659 1891 2724 virtute.
1949 2659 2018 2726 Cur
2055 2662 2236 2727 seeundum

223 2747 357 2829 guinem
373 2745 565 2823 nonhabet,
584 2747 792 2828 nocpatitur.
827 2743 894 2811 Sed
911 2746 987 2827 quia
1003 2746 1204 2811 verusDeus
1256 2766 1390 2809 carnem
1421 2744 1571 2809 distinete
1609 2752 1738 2808 notaret
1768 2766 1839 2810 esso
1877 2746 1981 2811 filium
2013 2747 2136 2827 David,
2168 2749 2236 2813 nisi

223 2838 258 2896 θῖ
278 2853 377 2896 verus
399 2831 496 2895 horno
518 2829 680 2907 Christus,
701 2832 894 2914 sanguinem
915 2853 1011 2895 suum
1029 2833 1204 2897 crucifixus
1256 2831 1356 2896 vellet
1382 2831 1519 2895 innuero
1545 2830 1650 2894 filium
1671 2831 1749 2908 Dei,
1777 2852 1843 2895 non
1870 2832 2049 2897 seeundum
2079 2833 2233 2899 carnem?

222 2939 282 3000 pro
315 2918 408 2982 nobis
436 2916 536 2994 fudit,
568 2938 650 2999 quac
683 2919 717 2981 in
744 2919 814 2982 eius
841 2918 1044 2981 humanitate
1072 2928 1205 2999 peracta
1228 2938 1231 3007 j
1256 2917 1346 2981 Alibi
1369 2917 1478 3001 (Rom.
1499 2914 1547 3000 9):
1577 2917 1770 2998 exquibus,
1793 2918 1906 3000 inquit,
1929 2918 2160 2999 estChristus,
2183 2941 2236 2986 se·

223 3010 315 3079 sunt,
343 3003 385 3066 ad
412 3002 618 3067 divinitatem
643 3004 894 3068 transferuntur.
938 3004 1099 3079 Rursruu,
1129 3026 1204 3068 cunr
1256 3002 1400 3068 eundum
1421 3023 1563 3079 earnem,
1584 3004 1640 3084 qui
1661 3010 1711 3066 est
1727 3004 1819 3068 Deus
1837 3003 2025 3068 benedictus
2042 3006 2077 3068 in
2094 3005 2235 3071 saecula

223 3087 378 3153 Christus
395 3087 518 3151 diceret
529 3087 633 3171 (Ioan.
647 3088 695 3171 3);
714 3091 879 3154 neminem
896 3090 931 3152 in
948 3090 1073 3154 coelum
1091 3110 1204 3154 ascen·
1256 3088 1313 3152 An
1341 3087 1517 3170 quidquam
1544 3088 1660 3151 volunt
1679 3090 1836 3170 apertius,
1865 3111 1964 3171 quam
1985 3090 2156 3161 Christum
2177 3112 2235 3159 vo-

223 3173 326 3249 disse,
354 3173 417 3237 nisi
444 3172 547 3236 filium
577 3173 718 3245 hominis
740 3176 795 3256 qui
822 3177 857 3239 in
878 3176 966 3241 coelo
988 3182 1087 3253 esset,
1116 3184 1203 3240 corte
1256 3175 1324 3239 cari
1348 3174 1503 3238 Abrahae
1530 3195 1641 3238 semen
1674 3175 1853 3239 secundum
1879 3197 2026 3253 carnem,
2059 3184 2235 3255 caeterum,

223 3266 296 3324 tum
317 3280 384 3324 non
406 3264 477 3322 erat
492 3259 528 3322 in
541 3260 629 3323 coelo
642 3282 774 3342 corporo
791 3260 876 3343 quod
894 3270 1123 3343 assumpserat,
1146 3261 1203 3326 scd
1228 3210 1231 3365 l
1256 3259 1343 3323 ultra
1370 3280 1503 3324 earnem
1536 3281 1606 3324 esse
1633 3260 1743 3324 Doum
1774 3261 1981 3326 benedictum
2011 3264 2047 3327 in
2080 3263 2233 3328 mocula?

223 3346 301 3428 quia
321 3347 391 3428 ipso
412 3343 500 3411 idem
522 3354 592 3409 erat
611 3347 704 3410 Deus
723 3355 757 3410 ct
777 3346 889 3424 homo,
917 3357 1049 3429 proptor
1070 3357 1204 3411 natura·
1228 3394 1230 3399 -
1257 3346 1404 3410 Rursum
1431 3345 1465 3409 id
1493 3352 1649 3409 testatrmr
1676 3347 1764 3409 volo:
1799 3368 1858 3411 nos
1891 3369 1955 3412 non
1982 3370 2104 3432 negare
2131 3370 2236 3414 unum

223 3453 299 3496 rum
321 3432 490 3508 unitatem,
513 3432 572 3495 uni
593 3431 705 3509 dabat,
728 3432 813 3514 quod
836 3432 969 3496 alterius
991 3439 1070 3497 erat.
1111 3433 1203 3498 Haec
1228 3426 1230 3441 '
1260 3429 1300 3517 [p.
1324 3429 1398 3517 129]
1428 3430 1598 3496 Christum
1626 3454 1742 3496 vorum
1769 3455 1839 3497 esse
1860 3434 1971 3498 Deum
1997 3443 2031 3498 θῖ
2057 3435 2235 3513 hominem,

223 3518 373 3599 pluribus
392 3537 576 3600 persequor,
599 3524 732 3600 propter
752 3540 806 3582 eos
823 3519 879 3600 qui
896 3518 987 3582 nullo
1003 3520 1128 3582 ratione
1146 3517 1203 3582 ad-
1228 3574 1231 3589 ,
1257 3540 1317 3582 nec
1339 3517 1544 3582 divinitatem
1564 3518 1633 3582 eius
1654 3518 1694 3582 ab
1713 3518 1916 3583 humanitate
1937 3541 1996 3602 per
2010 3520 2092 3586 haeo
2113 3520 2236 3599 divelli,

227 3601 301 3668 duci
329 3612 480 3685 possunt,
510 3612 547 3667 ut
573 3605 608 3668 in
637 3626 704 3668 una
725 3603 848 3669 Christi
876 3623 1015 3687 persona
1035 3606 1204 3686 utriusque
1228 3602 1231 3627 '
1258 3604 1314 3668 sed
1332 3602 1498 3686 distingui

225 3696 363 3752 naturae
383 3691 597 3770 proprietates
618 3691 799 3756 observent.
834 3691 887 3754 Ita
908 3690 1077 3754 Christum
1099 3691 1204 3755 feton·
1341 3689 1434 3754 Hace
1455 3689 1591 3771 pulchre
1608 3691 1812 3767 conveniunt,
1836 3691 1864 3755 si
1882 3691 2027 3756 sobrium
2044 3691 2169 3756 habent
2184 3693 2236 3755 in-

227 3780 282 3836 tur
291 3775 401 3838 Deum
415 3784 449 3837 et
464 3775 639 3854 hominem,
663 3784 697 3841 et
707 3777 811 3841 filium
822 3777 894 3841 Dei.
924 3776 1051 3841 Verum
1071 3775 1111 3863 [p.
1127 3774 1201 3863 127]
1256 3782 1448 3856 terpretem,
1481 3777 1536 3857 qui
1564 3782 1656 3840 tanta
1684 3777 1932 3859 mysteriaque
1959 3776 2052 3843 decet
2078 3776 2236 3861 religione

228 3859 257 3922 si
278 3860 410 3940 propius
432 3860 548 3936 instes,
578 3863 817 3928 animadvertes
839 3885 904 3928 non
928 3863 1022 3927 aliter
1039 3864 1149 3927 Deum
1171 3874 1205 3926 ct
1255 3867 1382 3924 tractet
1425 3860 1519 3925 Nihil
1546 3870 1597 3925 θεῖ
1623 3869 1732 3925 autem
1753 3862 1838 3944 quod
1864 3863 1977 3927 furiosi
1998 3871 2032 3927 et
2052 3863 2236 3945 phrenetici

225 3944 290 4008 Dei
316 3943 421 4007 filium
448 3947 489 4009 ab
515 3947 579 4012 illis
607 3949 685 4026 diei,
724 3971 822 4031 quam
850 3951 927 4033 quia
953 3956 1126 4031 conceptis
1155 3956 1205 4013 ost
1257 3947 1389 4029 spiritus
1410 3968 1477 4011 non
1499 3947 1699 4029 perturbent.
1744 3948 1918 4030 Arripiunt
1940 3949 2097 4014 attributa
2117 3948 2236 4013 huma-

225 4051 268 4094 cx
296 4030 413 4111 spiritu
440 4038 566 4110 saneto,
593 4034 628 4097 in
656 4042 748 4099 utero
775 4037 926 4118 virg-ima
960 4035 1100 4117 qualiter
1126 4035 1204 4101 olim
1256 4034 1369 4097 nitatis
1391 4032 1432 4096 ad
1454 4032 1632 4097 tollendam
1653 4033 1867 4113 divinitatem,
1890 4033 2079 4113 diuinitatis,
2106 4033 2150 4098 ad
2170 4033 2235 4098 tol·

160 4169 165 4179 ,
225 4114 413 4180 Manichaei
445 4118 668 4198 nugabantur,
707 4120 873 4186 hominem
904 4143 946 4185 cx
978 4120 1112 4186 traduce
1139 4121 1203 4185 Dei
1255 4118 1387 4182 leudam
1408 4118 1660 4197 humanitatem;
1686 4141 1769 4203 quae
1790 4142 1868 4185 vero
1896 4121 1935 4185 de
1956 4128 2094 4203 utraque
2114 4126 2236 4185 natura

227 4203 372 4266 animam
394 4200 529 4279 habore,
559 4205 634 4285 quia
655 4205 808 4288 legebant
828 4208 937 4270 Deum
958 4206 1007 4270 illi
1027 4207 1203 4287 inspirasse
1256 4205 1302 4269 sic
1324 4205 1521 4269 coniunctim
1543 4204 1742 4284 dictasunt,
1770 4213 1808 4270 ut
1828 4208 1937 4270 neutri
1958 4207 2168 4283 conveniant,
2191 4204 2235 4270 ad
2270 4235 2273 4239 ·

227 4286 428 4370 spiraculum
448 4288 544 4351 vitae.
589 4292 697 4372 Atque
718 4293 753 4355 in
775 4294 894 4356 erroris
916 4292 966 4355 sui
987 4292 1203 4373 patrocinium
1254 4290 1433 4355 tollendam
1454 4297 1634 4373 utramque.
1666 4291 1740 4357 Hoc
1761 4291 1933 4374 veroquid
1951 4292 2040 4357 aliud
2057 4300 2115 4370 θεῖ,
2134 4312 2236 4373 quam

227 4373 426 4439 tumultuose
454 4381 588 4456 urgent,
611 4375 697 4456 quod
723 4376 842 4442 dicitur
861 4378 954 4442 Deus
979 4378 1109 4459 proprio
1135 4376 1202 4440 filio
1255 4376 1449 4441 contendere
1471 4375 1641 4442 Christum
1661 4399 1728 4441 non
1748 4399 1819 4442 esse
1840 4378 2020 4457 hominem,
2044 4379 2120 4461 quia
2140 4377 2235 4442 Deus

227 4481 295 4525 non
321 4458 518 4542 pepercisse,
555 4460 640 4542 quod
667 4462 761 4526 illum
788 4464 909 4545 ipsum,
939 4463 996 4544 qui
1029 4484 1047 4527 e
1075 4463 1203 4545 virgine
1255 4469 1313 4541 est,
1340 4484 1407 4527 non
1429 4483 1499 4527 esse
1519 4463 1644 4541 Deum,
1667 4464 1744 4546 quia
1765 4464 1862 4528 homo
1883 4471 1946 4542 θεῖ;
1975 4485 2034 4530 nec
2056 4463 2234 4542 hominem,

226 4555 431 4624 nasceretur,
463 4545 568 4611 filium
592 4547 742 4612 altissimi
767 4550 878 4614 vocari
910 4548 1045 4631 angelus
1070 4569 1202 4629 praece·
1254 4570 1314 4613 nec
1341 4549 1451 4613 Deum
1476 4570 1561 4628 esse,
1590 4551 1667 4633 quia
1688 4557 1721 4613 et
1748 4549 1845 4614 homo
1873 4549 1970 4613 simul
1992 4558 2026 4613 et
2045 4550 2137 4615 Deus
2160 4546 2232 4613 est?

225 4632 282 4712 pit.
325 4631 440 4713 Neque
461 4653 540 4696 sane
561 4632 642 4697 duos
664 4633 812 4699 Christos
832 4635 978 4713 facimus¹
1001 4633 1059 4698 scd
1078 4633 1202 4715 simpli·
1254 4634 1345 4717 Ergo
1367 4632 1528 4713 Christus,
1551 4643 1681 4718 praeter
1700 4635 1734 4699 id
1755 4635 1841 4718 quod
1863 4636 1955 4699 Deus
1978 4643 2041 4714 est,
2064 4640 2236 4716 assumpta

226 4717 307 4781 citer
333 4720 525 4799 profitemur
551 4740 640 4797 cum,
674 4721 730 4802 qui
749 4720 835 4785 filius
857 4732 929 4785 erat
949 4728 1101 4784 aeternus
1127 4720 1201 4798 Dei,
1254 4742 1334 4784 rora
1355 4741 1453 4786 earne
1475 4721 1572 4785 homo
1597 4723 1702 4786 foetus
1724 4728 1782 4785 est.
1826 4721 1926 4785 Hunc
1948 4727 1985 4784 ut
2005 4722 2052 4787 sic
2072 4741 2153 4788 voce
2173 4741 2234 4803 pa·

225 4823 358 4867 carnem
379 4813 525 4868 nostram
541 4805 686 4870 induisse
703 4807 757 4886 sic,
780 4813 819 4870 ut
835 4829 920 4871 unus
937 4805 1086 4888 idemque
1104 4804 1202 4871 Chri·
1255 4807 1314 4870 tris
1335 4813 1369 4870 et
1396 4807 1528 4871 coelesti
1548 4807 1678 4873 oraculo
1699 4805 1880 4889 appellatus
1902 4815 1964 4884 est,
1992 4808 2040 4871 ita
2061 4828 2140 4873 vere
2160 4827 2235 4871 esse

223 4897 294 4953 stus
315 4889 407 4954 Deus
429 4891 472 4953 sit
493 4898 527 4954 et
548 4891 659 4970 homo,
683 4893 741 4957 sed
758 4893 867 4972 unitis,
890 4914 957 4957 non
978 4892 1120 4957 confusis
1141 4914 1201 4957 na·
1253 4892 1365 4956 Iesum
1386 4892 1548 4958 oredimus
1570 4894 1666 4979 (Luc.
1687 4890 1730 4976 1),
1753 4892 1878 4974 hocque
1898 4914 2026 4971 nomen,
2047 4913 2115 4957 non
2132 4891 2234 4971 aliud,

223 4976 314 5039 turis.
364 4976 491 5039 Vermn
525 4998 566 5041 ne
593 4978 701 5044 adhuc
728 4980 918 5061 superbiant
943 4978 1028 5043 futili
1056 5000 1116 5044 sua
1144 4978 1200 5043 ob-
1226 5012 1229 5027 =
1254 4977 1368 5042 datum
1389 4977 1588 5058 hominibus,
1611 4980 1647 5043 in
1668 5000 1731 5060 quo
1752 4977 1899 5060 oporteat
1920 4978 2027 5044 salvos
2047 4979 2120 5043 fieri
2142 4978 2233 5063 (Act

222 5059 374 5139 iectiono,
408 5081 472 5141 qua
505 5072 669 5147 pugnant,
705 5064 874 5130 Christum
906 5087 977 5131 esse
1003 5064 1108 5128 filiurn
1136 5065 1202 5129 Dei
1253 5062 1298 5147 4).
1344 5062 1517 5129 Credimus
1549 5072 1583 5129 et
1615 5063 1785 5130 Christum
1817 5065 1925 5146 ipsum
1956 5086 2043 5143 esse,
2078 5063 2140 5130 hoc
2172 5072 2236 5143 cst,

223 5145 402 5210 seeundum
420 5145 658 5215 humanitatem
676 5151 851 5230 duntaxat;
869 5153 946 5233 quia
962 5152 1004 5229 is,
1025 5152 1080 5233 qui
1098 5173 1117 5215 θ
1133 5151 1201 5215 vir·
1253 5149 1403 5215 omnibus
1420 5152 1524 5215 sancti
1541 5151 1674 5233 spiritus
1691 5151 1805 5234 gratiis
1822 5152 2004 5233 perfusum3
2022 5171 2106 5233 quae
2123 5150 2235 5216 oleum
2319 5182 2325 5190 ·

222 5232 298 5316 gine
319 5240 417 5296 natus
439 5242 489 5296 cst
509 5233 620 5316 homo,
643 5259 822 5322 passusque
841 5245 905 5318 est,
927 5259 994 5303 non
1016 5237 1113 5316 alirrs,
1135 5236 1201 5301 Dei
1252 5234 1325 5301 ideo
1346 5234 1499 5302 dicuntur
1520 5236 1623 5321 (Psoi.
1642 5241 1694 5302 45.
1714 5236 1786 5321 89),
1814 5236 1900 5320 quod
1923 5237 1994 5303 sine
2022 5236 2074 5301 his
2094 5236 2179 5301 aridi
2200 5243 2237 5304 et
