4770 6030
967 363 1332 431 PROLEGOIOENA.
2025 367 2150 433 XXIII

311 556 380 621 Eas
400 575 479 622 vero
500 555 657 620 editiones
679 576 761 638 quae
790 564 863 638 post
884 576 1052 621 excessum
1075 557 1196 620 autoris
1218 555 1354 620 diversis
1374 553 1453 620 loeis
1474 555 1634 637 plurimae
1655 554 1861 637 prodierunt,
1889 577 1990 638 quum
2011 555 2052 621 ad
2074 579 2151 623 eon·

158 666 359 735 stituendum
380 675 508 731 textum
529 667 708 750 genuinum
729 688 795 731 non
817 667 946 746 faoiant,
970 666 1023 731 hio
1043 687 1212 731 recensere
1233 665 1488 748 supersedemus,
1509 665 1565 730 alii
1586 667 1745 732 oeoasioni
1766 667 1989 733 reservandas.

312 779 498 861 Antequam
521 784 631 842 autem
654 775 695 841 ad
717 778 822 859 ipsam
841 776 1077 859 exemplarium
1099 778 1216 843 seriem
1244 778 1390 859 pluribus
1412 776 1641 842 deolarandam
1667 790 1872 843 transeamus
1894 778 2068 862 singularis
2091 779 2150 843 ali·
2203 800 2206 806 ¹

157 912 236 974 qua,
270 911 371 973 eaque
397 910 463 954 non
494 889 606 972 patvis
632 888 875 954 diffioultatibus
903 888 1074 970 implieita,
1108 889 1201 953 nobis
1222 886 1411 953 ventilanda
1432 897 1482 953 est
1510 890 1668 970 quaestio:
1697 897 1773 953 utra
1800 890 1923 956 seilicet
1943 889 2041 954 editio
2063 890 2151 971 prior

157 1003 270 1082 fuerit,
302 1001 405 1066 latina
433 1021 476 1065 an
509 999 648 1084 gallica?
703 1000 790 1064 Nam
812 998 852 1064 de
873 1000 949 1079 hee,
977 1007 1090 1065 nostra
1109 1000 1252 1065 maxime
1273 1006 1395 1077 aetate,
1428 1001 1518 1065 varie
1542 1022 1579 1066 ao
1601 998 1693 1065 doote
1715 1000 1914 1084 disputatum
1938 1008 2002 1079 est,
2022 1006 2059 1087 ‚et
2079 1014 2161 1065 rem

157 1120 304 1179 nostram
325 1113 434 1178 minus
455 1112 538 1177 bene
560 1113 664 1195 egisse
685 1111 777 1177 nobis
798 1112 992 1189 videremur,
1014 1112 1042 1175 si
1063 1111 1162 1188 illam,
1185 1131 1267 1193 quae
1287 1110 1399 1176 multis
1416 1110 1523 1177 adhue
1540 1112 1600 1177 sub
1618 1111 1723 1177 indiae
1740 1133 1810 1177 esse
1830 1112 2035 1194 perhibetur,
2058 1111 2150 1176 litem

158 1225 211 1291 vel
233 1232 271 1288 81
290 1214 440 1288 18811188
462 1244 622 1305 spernere,
645 1222 698 1287 vel
720 1231 757 1287 ut
778 1223 990 1288 difficiliorem
1012 1223 1177 1304 deprecari
1199 1222 1365 1288 vellemus.

1004 1687 1207 1773 CAPUT
1238 1689 1295 1770 H.

208 1890 589 1987 8818181818
614 1848 1430 1989 8888881881881818111
1457 1891 1621 1988 11181
1650 1884 2088 1990 reso-onmem

596 2026 867 2124 8111818
892 2026 1122 2141 Fuisse
1148 1993 1740 2127 ueuousvenvuu?

308 2240 482 2305 18881181
498 2239 586 2304 inter
605 2240 693 2304 viros
714 2238 838 2320 dootos,
870 2240 925 2322 qui
945 2240 985 2304 de
1007 2241 1227 2306 Institutionis
1248 2240 1450 2306 ealvinianae
1471 2240 1651 2325 originibus
1672 2248 1869 2322 1888188181,
1891 2243 2000 2309 varias
2022 2242 2061 2308 de
2082 2243 2150 2326 pri-

153 2374 211 2418 ma
238 2352 313 2417 libri
341 2351 481 2416 editione
507 2351 675 2433 opiniones
702 2357 831 2415 exortas
859 2349 1140 2434 deprehendimus.
1191 2351 1266 2432 Quo
1295 2352 1417 2418 soilioet
1443 2357 1588 2434 tempore
1615 2351 1860 2436 loeupletiorum
1881 2354 2150 2419 bibliotheearum

154 2463 294 2548 oatalogi
314 2462 461 2528 nondum
478 2461 580 2528 cuivis
601 2460 696 2526 faoile
716 2461 908 2544 inspioiendi
930 2461 1075 2542 aderant,
1096 2472 1130 2529 et
1152 2464 1212 2529 sibi
1235 2464 1370 2546 quisque
1393 2484 1434 2527 ex
1456 2482 1517 2528 888·
1536 2463 1686 2546 proxima
1708 2464 1907 2546 supelleetile
1925 2487 1996 2529 rem
2013 2464 2148 2530 definire

130 2593 250 2665 ⁸posse
269 2574 450 2654 videbatur,
472 2594 539 2638 non
560 2573 680 2637 mirum
701 2573 754 2639 vel
776 2564 1009 2639 eruditis'simos
1030 2597 1142 2640 eorum
1164 2575 1400 2658 exemplarium
1420 2596 1503 2657 quae
1525 2596 1561 2639 re
1578 2596 1657 2640 vera
1675 2575 1876 2640 exsistebant
1891 2576 1988 2658 plura
2004 2575 2147 2656 latuisse,

154 2687 295 2769 indeque
324 2686 446 2751 1881881
477 2705 561 2752 esse·
580 2692 629 2762 ut,
662 2705 745 2767 quae
766 2684 836 2751 sola
861 2692 1035 2766 noverant,
1069 2708 1108 2752 88
1132 2694 1254 2752 temere
1275 2708 1334 2770 pro
1357 2688 1588 2770 antiquissimis
1618 2686 1805 2752 venderent
1852 2685 1908 2752 Sia
1930 2688 2027 2761 verbi¹
2043 2688 2149 2771 gratia

155 2799 331 2865 editionem
361 2797 543 2882 prinoipem
575 2818 595 2861 a
626 2795 791 2862 nonnullis
830 2798 872 2862 ad
910 2819 1033 2863 annum
1063 2801 1143 2861 1539
1184 2799 1328 2864 relatam
1352 2798 1517 2878 videmus,
1551 2799 1627 2881 quia
1660 2819 1742 2881 quae
1782 2804 1849 2862 toto
1882 2799 2023 2862 triennio
2054 2819 2147 2880 pras-

155 2916 298 2977 cesserat
324 2930 383 2992 pro
410 2929 538 2974 summa
565 2929 625 2973 sua
650 2909 784 2974 raritate
817 2909 888 2974 orbi
913 2910 1042 2974 literato
1070 2910 1195 2975 tardius
1222 2911 1370 2975 innotuit.
1428 2909 1548 2976 (188188
1586 2911 1672 2974 18188
1704 2909 1785 2974 alios
1817 2909 1879 2973 uh.
1912 2909 2081 3008 Haeaeum
2111 2909 2148 2972 in

155 3021 360 3088 Bibliotheca
376 3020 539 3085 bremensi
561 3019 663 3085 (11888.
677 3019 737 3085 VI.
760 3042 790 3105 p.
811 3024 896 3100 524.;
919 3021 1007 3085 Flor.
1031 3020 1071 3087 de
1092 3021 1272 3101 Raemond,
1293 3021 1420 3087 11818188
1441 3022 1478 3086 de
1499 3021 1532 3087 lo
1549 3021 1713 3086 1181888888
1728 3040 1861 3104 8888888
1881 3025 1909 3084 81
1928 3020 2091 3085 decadam
2112 3020 2149 3103 de

155 3133 293 3198 l'lte‘rdeie
312 3133 350 3198 de
371 3151 403 3197 ee
422 3131 519 3196 uide.
561 3132 634 3197 Lib.
653 3131 732 3196 VII
755 3155 781 3198 o.
801 3137 847 3213 8.;
881 3135 936 3215 qui
969 3140 1079 3198 tamen
1101 3134 1212 3216 888818
1239 3135 1367 3218 paginis
1395 3134 1571 3199 inter-isatis
1593 3154 1661 3216 888.
1684 3137 1732 3197 17.
1761 3142 1883 3197 aunum
1909 3135 1989 3195 1534
2017 3131 2147 3212 indioat,

152 3247 189 3311 in
202 3266 265 3329 quo
284 3246 384 3310 etiam
404 3243 567 3309 Meterius
588 3242 755 3308 nonnullis
775 3245 838 3327 ipsi
860 3244 1051 3328 adstipulari
1069 3245 1159 3310 visus
1181 3250 1238 3309 est.
1274 3246 1327 3310 Ab
1349 3236 1430 3324 aliis,
1451 3245 1506 3328 qui
1528 3245 1705 3310 editionum
1726 3245 1872 3309 omnium
1894 3243 2075 3308 absolutam
2097 3264 2147 3308 se-

153 3355 571 3422 semelenentium
598 3336 817 3438 sumpserant,
840 3357 998 3439 plurimas
1019 3357 1154 3422 omissas
1175 3356 1282 3436 auso,
1306 3359 1424 3441 quippe
1445 3377 1585 3440 quanm
1606 3357 1731 3439 sopiam
1753 3377 1820 3420 non
1842 3355 2032 3433 habuerint,
2062 3354 2147 3419 infra

154 3469 320 3535 oooasione
343 3468 420 3533 data
441 3468 544 3533 obiter
566 3467 828 3552 signifioabimus.

309 3580 436 3644 Verum
456 3579 553 3661 pleno
574 3579 639 3644 8118
660 3593 745 3660 sunt,
769 3588 904 3664 atquae
926 3581 1037 3646 stilum
1058 3587 1207 3646 nostrum
1229 3585 1403 3646 exeroeant
1422 3581 1532 3648 minus
1553 3579 1702 3664 indigna,
1730 3578 1771 3642 de
1793 3577 1909 3660 quibus
1930 3598 2017 3641 nune
2039 3584 2147 3641 teeum

154 3712 252 3776 agere
273 3691 433 3770 volumus,
455 3691 611 3756 benevole
632 3691 741 3758 leetor.
785 3692 936 3757 Fuenmt
956 3689 1044 3757 enim
1066 3693 1231 3774 superiore
1253 3691 1380 3757 saeoulo
1400 3691 1590 3773 oomplures,
1609 3697 1643 3756 et
1659 3696 1770 3756 nostro
1787 3689 1885 3753 etiam
1902 3687 2060 3765 nonnulli,
2081 3688 2145 3770 qui,

153 3824 198 3868 an
218 3803 277 3867 illa
296 3801 410 3880 editio,
440 3824 523 3884 quae
544 3823 669 3867 annum
692 3807 773 3867 1536
795 3824 874 3886 pree
895 3825 930 3869 se
951 3805 1029 3883 fert,
1058 3809 1091 3868 et
1111 3804 1198 3868 18188
1218 3803 1337 3868 latinas
1357 3802 1453 3868 hodie
1475 3803 1700 3885 antiquissima
1722 3801 1875 3879 habetur,
1904 3800 1995 3865 ouius
2017 3798 2148 3882 quidem

152 3913 355 3996 exemplaria
376 3914 418 3978 ad
438 3935 497 3979 nos
517 3915 735 3997 pervenerint,
757 3937 794 3980 re
812 3937 892 3981 vera
912 3916 1058 3980 omnium
1077 3915 1228 3998 prinoeps
1250 3915 1362 3992 fuerit,
1392 3915 1475 3979 serio
1498 3913 1693 3978 dubitarent.
1740 3911 1829 3977 Sane
1852 3912 2066 3993 antiquiorem
2088 3911 2147 3974 ali·

152 4046 252 4109 quam
273 4045 340 4089 non
360 4023 499 4103 habent,
522 4045 586 4107 qua
608 4025 709 4110 digito
730 4034 910 4092 monstrata
930 4049 1001 4092 rem
1022 4029 1219 4093 oonfieerent
1239 4025 1392 4091 faoillimo
1413 4026 1556 4110 negotio;
1587 4023 1691 4088 nihilo
1711 4024 1822 4089 811888
1844 4023 2001 4106 plurimas
2023 4023 2148 4106 gravis·

152 4138 316 4219 simasque
338 4137 480 4201 rationes
502 4137 715 4219 88818188881,
738 4139 853 4221 quibus
874 4139 1007 4217 inducti,
1030 4139 1248 4222 principatum
1270 4135 1326 4201 alii
1347 4137 1476 4203 auidam
1493 4135 1626 4202 editioni
1643 4135 1759 4219 gellioo
1775 4134 1928 4199 idiomate
1948 4135 2147 4217 oonseriptae

154 4254 189 4314 et
210 4247 253 4313 ad
274 4269 398 4312 annum
424 4250 504 4310 1535
527 4248 716 4315 referendae
737 4250 969 4316 vindioandum
992 4271 1071 4329 esso,
1093 4257 1127 4315 et
1148 4250 1209 4316 sibi
1230 4256 1264 4314 et
1285 4248 1357 4314 aliis
1378 4269 1445 4313 non
1465 4249 1578 4332 paueis
1599 4254 1839 4331 persuasenmt
1884 4244 1995 4326 Quam
2016 4251 2146 4310 senten·

153 4360 236 4424 tiam
257 4361 344 4425 inter
372 4359 451 4425 alios
479 4365 611 4442 patrum
637 4363 794 4427 memoria
826 4362 1039 4428 defenderunt
1067 4361 1264 4445 Spondanus
1290 4361 1425 4425 Beronii
1453 4361 1658 4426 continuator
1684 4359 1725 4424 ad
1754 4381 1781 4424 a
1808 4361 1889 4421 1535
1912 4379 1944 4421 8.
1966 4361 2004 4434 6.,
2027 4355 2145 4419 1118181-

152 4446 268 4555 bourfg,
291 4471 417 4536 team
438 4471 481 4535 da
503 4470 818 4554 881811118818818,
847 4474 1013 4558 Basnage,
1039 4475 1075 4538 in
1097 4473 1220 4540 Oanisii
1241 4472 1432 4538 leotiom‘bus
1453 4472 1594 4555 antiquis
1619 4473 1709 4535 1725.
1738 4471 1765 4535 I.
1788 4466 2146 4547 487.,,(188(18818818

151 4582 236 4647 libro
258 4603 356 4664 supra
377 4581 508 4647 laudato
528 4604 558 4664 p.
578 4586 640 4645 452
660 4604 760 4667 seqq.;
782 4592 852 4649 1881
874 4587 981 4664 etiam,
1004 4584 1062 4650 sed
1083 4586 1191 4651 minus
1213 4584 1421 4665 oonfidenter,
1444 4584 1581 4668 Baylius
1602 4583 1637 4648 in
1658 4583 1762 4648 lexioo
1784 4602 1842 4647 suo
1866 4579 2090 4658 eeleberrim03
2112 4587 2146 4642 ot

151 4692 249 4775 paulo
269 4693 364 4758 aliter
384 4693 471 4778 Joly,
494 4714 672 4775 ranarqoee
693 4696 838 4776 1811181188
858 4717 916 4760 sur
936 4697 964 4761 le
983 4696 1185 4762 dictionoaisre
1205 4697 1243 4762 118
1264 4695 1366 4778 Bayle
1386 4697 1413 4761 Ι.
1435 4700 1507 4759 255.
1552 4693 1679 4775 Quibus
1707 4692 1867 4760 caleulum
1890 4689 2006 4756 adieoit
2027 4688 2144 4756 doetis-

152 4805 255 4869 simus
282 4804 419 4886 scriptor
444 4805 532 4871 vitae
560 4803 690 4872 Oalvini
716 4806 841 4873 Paulus
869 4808 1001 4893 Henry,
1025 4809 1115 4872 'lom
1134 4808 1161 4872 I.
1184 4828 1214 4890 p.
1237 4811 1296 4871 104
1315 4828 1400 4890 seqq.
1430 4808 1466 4871 ’1.
1486 4807 1549 4871 ΠΙ.
1572 4805 1720 4889 Append.
1747 4827 1779 4887 p.
1802 4807 1871 4867 177.
1901 4821 2022 4884 magna
2048 4823 2146 4885 argu-

151 4921 339 4981 mentorum
360 4915 524 5000 farragine
545 4926 749 5000 ooaoervata3
771 4927 842 4984 tum
862 4919 1032 5005 Eugenius
1052 4919 1159 5004 Haag,
1183 4919 1410 5004 sagacissimus
1430 4919 1584 4983 historiae
1605 4916 1766 5000 evangelii
1784 4916 1820 4979 in
1842 4913 1952 5005 Gallia
1973 4913 2146 4978 restaurati

152 5025 340 5110 indagator,
371 5025 595 5092 dissertatione
617 5030 758 5112 quadam
780 5032 833 5097 oui
855 5031 969 5096 titulus
991 5036 1054 5096 est:
1088 5030 1284 5098 Obsemotioo
1305 5051 1364 5096 aar
1383 5031 1417 5095 18
1437 5029 1506 5094 dete
1532 5029 1570 5093 de
1590 5028 1622 5092 18
1638 5026 1792 5110 8881111188
1813 5025 1926 5089 11111188
1947 5023 1991 5089 du
2012 5023 2088 5087 liora
2109 5023 2147 5088 de

153 5137 348 5202 1188118188
375 5137 542 5205 aarum
564 5139 749 5222 1180818111,
771 5164 870 5225 quam
890 5145 1032 5231 reperies
1053 5145 1212 5218 insertam
1235 5143 1350 5208 diario:
1380 5141 1520 5206 Beuum
1542 5140 1579 5204 de
1599 5139 1632 5204 18
1656 5137 1768 5204 6881811
1789 5137 1827 5202 ee
1847 5135 1995 5201 1111818188
2014 5136 2058 5201 da
2073 5154 2148 5217 pvo-

151 5250 338 5315 testaemtisme
357 5248 501 5331 18888811
525 5253 615 5317 1853.
638 5274 669 5335 p.
692 5258 753 5317 110
771 5275 856 5338 seqq.
863 5278 872 5336 ;
894 5256 973 5320 item
993 5255 1030 5319 in
1051 5254 1146 5319 libro:
1177 5253 1228 5319 Lo
1246 5252 1380 5319 118888-
1384 5256 1570 5335 poemate
1591 5250 1763 5316 ’1818ΠΙ.
1786 5269 1817 5331 8.
1839 5251 2039 5314 11681144.
2078 5247 2147 5312 De-
