4770 6030
225 349 289 414 ιιι
477 371 482 380 ·
800 317 1066 408 murmurio
1086 341 1192 408 uun.
1214 341 1395 410 euulsa.
1419 346 1652 409 1539-155-4.
1740 370 1753 447 ,'
2060 322 2063 326 ’
2160 346 2224 407 rao

1862 456 2228 526 A11231312030120.

226 535 311 599 ritus
333 533 437 598 sancti
459 533 648 609 veritatem,
677 532 743 595 nisi
755 531 781 615 ¹)
808 531 907 596 simul
935 531 1113 614 intelligat,
1144 536 1201 594 aut
1251 530 1308 595 illa
1329 531 1369 595 de
1392 531 1542 608 ecclesia,
1565 538 1771 614 peccatorum
1792 445 1997 609 roniissione,
2020 540 2223 597 mortuorum

225 622 317 686 cuius
340 640 395 682 ore
411 618 590 693 enuntiata,
613 623 670 681 aut
687 617 780 681 ouius
797 639 897 681 manu
915 616 1076 700 descripta
1090 616 1198 680 fuerit.
1251 619 1501 696 resurrectione,
1532 619 1602 680 vita
1629 626 1774 695 aeterna,
1810 619 1955 699 sequitur
1980 617 2077 696 fides,
2107 619 2223 700 quibus

310 710 339 767 4.
384 703 483 767 Prius
511 709 621 767 tamen
646 723 745 784 quam
771 702 910 786 symboli
936 703 1038 784 ipsius
1066 722 1200 765 enarra-
1251 709 1367 784 quarta
1387 724 1463 784 pars
1486 702 1624 788 symboli
1646 702 1808 767 destinata
1828 711 1884 768 est.

225 791 346 873 tionem
367 788 592 871 ingrediamur
609 787 672 852 duo
690 794 767 853 sunt
785 787 879 852 nobis
898 786 1197 871 animadvertenda.
1339 792 1366 852 6.
1401 786 1566 867 Quoniam
1583 794 1692 852 autem
1710 795 1812 866 satan,
1835 797 1873 851 ιιι
1892 787 1991 852 fidem
2014 794 2159 854 nostram
2181 792 2221 855 ab

223 876 383 951 Primum,
406 874 576 938 historiam
592 875 628 936 in
646 895 683 937 co
701 873 845 956 proponi,
868 895 934 938 non
956 875 992 937 in
1011 871 1104 939 cuius
1121 872 1198 937 sim·
1250 873 1331 955 ipsis
1348 873 1514 939 'radicibus
1535 872 1741 949 convelleret,
1763 875 1883 956 partim
1905 873 1945 937 de
1967 873 2080 939 divina
2098 874 2224 941 Christi

224 960 300 1044 plici
333 960 516 1042 cognitione
549 958 746 1041 defigamur,
782 958 840 1023 sed
869 959 961 1024 Ollius
1002 960 1123 1023 intuitu
1157 957 1199 1021 ad
1251 965 1284 1022 et
1304 960 1437 1040 spiritus
1459 960 1607 1037 essentia,
1630 960 1751 1041 partim
1772 958 1995 1042 depersonali
2017 959 2223 1026 distinctione

224 1046 449 1111 sublimiorum
466 1066 578 1108 rerum
594 1044 844 1127 intelligentiam
856 1045 1043 1109 evehamur.
1066 1043 1200 1125 Duplici
1249 1045 1399 1126 ingentes
1421 1045 1656 1110 controversias
1678 1065 1807 1128 semper
1824 1045 1935 1122 movit,
1959 1053 2056 1127 atque
2073 1048 2222 1112 omnibus

224 1132 313 1196 cnim
333 1152 434 1213 quum
455 1131 651 1195 narrationis
673 1151 792 1212 genere
814 1137 953 1207 constet,
982 1151 1094 1193 rerum
1121 1129 1198 1192 visi·
1249 1150 1350 1211 prope
1379 1130 1515 1194 saeculis
1543 1131 1659 1212 impios
1680 1131 1812 1211 spiritus
1834 1131 2002 1207 excitavit,
2030 1132 2087 1213 qui
2112 1133 2222 1197 ortho-

223 1216 339 1282 bilium
373 1226 406 1281 et
432 1216 660 1294 invisibilium,
692 1217 728 1279 in
760 1223 897 1297 utroque
929 1215 964 1279 id
995 1215 1106 1280 videre
1138 1220 1196 1279 est.
1251 1214 1351 1279 doxos
1373 1236 1410 1280 ac
1431 1217 1501 1298 pios
1522 1217 1609 1281 viros
1632 1215 1694 1280 hac
1715 1216 1749 1280 in
1770 1223 1863 1298 parte
1884 1227 2055 1293 vexarent,
2079 1217 2222 1300 adeoque
2275 1224 2278 1233 '

224 1300 470 1383 omnipotentia
489 1302 567 1379 Dei,
596 1302 730 1383 spiritus
751 1308 897 1381 sanctus,
919 1309 1125 1383 peccatorum
1146 1322 1197 1365 re-
1249 1300 1328 1383 ipsis
1346 1301 1526 1383 scripturae
1543 1301 1682 1367 oraculis
1701 1302 1933 1384 obstreperent,
1956 1303 2222 1385 auspicatissime,

224 1388 350 1466 missio,
373 1395 406 1451 et
427 1387 561 1463 similia,
584 1408 636 1452 res
657 1394 735 1452 sunt
756 1386 940 1470 spirituales
961 1392 994 1451 et
1013 1386 1115 1451 oculis
1135 1386 1198 1449 mi-
1248 1393 1342 1468 puto,
1382 1386 1521 1471 symboli
1559 1386 1808 1469 explicationem
1847 1387 1887 1452 ab
1928 1388 1990 1451 isto
2029 1398 2223 1472 argumento

224 1475 313 1538 nime
335 1474 508 1555 expositae.
544 1471 656 1552 Quum
677 1474 770 1539 nobis
792 1472 986 1548 refertmtur,
1010 1493 1124 1536 earum
1144 1471 1197 1536 vel
1249 1471 1465 1536 exordiemur.
1509 1473 1688 1536 Enimvero
1716 1473 1793 1556 quia
1820 1471 1939 1539 dociles
1965 1494 2067 1538 manu
2094 1473 2222 1554 ducere,

225 1560 439 1624 certissimam
466 1559 602 1623 induere
625 1559 870 1640 persuasionem
897 1579 995 1640 quam
1025 1558 1198 1621 minimum
1248 1578 1316 1621 non
1332 1579 1406 1623 cum
1416 1557 1618 1641 pugnacibus
1630 1565 1663 1631 et
1673 1558 1846 1623 rebellibus
1862 1580 1998 1623 manum
2015 1580 2185 1625 conserere
2197 1560 2222 1645 ¹)

223 1645 394 1727 profuerit,
417 1645 481 1708 nisi
502 1644 580 1709 inde
600 1643 739 1710 fiduciae
759 1645 931 1708 mutarim
952 1643 1046 1708 nobis
1068 1663 1197 1725 compa»
1249 1642 1303 1708 hic
1316 1642 1345 1726 2)
1372 1644 1573 1726 propositum
1600 1651 1664 1721 est,
1693 1665 1767 1708 cum
1794 1643 1859 1708 illis
1888 1645 1970 1709 forte
1991 1666 2058 1709 non
2081 1652 2150 1709 tam
2171 1646 2222 1709 in·

224 1752 348 1796 remus:
389 1739 428 1794 ut
466 1751 531 1794 non
571 1729 760 1812 simpliciter
798 1729 1002 1811 omnipotens
1038 1728 1198 1792 habeatur
1250 1729 1382 1794 eunctis
1409 1729 1508 1811 copiis
1536 1750 1624 1793 nune
1651 1729 1843 1812 congrediar
1869 1751 1968 1812 quam
2000 1731 2048 1794 rei
2079 1730 2223 1814 dignitas

223 1816 325 1892 Deus,
346 1815 404 1881 sed
421 1817 477 1898 qui
493 1837 552 1881 nos
570 1837 630 1880 sua
646 1816 791 1898 potentia
808 1821 990 1894 conservet;
1012 1835 1079 1879 non
1096 1815 1198 1879 otiosa
1249 1814 1441 1896 postularet;
1469 1813 1527 1879 sed
1553 1812 1631 1896 quid
1660 1815 1860 1897 sequendum
1888 1816 1931 1880 sit
1952 1822 2009 1880 aut
2029 1816 2221 1896 cavendum,

223 1902 457 1985 imaginatione
468 1900 730 1983 apprehendatur
742 1901 875 1983 spiritus
893 1906 1033 1978 sanctus,
1048 1898 1106 1964 sed
1122 1921 1197 1964 cum
1248 1921 1316 1964 non
1344 1901 1552 1965 contentiosis
1578 1899 1723 1965 indicare
1750 1901 1954 1982 potissimum
1987 1901 2141 1980 conabor,
2174 1904 2222 1980 sic

225 1987 349 2054 efficaci
368 1988 500 2052 virtutis
517 2008 595 2052 suae
611 1986 738 2051 fiducia.
771 1985 864 2066 Quae
882 1986 995 2069 regula
1012 1987 1047 2049 in
1065 1985 1197 2066 reliquis
1249 1992 1368 2064 tamen,
1392 1994 1430 2049 ut
1451 1986 1491 2049 ab
1509 1987 1658 2051 omnibus
1675 1986 1895 2068 improborum
1913 1986 2083 2053 calumniis
2100 1989 2221 2053 raritas

224 2073 335 2138 valere
363 2072 471 2152 debct;
500 2093 583 2154 quae
611 2072 763 2154 quohiam
790 2071 1011 2155 particulatim
1042 2092 1101 2136 suo
1127 2071 1196 2137 loco
1250 2079 1422 2135 asseratur.
1466 2072 1540 2135 Etsi
1560 2072 1771 2155 praecipuum
1792 2072 1936 2137 studium
1956 2073 1992 2137 in
2014 2072 2075 2137 hoc
2096 2073 2222 2138 incum-

225 2157 419 2241 explicanda
446 2165 557 2236 erunt,
590 2165 723 2241 gustum
750 2156 911 2223 duntaxat
943 2158 977 2221 in
1011 2157 1198 2240 praesentia
1249 2156 1319 2234 bet,
1349 2164 1386 2220 ut
1414 2157 1571 2235 habeant,
1599 2158 1654 2240 qui
1682 2157 1794 2222 faciles
1823 2165 2015 2240 apertasque
2036 2158 2100 2222 Dei
2122 2159 2222 2224 verbo

224 2244 382 2327 praebere
402 2243 572 2331 voluimus.
617 2242 741 2308 Ohristi
763 2244 931 2322 nativitas,
958 2264 1060 2321 mors,
1088 2264 1196 2306 resur-
1250 2263 1345 2307 aures
1367 2241 1523 2320 dederint,
1544 2244 1581 2323 in
1602 2263 1665 2325 quo
1686 2250 1774 2308 certo
1795 2242 1878 2326 pede
1899 2244 2086 2309 consistant
2120 2245 2222 2326 Equi-

225 2331 341 2408 rectio,
369 2330 514 2394 ascensio
535 2329 570 2392 in
593 2328 731 2405 coelum,
760 2350 813 2394 res
835 2336 913 2393 sunt
934 2329 993 2394 sub
1016 2328 1116 2394 oculis
1138 2328 1197 2392 ho·
1250 2326 1325 2392 dem
1353 2326 1421 2405 hic,
1455 2328 1482 2392 si
1509 2327 1638 2410 quando
1665 2329 1746 2394 alias
1773 2329 1809 2393 in
1836 2328 2010 2395 reconditis
2043 2330 2222 2412 scripturae

224 2416 354 2479 minum
371 2420 490 2497 gestae,
513 2435 595 2496 quae
613 2413 692 2478 dum
708 2421 924 2496 exponuntur,
946 2415 1002 2497 pia
1020 2435 1113 2478 mens
1130 2435 1197 2478 non
1249 2414 1428 2498 mysteriis,
1455 2413 1560 2478 sobrie
1586 2415 1754 2496 multaque
1780 2435 1855 2480 curn
1875 2414 2095 2479 moderatione
2117 2415 2223 2497 philo-

108 2518 111 2523 '
224 2501 260 2565 in
282 2508 417 2565 externo
439 2521 552 2565 eanum
574 2499 757 2583 spectaculo
779 2500 907 2579 haeret;
935 2500 993 2565 sed
1019 2501 1096 2581 quia
1121 2520 1197 2581 ope-
1250 2498 1469 2581 sophandum;
1499 2498 1645 2564 adhibita
1666 2501 1765 2564 etiam
1787 2500 1891 2565 multa
1911 2500 2074 2577 cautione,
2101 2522 2143 2564 ne
2166 2509 2224 2565 aut

223 2586 315 2652 ribus
331 2587 395 2651 Dei
412 2586 605 2668 sapientiam
626 2586 757 2651 subesse
775 2587 874 2664 novit,
894 2607 1026 2651 causam
1043 2584 1199 2668 expendit
1250 2584 1400 2668 cogitatio
1423 2593 1480 2648 aut
1500 2585 1613 2668 lingua
1634 2585 1722 2650 ultra
1742 2584 1904 2669 procedat,
1927 2605 2024 2666 quam
2045 2585 2138 2650 verbi
2157 2586 2222 2650 Dei

224 2673 431 2738 accestimat.
460 2672 514 2736 Ita
524 2671 579 2736 ille
590 2671 733 2737 obiectus
744 2692 859 2753 scopus
870 2677 928 2750 est,
946 2693 999 2736 res
1010 2678 1111 2755 gesta,
1122 2672 1198 2735 finis
1249 2671 1331 2754 fines
1351 2669 1599 2752 protenduntur.
1645 2669 1814 2750 Quomodo
1835 2671 1922 2735 enim
1943 2671 2137 2735 immensam
2157 2672 2223 2735 Dei

224 2765 258 2822 et
273 2759 365 2835 ratio,
388 2779 441 2822 res
460 2757 630 2822 invisibilis
648 2765 682 2821 et
697 2757 1034 2839 incomprehensibilis
1050 2757 1085 2820 in
1106 2757 1198 2823 cuius
1250 2757 1424 2829 essentiam
1442 2755 1484 2820 ad
1500 2778 1596 2821 suum
1613 2757 1782 2822 modulum
1799 2777 1892 2822 mens
1909 2755 2054 2821 humana
2076 2755 2219 2834 deliniat,

223 2843 529 2926 contemplationem
561 2843 638 2908 inde
666 2843 803 2927 erigitur
810 2866 819 2922 ;
852 2842 1124 2925 quemadmodum
1156 2864 1198 2906 ex
1250 2863 1332 2923 quae
1359 2840 1504 2906 nondum
1531 2849 1675 2907 statuere
1702 2848 1789 2909 certo
1815 2843 1920 2925 potuit
1947 2840 2041 2924 quale
2069 2843 2112 2906 sit
2142 2841 2222 2906 solis

224 2928 349 2994 Christi
370 2936 475 2994 morte
497 2929 733 3007 satisfactionis,
751 2950 794 2993 ex
813 2930 1048 2994 resurrectione
1064 2930 1199 2993 immor·
1251 2949 1382 3008 corpus,
1422 2926 1507 3010 quod
1546 2935 1657 2993 tamen
1696 2928 1797 2994 oculis
1830 2926 1971 3010 quotidie
2003 2926 2220 3010 conspicitur?
2315 2985 2317 2990 .

224 3014 360 3078 talitatis
382 3014 536 3078 fiduciam
553 3015 700 3096 concipit
1250 3013 1323 3077 Imo
1355 3034 1449 3092 vero,
1482 3013 1641 3095 quomodo
1672 3014 1803 3097 proprio
1835 3011 1936 3079 ductu
1962 3010 2004 3076 ad
2029 3012 2095 3078 Dei
2120 3034 2223 3095 usque

313 3105 342 3163 5.
377 3099 530 3163 Alterum
547 3121 660 3164 eorum
677 3121 760 3182 quae
780 3100 874 3165 nobis
890 3099 1094 3166 observanda
1115 3099 1199 3163 dixi-
1251 3098 1468 3163 substantiam
1485 3098 1713 3164 excutiendam
1731 3105 1890 3182 penetret,
1910 3119 1991 3180 quae
2009 3119 2102 3163 suam
2121 3098 2224 3179 ipsius

224 3207 298 3250 mus
321 3191 371 3249 est
391 3185 529 3268 symboli
552 3187 696 3267 partitio:
720 3187 813 3252 cuius
834 3186 899 3249 tn'a
919 3186 1066 3251 membra
1087 3185 1198 3334 patris,
1250 3184 1385 3248 minime
1403 3184 1606 3267 assequitur?
1629 3183 1740 3264 Quare
1751 3185 1823 3249 Deo
1839 3183 1980 3249 libenter
1995 3185 2224 3266 permittamus

224 3270 292 3346 filii,
317 3278 350 3335 et
372 3271 505 3352 spiritus
528 3270 792 3353 descriptionem,
815 3270 902 3336 unde
923 3278 1029 3336 totum
1050 3292 1086 3335 re
1109 3291 1199 3354 emp·
1251 3271 1302 3334 sui
1324 3270 1549 3353 cognitionem.
1582 3271 1658 3352 Ipse
1680 3271 1767 3336 enim
1789 3268 1922 3334 demum
1942 3291 2038 3347 unus,
2060 3276 2099 3333 ut
2114 3270 2225 3353 inquit

224 3357 322 3420 tionis
344 3364 474 3420 nostrae
495 3358 688 3441 mysterium
711 3356 879 3439 dependet,
901 3355 1199 3440 comprehendunt;
1251 3355 1413 3432 Hilarius,
1428 3353 1458 3440 1)
1485 3355 1621 3421 idoneus
1647 3355 1709 3421 sibi
1737 3355 1829 3420 testis
1855 3359 1920 3433 est,
1949 3355 2004 3438 qui
2025 3355 2089 3419 nisi
2109 3376 2168 3437 per
2188 3376 2224 3420 se

224 3449 386 3525 quartum,
409 3442 526 3524 quibus
548 3443 584 3506 in
605 3442 702 3507 rebus
721 3444 784 3507 sita
803 3443 846 3506 sit
862 3450 974 3507 nostra
991 3443 1088 3519 salus,
1111 3463 1198 3507 com-
1251 3442 1399 3524 cognitus
1421 3462 1488 3506 non
1509 3447 1567 3506 est.
1611 3441 1846 3505 Permittamus
1868 3449 1992 3519 autern,
2020 3441 2048 3506 si
2070 3440 2224 3506 attalem

223 3535 392 3592 memorat
444 3526 485 3591 Id
506 3527 637 3610 quidem
661 3549 729 3593 non
755 3528 953 3612 negligenda
980 3528 1197 3610 dispositione.
1251 3527 1468 3609 concipiemus
1493 3527 1505 3590 i
1528 3546 1616 3604 sum,
1647 3525 1777 3608 qualem
1798 3546 1833 3590 se
1854 3526 1948 3591 nobis
1969 3526 2135 3608 patefacit3
2163 3547 2224 3592 neo

225 3612 411 3695 Siquidem,
441 3616 541 3678 utin
567 3614 682 3679 salutis
715 3615 865 3679 notitiam
899 3614 1084 3693 veniamus,
1117 3613 1199 3679 haec
1252 3611 1292 3676 de
1313 3613 1383 3694 ipso
1405 3547 1535 3677 aliundis
1563 3611 1812 3690 sciscitabimur,
1839 3633 1938 3695 quam
1959 3633 2001 3676 ex
2022 3612 2091 3676 eius
2113 3611 2223 3676 verbo.

224 3699 367 3780 primum
396 3700 474 3776 tria,
507 3701 544 3763 in
571 3701 687 3782 quibus
714 3707 819 3764 totum
850 3701 1018 3783 nemtium
1049 3700 1197 3778 vertitur,
1250 3698 1394 3764 Exstant
1420 3699 1456 3761 in
1478 3698 1539 3763 hoc
1567 3703 1799 3781 argumentum
1823 3696 1976 3762 homiliae
1997 3695 2225 3780 chrysostomi

225 3782 460 3848 consideranda
480 3793 569 3850 sunt:
592 3787 695 3868 patris
716 3785 1001 3869 indulgentissima
1017 3785 1144 3851 benitas
1166 3794 1199 3851 et
1251 3785 1392 3867 quinque
1413 3782 1569 3850 adversus
1590 3785 1788 3863 Anomoeos,
1809 3783 1926 3866 quibus
1948 3789 2058 3846 tamen
2079 3781 2226 3847 cohiberi

226 3869 420 3933 effusissima
440 3870 475 3934 in
497 3871 679 3936 humanum
700 3894 804 3958 genus
821 3871 964 3951 dilectio;
986 3892 1068 3953 quae
1086 3873 1121 3935 in
1138 3870 1200 3938 hoc
1251 3870 1473 3954 sophistarum
1491 3867 1628 3935 audacia
1646 3888 1713 3935 non
1731 3868 1852 3952 potuit,
1875 3868 1955 3951 quin
1969 3867 2085 3932 fraena
2106 3888 2225 3950 garru-

226 3955 390 4036 apparuit‚
417 3953 495 4019 dum
521 3958 651 4039 proprio
678 3959 745 4023 filio
766 3979 834 4022 non
853 3958 1011 4040 pepercit,
1039 3959 1118 4040 quin
1140 3978 1200 4039 pro
1250 3955 1336 4020 litati
1355 3954 1515 4020 laxarent
1548 3955 1661 4020 Nihilo
1678 3954 1766 4020 enim
1786 3953 1962 4019 modestius
1984 3951 2037 4018 hic
2058 3974 2093 4018 se
2115 3974 2225 4037 gesse·

225 4039 318 4104 nobis
345 4041 496 4106 omnibus
522 4041 617 4106 illum
643 4044 788 4109 traderet
813 4045 848 4108 in
874 4049 1027 4121 mortem,
1055 4064 1119 4125 quo
1140 4064 1200 4107 nos
1251 4048 1329 4106 runt
1350 4061 1448 4124 quam
1468 4041 1587 4123 ubique
1609 4040 1722 4107 solent
1768 4039 1871 4107 Ouius
1897 4039 2090 4105 temeritatis
2117 4039 2225 4104 infeli·

225 4126 262 4189 in
281 4126 384 4190 vitam
408 4127 594 4192 restitueret
621 4128 775 4213 (Ioan3,
797 4133 846 4193 16.
875 4129 970 4193 Βοιιι.
993 4132 1022 4207 8,
1042 4127 1113 4213 32);
1141 4129 1200 4192 filii
1251 4127 1379 4192 cissimo
1407 4147 1558 4193 successu
1586 4126 1753 4192 admoneri
1779 4148 1839 4192 nos
1866 4122 1971 4203 decet,
2004 4132 2042 4188 ut
2063 4123 2226 4191 docilitate

225 4210 425 4288 obedientia,
453 4233 536 4293 quac
567 4220 617 4277 cst
636 4213 766 4279 divinae
788 4214 1027 4280 misericordiae
1048 4214 1084 4277 in
1104 4234 1199 4296 pera·
1251 4204 1356 4297 magis
1375 4234 1474 4295 quam
1494 4213 1643 4277 acumine
1661 4213 1697 4276 in
1716 4213 1814 4278 istam
1835 4210 2078 4294 inquisitionem
2098 4211 2225 4276 incum-

226 4294 334 4380 genda
355 4304 468 4361 nostra
489 4298 594 4362 salute
615 4300 902 4383 complementum;
930 4300 1064 4382 spiritus
1085 4307 1200 4381 poten·
1252 4299 1375 4364 bamus.
1419 4298 1489 4364 Nec
1509 4298 1545 4361 in
1567 4298 1714 4363 animum
1735 4297 1940 4374 inducamus,
1963 4303 2021 4362 aut
2039 4297 2149 4362 Deum
2169 4317 2225 4360 us·

225 4383 286 4459 tia,
314 4402 497 4465 perquam
524 4384 648 4448 fructus
677 4384 806 4451 divinae
827 4387 863 4450 in
886 4384 1017 4450 Christo
1047 4385 1199 4450 bonitatis
1250 4406 1349 4467 quam
1382 4404 1551 4468 quaerere,
1585 4385 1649 4450 nisi
1681 4385 1717 4448 in
1749 4383 1819 4448 eius
1852 4383 1966 4462 verbo;
1999 4389 2057 4447 aut
2088 4381 2128 4446 dc
2155 4381 2226 4464 ipso

224 4468 319 4532 nobis
339 4468 606 4534 communicatur.
642 4471 750 4553 Atque
771 4471 835 4537 huc
855 4472 987 4554 respicit
1002 4469 1085 4535 illud
1102 4470 1201 4535 Pauli·
1251 4471 1417 4553 quidpiam
1445 4490 1481 4534 co
1506 4470 1600 4548 tare,
1628 4470 1692 4535 nisi
1719 4489 1795 4534 cnm
1815 4468 1885 4533 eius
1908 4467 2021 4548 verbo;
2051 4474 2109 4532 aut
2128 4466 2226 4550 loqui,

225 4552 358 4703 gom.
387 4553 538 4638 13,13)‚
578 4554 657 4619 (1ιιιιι
694 4555 875 4622 Oorinthiis
915 4557 981 4620 Dei
1021 4557 1198 4634 caritatem,
1251 4557 1315 4622 nisi
1336 4578 1396 4640 per
1416 4553 1475 4620 illu
1519 4554 1608 4620 idem
1629 4555 1775 4621 verbum.

257 4639 351 4704 bristi
422 4640 536 4716 atiam,
565 4647 598 4706 et
618 4641 751 4723 spin'tus
773 4642 1033 4707 communionem
1054 4663 1199 4724 compre-
1339 4647 1367 4706 7.
1411 4641 1522 4706 Deum
1543 4662 1614 4707 esse
1636 4661 1737 4705 unum
1761 4651 1921 4718 aeternae,
1943 4639 2109 4715 infinitae,
2131 4637 2227 4719 spiri·

225 4731 326 4788 catur.
401 4746 455 4789 am
477 4746 497 4790 a
517 4726 582 4791 Dei
603 4729 739 4800 carimte
760 4726 917 4810 quidquid
937 4727 1014 4792 boni
1036 4735 1086 4792 est
1106 4727 1200 4794 nobis
1253 4726 1528 4806 tunlisessentiae,
1547 4727 1691 4811 apertius
1709 4725 1871 4808 scriptura
1888 4723 2010 4808 passim
2018 4721 2227 4874 pronuntiat,

224 4811 373 4892 profluit;
405 4811 440 4874 in
467 4810 613 4890 Christo,
647 4835 708 4879 ceu
739 4815 911 4879 universae
946 4814 1070 4896 gratiae
1100 4814 1199 4890 fonte,
1252 4835 1351 4897 quam
1367 4820 1405 4878 ιιι
1422 4814 1457 4877 in
1474 4813 1663 4896 probatione
1681 4809 1804 4875 diutius
1822 4809 1865 4875 sit
1881 4808 2017 4879 laboran
2040 4829 2105 4875 um
2139 4805 2229 4872 Nam

225 4895 411 4976 exhibetur;
439 4916 499 4979 per
523 4900 658 4981 spiritus
678 4899 835 4965 virtutem
856 4919 969 4963 eorum
990 4919 1073 4981 quae
1095 4921 1115 4963 a
1135 4899 1200 4991 Dei
1251 4898 1448 4982 quodabuti
1469 4897 1663 4963 testimoniis
1685 4894 1880 4979 quibusdam
1896 4893 2083 4960 Manichaei
2101 4890 2143 4959 ad
2160 4898 2228 4991 sta·

225 4979 399 5046 clementia
428 4983 520 5049 nobis
547 4985 731 5050 offenmtur
755 4987 854 5050 fimus
881 4985 1075 5069 participes·
1110 4984 1201 5049 Hinc
1251 4983 1374 5049 tuenda
1395 4982 1458 5049 duo
1479 4983 1640 5066 principia
1661 4981 1732 5047 ausi
1752 4987 1838 5061 sunt,
1860 5001 1971 5047 merae
1991 4978 2054 5076 fuit
2069 4978 2227 5044 insamae.

1226 5139 1229 5247 l
1309 5187 1352 5255 .1)
1370 5187 1492 5239 conferre
1511 5183 1579 5266 1515
1597 5191 1623 5238 ct
1639 5201 1709 5255 seqq.
1762 5184 1792 5252 2)
1811 5184 1876 5239 cdd.
1895 5185 2011 5238 maxine
2031 5181 2100 5238 1513
2116 5189 2141 5238 et
2158 5199 2229 5252 seqq.

295 5254 325 5318 1)
343 5256 383 5308 ed.
403 5254 472 5309 1550
488 5263 514 5310 el
532 5272 619 5327 seqq:
636 5264 667 5311 ut
684 5275 745 5313 uon.
1009 5314 1012 5321 ‚
1226 5252 1229 5292 l
1253 5254 1284 5323 3)
1303 5256 1363 5308 Lib.
1382 5257 1404 5308 1.
1423 5254 1461 5321 de,
1475 5254 1572 5307 Τιιιιιι.
1592 5271 1614 5308 c.
1632 5253 1673 5306 19.
