4770 6030
200 313 260 372 ca
742 303 841 371 our.
864 304 961 368 vm.
984 301 1077 387 (IV.)
1120 300 1335 368 stoicam
1355 301 1651 369 mommo.
1959 285 1977 327 '
2135 309 2197 370 cm

199 423 312 490 osso,
329 405 446 478 cesti
570 418 592 462 0
957 410 966 443 '

199 495 374 573 Modicum,
396 481 511 574 inbuit,
531 494 711 574 tumetum
732 498 824 557 totam
845 511 983 556 massam
1003 490 1171 572 comumpit
1221 489 1347 572 aliquod
1362 495 1601 572 perpetraverat,
1623 492 1704 557 uude
1725 496 1863 557 exortum
1879 497 1955 558 esset
1971 492 2197 574 offendiculum,

198 583 230 667 (1
253 582 326 646 Cor.
348 586 375 657 5,
396 583 414 642 6
433 587 467 643 et
487 576 550 663 11).
600 578 649 643 Ae
676 583 795 643 teritum
823 578 872 642 bic
898 577 1074 659 periculum
1098 595 1171 657 pro-
1217 576 1358 658 primum
1386 597 1407 640 o
1435 597 1543 641 sacrae
1570 597 1677 642 acerrae
1703 578 1945 660 participatione
1972 578 2197 658 mutauere,-

197 666 361 750 spiciebat,
394 669 427 727 ut
455 664 501 729 cel
527 664 565 728 ab
590 664 674 729 omui
703 664 864 729 sodalitate
890 663 1087 727 interdiceret.
1133 659 1171 725 Si
1222 661 1331 725 deiude
1356 661 1516 726 iubebatur
1542 667 1571 726 et
1591 683 1694 728 coram
1715 663 1783 728 Deo
1808 683 1873 729 sese
1894 663 2074 743 bumiliarc,
2102 669 2131 729 ct
2151 684 2198 730 co·

197 754 278 835 quis,
298 753 353 830 ait,
373 751 473 832 frater
494 751 573 814 inter
593 770 646 814 cos
666 751 857 828 nominatur,
880 749 926 813 uel
947 752 1101 825 scortator,
1124 745 1171 811 uel
1222 766 1293 810 ram
1310 747 1434 811 eeclesia
1449 748 1670 829 poenitentium
1696 750 1810 814 testari.
1855 749 1959 813 Erant
1978 755 2081 813 autern
2101 749 2198 815 solem

198 858 330 916 avarus,
357 835 404 900 cel
431 836 585 900 idolorum
611 835 719 913 cultor,
754 836 800 899 cel
826 834 977 911 ebriosus,
1005 833 1051 897 cel
1078 832 1171 896 male-
1222 852 1276 895 nes
1295 833 1391 912 ritus,
1411 835 1466 914 qui
1487 834 1611 916 iniunpi
1632 834 1731 915 lapsis
1752 835 1899 913 solebant,
1919 839 1954 898 ut
1975 841 2075 899 esseut
2089 837 2198 916 poeni·

198 925 296 1002 dicus,
319 943 389 987 cum
409 921 560 985 ciusucodi
581 940 634 984 nec
654 921 755 984 edum
775 941 894 985 sumere
909 919 1063 1000 permitto.
1098 918 1171 982 Ter-
1222 918 1337 993 tentiae,
1351 919 1480 984 indicia.
1521 918 1580 986 Ubi
1601 921 1648 985 sie
1668 920 1828 1001 defunctus
1850 926 1925 998 erat,
1947 927 1983 985 ut
2003 921 2198 1001 satisfactum

197 1012 274 1086 tius,
301 1013 336 1072 ut
363 1028 413 1072 ecs
439 1008 525 1089 ipsos
545 1007 667 1086 pudore
692 1007 832 1088 confusos
860 1025 935 1069 suae
967 1003 1172 1085 turpitudinis
1223 1003 1363 1067 ecclosias
1381 1004 1468 1086 foret,
1491 1009 1557 1069 tum
1572 1026 1634 1087 per
1654 1027 1805 1071 manuum
1826 1007 2052 1087 impositionem
2072 1005 2198 1087 recipie·

194 1099 347 1177 poenitere
374 1093 512 1173 incipiat.
560 1090 613 1156 Ita
639 1092 778 1156 conducit
804 1096 831 1155 et
857 1091 923 1154 illis
949 1111 1040 1154 suom
1066 1088 1171 1168 aequi
1222 1088 1314 1153 batur
1334 1090 1369 1153 in
1387 1091 1538 1172 pralium,
1561 1111 1640 1170 quoe
1660 1093 1787 1173 receptio
1807 1093 1936 1173 saepius
1956 1115 1977 1157 a
2000 1089 2157 1173 Cypriane
2170 1089 2196 1176 ¹)

197 1183 275 1245 tiam
296 1179 460 1261 castipari,
480 1198 538 1257 quo
560 1178 762 1260 ceperpefiaut
782 1196 874 1240 seusu
893 1175 1025 1256 ferulae,
1047 1175 1103 1254 qui
1123 1172 1172 1238 in-
1216 1195 1286 1255 paa
1307 1180 1438 1254 uocatur,
1462 1177 1517 1256 qui
1537 1178 1630 1240 etiam
1651 1178 1800 1242 cimmodi
1820 1179 1917 1243 ritum
1936 1177 2064 1242 breviter
2084 1176 2200 1241 deseri·

198 1266 355 1349 dulpeutia
375 1262 586 1328 obstinatiores
604 1263 706 1344 futuri
726 1267 820 1326 orarit.
860 1260 903 1325 Id
924 1261 1078 1343 sipnitcat
1100 1279 1172 1340 opo
1223 1260 1273 1324 bit.
1319 1259 1556 1341 Paenitentiam,
1575 1263 1695 1344 inquit,
1718 1269 1814 1346 apum
1834 1265 1892 1327 isto
1913 1268 2059 1345 tempore;
2088 1262 2198 1327 deiude
2299 1262 2305 1273 “

198 1351 301 1428 stolus,
323 1370 419 1431 quum
435 1350 470 1412 iu
491 1347 571 1411 bunc
587 1349 711 1412 modum
727 1349 863 1429 loquitur
880 1346 914 1430 (2
928 1347 1040 1411 Thess.
1055 1350 1083 1424 3,
1099 1344 1170 1428 14):
1223 1346 1265 1409 ad
1286 1347 1504 1429 eaonrolopesin
1524 1348 1656 1427 veniunt,
1677 1353 1780 1429 etper
1800 1359 1952 1414 umanum
1972 1349 2199 1430 impositionem

198 1439 229 1501 si
250 1436 321 1516 quis
341 1455 401 1497 uon
419 1433 517 1498 obedit
536 1434 691 1498 doctrinae
709 1439 838 1512 nostrae,
860 1433 941 1496 buuc
957 1436 1063 1509 notate,
1085 1435 1113 1494 et
1134 1450 1171 1493 ae
1223 1431 1360 1513 episcopi
1388 1437 1417 1497 et
1450 1433 1523 1497 cleri
1550 1435 1603 1498 ius
1629 1435 1851 1499 communionis
1876 1436 2040 1516 accipiunt.
2094 1434 2198 1514 Quam

199 1521 454 1586 commisceamini
475 1539 544 1583 cum
566 1519 628 1597 illo,
650 1524 684 1582 ut
698 1519 820 1601 pudore
838 1518 1046 1600 suffundatur.
1091 1515 1170 1580 Item
1223 1537 1319 1597 quarn
1344 1518 1391 1581 sic
1413 1524 1560 1599 praeerat
1589 1520 1830 1584 reconciliationi
1858 1521 2016 1602 episcopus
2042 1539 2112 1582 omn
2139 1537 2197 1584 suo

199 1608 275 1672 alibi
297 1609 328 1691 (l
353 1605 426 1671 Gor.
447 1609 474 1683 5,
495 1605 546 1688 5),
575 1625 670 1686 quum
690 1626 724 1669 se
744 1604 913 1670 tntdidissc
933 1602 1039 1668 scribit
1065 1600 1171 1667 Garin-
1223 1602 1314 1680 clero,
1342 1608 1376 1666 ut
1395 1604 1491 1668 simul
1505 1604 1608 1686 plebis
1626 1625 1804 1670 consensum
1823 1606 2006 1686 requireret,
2028 1605 2099 1688 ut2)
2120 1603 2198 1669 abibi

198 1693 298 1757 ibium
318 1696 455 1769 satanae,
477 1695 512 1753 ut
532 1692 666 1772 spiritus
686 1691 794 1755 saluus
811 1691 895 1771 fieret
911 1691 946 1753 iu
963 1689 1013 1753 die
1031 1686 1170 1752 Domini.
1222 1688 1326 1752 tradit.

199 1779 267 1842 Hoc
298 1782 342 1842 est
380 1776 429 1861 (ut
463 1795 515 1858 epo
542 1776 665 1856 quidem
697 1775 891 1859 irterpretor)
924 1775 1105 1839 concessisse
1136 1772 1172 1836 in
1313 1778 1382 1838 190.
1427 1774 1500 1839 Hac
1527 1776 1695 1857 disciplina
1721 1777 1796 1841 odeo
1822 1796 1909 1840 nemo
1934 1774 2137 1854 adimebatur,
2164 1777 2201 1838 at

198 1863 425 1928 damnationem
446 1866 686 1942 tencporaaeam,
716 1868 751 1925 ut
772 1867 929 1927 aeterum
950 1859 1059 1924 salmes
1078 1859 1171 1939 fieret.
1218 1860 1380 1941 principes
1407 1880 1524 1941 quoquc
1551 1882 1618 1924 uuo
1646 1881 1715 1927 cum
1736 1860 1867 1941 plebeiis
1893 1881 1925 1925 se
1947 1862 1989 1925 ad
2011 1881 2079 1925 eam
2098 1859 2198 1942 feren·

200 1949 274 2014 Ideo
296 1953 397 2012 auum
418 1952 546 2011 satanae
566 1949 688 2013 tradere
708 1949 790 2026 dicit,
813 1947 889 2029 quia
910 1951 997 2010 eatro
1018 1944 1173 2010 emlesiom
1224 1944 1298 2008 dam
1325 1945 1513 2011 subiicerent.
1557 1946 1602 2010 Et
1622 1947 1744 2012 merito:
1775 1968 1871 2027 quum
1894 1945 2012 2011 Christi
2037 1965 2102 2010 esse
2128 1965 2198 2010 con·

198 2034 339 2098 diabolus
359 2037 411 2111 est,
433 2033 686 2114 quemadmodum
703 2035 738 2097 iu
755 2033 880 2097 ecclesia
900 2031 1051 2097 Obristus.
1085 2029 1173 2093 Nom
1224 2035 1326 2110 staret,
1349 2032 1400 2095 cui
1420 2033 1525 2095 omum
1546 2052 1653 2115 repum
1673 2037 1792 2113 sceptra
1813 2037 1841 2096 et
1859 2032 2036 2097 diademata
2059 2030 2198 2095 smum

198 2121 280 2201 quod
300 2118 429 2200 quidam
442 2119 465 2201 ¹)
489 2119 531 2183 ad
558 2124 670 2183 certam
692 2121 797 2184 carnis
818 2118 1007 2183 occationem
1027 2116 1172 2197 referunt,
1224 2136 1356 2197 meum
1382 2121 1433 2181 est.
1483 2116 1537 2182 Sic
1565 2116 1768 2194 Theodosius,
1796 2137 1892 2198 qaum
1919 2117 1958 2181 ab
1984 2116 2158 2194 Ambrosio,
2166 2114 2196 2200 ⁸)

198 2205 277 2270 mibi
297 2205 417 2268 ondam
436 2203 683 2270 incertissimum.
1223 2201 1259 2265 cb
1280 2202 1400 2266 coecum
1424 2195 1659 2267 tbessalcaicee
1677 2207 1901 2284 perpetratam,
1923 2204 1992 2267 iure
2014 2202 2198 2267 mmmmmc-

287 2294 356 2354 189.
401 2288 465 2352 His
484 2289 600 2368 finilm
613 2290 793 2372 propositis,
818 2293 955 2370 superest
974 2287 1077 2352 molere
1098 2306 1173 2367 erra
1223 2288 1275 2350 uis
1291 2288 1439 2368 priuatim
1459 2293 1543 2368 esset,
1564 2288 1676 2353 strauit
1695 2308 1790 2366 mnne,
1811 2309 1871 2368 quo
1892 2289 2101 2353 circumdatus
2122 2290 2196 2367 mot,

198 2380 268 2442 liter
288 2376 367 2440 barre
384 2380 505 2457 portem
526 2375 719 2457 discipliuae,
741 2396 820 2456 quae
841 2377 875 2440 in
894 2373 1106 2438 iurisdictione
1116 2392 1173 2452 po
1224 2373 1345 2455 insipne
1370 2375 1504 2457 reptem·
1537 2374 1656 2452 detlmrit
1680 2374 1715 2437 in
1745 2372 1870 2437 eulesio
1891 2374 2016 2454 publice
2035 2377 2198 2455 peccatum

199 2466 261 2529 sito
281 2460 486 2540 est,·ecclcsia
508 2466 697 2542 exsequatur.
744 2460 907 2542 Pruuipio
928 2460 1115 2523 retineamus
1136 2457 1174 2521 il
1224 2478 1332 2537 suum,
1359 2460 1441 2540 quod
1461 2459 1596 2524 alionum
1614 2459 1729 2541 fraude
1755 2457 1941 2539 obrepserat;
1966 2460 2082 2540 punita
2103 2463 2131 2523 et
2151 2458 2198 2522 la-

198 2551 262 2614 tam
289 2548 489 2629 partitionem
519 2547 664 2627 superius
696 2547 850 2628 positam:
882 2549 1077 2626 peccatorum
1106 2542 1173 2607 alio
1224 2546 1338 2626 erynnis
1363 2546 1463 2609 orarit
1488 2545 1618 2609 omium.
1669 2543 1777 2626 Neque
1804 2545 1885 2609 enim
1912 2544 2050 2608 dedecori
2076 2544 2111 2607 id
2136 2542 2199 2608 sibi

198 2656 262 2700 esse
278 2633 413 2716 plublice,
435 2633 502 2696 alia
518 2633 648 2714 privata
670 2633 717 2697 cel
736 2633 907 2702 occultiora.
943 2628 1074 2701 Rullico
1090 2632 1171 2705 sunt,
1223 2650 1288 2695 esse
1320 2630 1423 2695 debent
1453 2631 1594 2696 iudicare
1620 2632 1725 2713 mapni
1751 2649 1850 2713 repes,
1883 2630 1915 2694 si
1943 2649 2047 2692 coram
2077 2628 2199 2695 Christo

198 2743 277 2802 quoe
301 2740 362 2784 non
389 2738 488 2782 uuum
513 2717 559 2782 cel
578 2717 710 2784 alterum
731 2719 817 2783 nmdc
839 2721 942 2782 testem
968 2715 1090 2794 labent,
1119 2714 1173 2779 secl
1223 2737 1292 2798 repe
1312 2736 1428 2799 repam,
1450 2717 1629 2798 suppliciter
1648 2735 1682 2781 se
1695 2720 1911 2797 prosternant,
1932 2735 1985 2779 nec
2002 2715 2069 2778 iliis
2090 2713 2200 2793 displi-

110 2835 113 2841 ·
193 2807 320 2889 palam,
350 2810 377 2868 et
406 2824 475 2868 cum
500 2804 594 2868 totius
621 2805 761 2869 ecclesiae
782 2804 944 2884 offensione
963 2801 1172 2884 deciperentur.
1224 2822 1288 2866 cere
1309 2801 1399 2880 debet,
1421 2804 1502 2882 quod
1517 2823 1578 2884 per
1599 2801 1756 2866 ecelesiam
1776 2801 1958 2866 iudicentur.
2000 2799 2086 2863 Nam
2102 2818 2199 2879 quum

204 2892 327 2956 Occulta
348 2910 431 2967 oceo,
454 2909 515 2954 reon
536 2910 614 2970 arcae
634 2890 771 2954 immines
786 2909 921 2971 prorsus
941 2887 1041 2964 latent,
1064 2885 1172 2967 qualia
1223 2889 1259 2951 iu
1279 2888 1356 2951 aula
1381 2908 1441 2952 sua
1469 2887 1551 2953 nibil
1574 2889 1640 2970 fere
1666 2889 1799 2952 audiant
1862 2891 1944 2951 aeter
1964 2905 2067 2950 meras
2094 2903 2199 2948 ossen-

198 2982 272 3041 sunt
297 2976 527 3057 hypocritarum
561 2975 649 3060 (uam
676 2977 733 3040 illa
762 2975 819 3039 sub
850 2974 989 3039 ecclcsiae
1020 2971 1172 3037 iudicium
1223 2974 1361 3052 tationes,
1377 2973 1550 3057 plusquam
1570 2974 1779 3039 necessmiurn
1808 2974 1945 3051 'isest,
1961 2991 2021 3053 per
2041 2990 2076 3035 os
2097 2988 2198 3034 sacer·

199 3084 260 3126 uon
282 3060 408 3144 cadunt)
437 3062 491 3125 sed
518 3062 614 3125 medii
639 3063 776 3145 pencris:
802 3081 882 3142 quae
908 3058 1022 3124 scilicet
1047 3057 1173 3122 testibm
1223 3060 1327 3124 dotum
1349 3079 1370 3122 a
1391 3057 1527 3124 Domino
1553 3059 1676 3140 corripi.
1724 3059 1806 3140 Quin
1827 3059 1936 3139 potius
1958 3062 2064 3138 optare
2084 3054 2197 3134 debent,

200 3169 260 3212 nou
282 3151 396 3223 eareat,
425 3167 519 3227 neque
538 3151 642 3211 tamen
665 3151 739 3211 sunt
763 3146 895 3227 publico.
942 3143 1038 3209 Prior
1058 3143 1173 3225 speeies
1224 3165 1262 3208 ne
1282 3144 1343 3208 sibi
1363 3145 1532 3209 sacerdotes
1547 3148 1690 3226 parcant,
1713 3165 1772 3225 quo
1787 3149 1902 3225 parcet
1922 3142 2087 3207 Dominus.
2130 3139 2199 3205 Hoc

199 3255 260 3298 nou
278 3233 413 3312 requirit
425 3232 546 3314 proclus
562 3233 640 3312 illos,
658 3254 734 3314 quos
752 3231 895 3298 Obristus
911 3233 1075 3295 enumerat.
1111 3226 1173 3294 sco
1224 3231 1284 3295 loco
1296 3233 1464 3310 praetereo,
1482 3250 1543 3311 per
1563 3248 1639 3310 euos
1660 3230 1824 3295 wermuda
1840 3230 1934 3305 istaec
1950 3228 2125 3293 iurisdictio
2145 3226 2196 3304 sit,

200 3319 339 3395 ecclesia,
369 3316 421 3378 ubi
447 3318 506 3380 tale
532 3319 608 3398 quur
633 3319 771 3402 ernerpit,
795 3318 898 3404 facere
922 3316 1059 3399 officium
1080 3335 1173 3379 suum
1224 3316 1300 3397 quia
1328 3315 1405 3383 olibi
1432 3316 1547 3381 dictum
1576 3320 1628 3380 cst.
1673 3315 1741 3380 Hoc
1760 3320 1879 3380 tautum
1900 3315 1995 3392 addo,
2024 3313 2113 3377 illam
2133 3331 2200 3377 esse

200 3404 282 3469 debet
302 3405 336 3466 iu
357 3403 489 3465 comato
504 3408 674 3483 peccatore,
697 3409 724 3469 et
744 3403 919 3486 corripcndo
933 3422 996 3484 pro
1016 3401 1103 3465 uredo
1124 3401 1173 3465 de
1224 3402 1392 3485 lepitimam
1417 3401 1452 3465 in
1479 3401 1767 3468 eacoornmnioandc
1798 3400 1918 3465 bomine
1943 3398 2198 3481 promessionem,

200 3491 273 3554 licti.
319 3487 361 3550 Ia
382 3487 511 3551 secundo
530 3510 638 3570 perere
658 3511 719 3554 nore
739 3490 864 3553 venitur
877 3488 919 3553 ad
936 3487 1099 3563 ecclesiam
1121 3485 1173 3550 do
1224 3507 1319 3568 qnam
1339 3487 1525 3552 demmmtrat
1547 3486 1678 3574 Paulus,
1700 3488 1731 3550 si
1750 3507 1811 3550 uon
1831 3485 2041 3550 soliscnrores
2061 3501 2200 3548 seorsum

201 3595 255 3640 nec
275 3573 433 3639 accesserit
460 3576 662 3654 coutumacia,
684 3576 852 3640 seeundum
879 3573 967 3638 illam
988 3570 1106 3636 Gluisti
1127 3591 1173 3634 re·
1223 3573 1259 3637 id
1277 3572 1412 3654 fociant,
1434 3574 1489 3637 sed
1510 3573 1631 3638 conscia
1651 3577 1680 3637 et
1699 3571 1886 3654 approbante
1906 3569 2047 3635 ecclesia:
2073 3569 2106 3632 in
2128 3586 2200 3632 eum

199 3661 316 3744 pulcra.
367 3658 426 3724 Ubi
453 3659 495 3722 acl
522 3661 718 3742 sepultionem
744 3666 864 3726 centum
892 3664 949 3738 est,
979 3663 1049 3722 tuuc
1075 3656 1173 3720 obser·
1224 3658 1338 3722 seilicet
1358 3658 1491 3737 niodum
1514 3664 1549 3722 ut
1562 3658 1666 3738 plebis
1682 3657 1846 3722 multitudo
1861 3676 1922 3720 non
1939 3659 2025 3739 repat
2041 3655 2198 3734 actionem,

202 3747 304 3810 *careda
325 3750 369 3809 est
391 3744 488 3808 altera
509 3746 622 3810 divisio
643 3749 723 3813 inter
744 3748 855 3813 scelera
872 3749 900 3809 et
915 3743 1032 3808 delicta
1067 3741 1173 3824 Neque
1224 3742 1278 3808 sed
1298 3742 1431 3808 observat
1457 3749 1493 3808 at
1512 3745 1598 3809 testis
1619 3749 1647 3807 et
1666 3748 1780 3821 aestas,
1808 3762 1846 3806 ne
1867 3742 1944 3822 quid
1959 3761 2020 3823 per
2040 3739 2200 3805 libidinem

201 3834 284 3896 euim
304 3831 339 3893 iu
361 3830 525 3894 levioribus
546 3834 680 3912 peccatis
702 3833 875 3898 adhibenda
892 3835 936 3894 est
956 3834 1043 3893 tauta
1064 3828 1174 3892 severi
1224 3829 1383 3911 epomis
1409 3834 1543 3912 peretur.
1597 3830 1675 3894 Tota
1700 3848 1769 3892 cero
1792 3829 1922 3892 actionis
1942 3827 2052 3904 series,
2073 3829 2199 3908 praeter

201 3924 266 3995 tos,·
299 3917 353 3981 sed
379 3915 494 3997 suflicit
522 3915 681 3982 cuborum
708 3918 882 4001 castipatio,
917 3935 1011 3995 eaque
1038 3914 1118 3978 lenis
1147 3917 1175 3977 et
1224 3915 1360 3978 nominis
1380 3914 1445 3978 Dei
1471 3915 1689 3980 invocationem
1716 3935 1784 3978 eam
1807 3914 1992 3996 pravitatem
2017 3912 2127 3977 babere
2150 3911 2201 3976 do-

196 4008 338 4083 patcrna,
362 4022 440 4081 quac
461 4022 522 4066 nou
543 4007 701 4085 exasperet
715 4009 902 4084 peccatorem
924 4020 977 4065 uec
997 3999 1172 4082 confundat,
1226 3999 1279 4079 bet,
1300 4019 1379 4081 quoe
1401 3998 1518 4065 Christi
1534 4000 1745 4083 praesentiam
1760 4020 1841 4083 prae
1858 4020 1890 4063 se
1910 3999 2000 4080 fuat,
2019 4002 2054 4062 ut
2070 3997 2200 4061 dubium

201 4089 255 4150 sed
275 4087 399 4150 redimat
420 4088 463 4150 ad
483 4109 515 4151 se
535 4089 655 4170 ipsum,
682 4093 717 4151 ul
738 4089 838 4171 mapis
856 4086 990 4170 pendeat
1010 4104 1043 4149 se
1064 4104 1175 4149 correc-
1224 4106 1286 4150 nou
1306 4086 1356 4163 sit,
1378 4087 1454 4167 quin
1474 4087 1542 4167 ipse
1562 4106 1619 4151 suo
1638 4086 1755 4150 iudicio
1769 4086 1957 4166 praesideat.

201 4178 279 4249 turre,
302 4191 396 4252 quam
416 4173 563 4238 tristetur.
608 4173 753 4257 Flapitiu
775 4179 875 4238 aulem
904 4172 1023 4236 acriore
1042 4169 1174 4235 remedio
1315 4176 1384 4235 191.
1430 4170 1499 4235 Hoc
1523 4178 1626 4237 tamen
1645 4171 1816 4256 praeteriri
1841 4191 1901 4234 non
1921 4169 2017 4246 debet,
2043 4168 2135 4232 talem
2155 4184 2201 4230 se·

201 4257 350 4339 castipari
377 4259 520 4322 conuenit.
571 4258 678 4340 Nep-ue
703 4260 785 4323 enim
807 4260 887 4324 satis
907 4262 966 4337 est,
994 4258 1025 4321 si
1047 4257 1090 4334 is,
1120 4254 1176 4336 qui
1227 4257 1383 4321 cerdatem
1403 4258 1505 4322 decere
1532 4258 1704 4336 ecclesiam,
1732 4277 1811 4339 quae
1832 4277 1902 4320 cum
1924 4255 2039 4336 spiritu
2059 4270 2202 4316 moresne

204 4345 282 4409 odito
310 4342 387 4405 meli
413 4344 544 4426 mempb
567 4345 704 4426 facinore
728 4347 865 4427 praeitor
893 4343 1049 4408 calesium
1077 4341 1174 4420 laesit,
1227 4343 1347 4406 tudinis
1367 4344 1527 4408 coniuncta
1554 4345 1605 4409 sit.
1651 4343 1780 4425 Semper
1806 4343 1888 4406 euim
1916 4341 2076 4422 dilipenter
2096 4356 2203 4401 euoen-

205 4430 305 4493 oerbis
325 4433 444 4492 tantum
464 4431 643 4514 castipetur;
663 4430 717 4496 sod
732 4428 860 4512 privari
875 4431 918 4494 ad
934 4434 1053 4510 tempus
1069 4447 1177 4492 coenae
1226 4429 1303 4493 dum
1328 4432 1387 4507 est,
1417 4430 1674 4509 pmmadnrodum
1695 4428 1849 4511 praecipit
1874 4426 1997 4491 Paulus
2023 4422 2057 4507 (2
2077 4421 2151 4489 Oor.
2171 4424 2202 4501 2,

205 4515 411 4579 commuuione
431 4515 528 4596 debet,
555 4517 647 4580 denec
674 4516 901 4597 resipiscentiae
926 4535 1002 4579 suae
1020 4513 1115 4594 fidem
1133 4513 1177 4594 fe·
1229 4517 1278 4612 7),
1308 4534 1345 4578 ne
1366 4513 1563 4580 absorbeatur
1584 4537 1606 4580 a
1633 4515 1764 4580 tristitia
1790 4515 1820 4579 is
1841 4515 1876 4578 in
1898 4533 1988 4593 quem
2009 4509 2204 4575 animaduer-

206 4602 286 4665 cerit.
332 4600 438 4681 Neque
463 4602 545 4666 enim
575 4601 698 4666 Paulus
723 4603 758 4664 iu
792 4598 986 4665 Corinthium
1018 4598 1178 4664 corborum
1228 4604 1318 4678 tilur;
1346 4601 1392 4663 sie
1414 4601 1496 4664 euim
1517 4622 1555 4665 eu
1582 4601 1714 4666 remedio
1735 4602 1821 4682 fieret
1841 4600 1978 4664 cattum
2030 4595 2145 4659 Verum
2166 4611 2205 4658 ee

206 4687 293 4751 niodo
314 4686 521 4769 obiurpatione
541 4689 656 4766 uuor,
679 4686 734 4752 sed
753 4687 792 4751 ab
811 4685 935 4751 ecclesia
955 4685 1109 4764 eliminat,
1132 4704 1178 4747 re
1227 4685 1288 4766 tine
1317 4685 1428 4749 melius
1454 4688 1539 4751 sumi
1560 4689 1674 4768 pomrit
1704 4685 1924 4751 productionis
1949 4681 2064 4764 reputa.
2115 4679 2203 4744 Nom

200 4772 420 4853 protenditque
455 4771 640 4852 Corinthios,
673 4773 755 4853 quod
780 4771 899 4836 tamdiu
931 4791 1001 4835 urm
1030 4770 1177 4834 tulissent.
1230 4789 1325 4849 quum
1346 4770 1456 4836 hocin
1477 4772 1784 4836 excommunicatione
1803 4773 1984 4851 quamateu,
2012 4771 2047 4829 ut
2067 4765 2110 4829 ad
2131 4783 2204 4847 poo-

207 4858 299 4923 Haac
325 4859 475 4922 rationem
502 4861 597 4923 tenuit
623 4864 708 4924 uetus
729 4879 766 4924 ac
786 4857 894 4922 melior
914 4857 1054 4934 ecclesia,
1082 4875 1179 4936 enum
1230 4856 1391 4919 nitentium
1411 4856 1603 4936 perducatur
1624 4863 1765 4938 peccator
1784 4862 1812 4919 el
1835 4854 1920 4918 mala
1941 4852 2080 4933 euempla
2098 4850 2206 4914 tollam

205 4946 318 5026 ciperet
345 4944 480 5028 lepitimo
505 4944 691 5030 pribermtio.
738 4944 775 5009 Si
808 4945 879 5026 quis
910 4943 993 5007 enim
1021 4941 1180 5024 tlapitirun
1268 4996 1272 4999 .
1299 4995 1331 5002 .,
1352 4995 1436 5001 ---

1302 5074 1331 5141 1)
1349 5076 1436 5143 Epist.
1450 5077 1478 5130 2.
1498 5081 1543 5132 lib.
1563 5077 1586 5130 l.
1620 5077 1700 5145 Epist
1718 5074 1759 5128 14.
1778 5077 1824 5128 lib.
1842 5074 1866 5127 3.
1886 5081 1913 5127 ot
1932 5074 2050 5126 eiusdem
2060 5073 2106 5125 lib.
2125 5071 2205 5140 epist.

1232 5142 1274 5195 26.
1361 5142 1391 5210 2)
1419 5147 1644 5213 quemadmodum
1670 5143 1738 5196 1553
1756 5161 1825 5265 scssq.
1915 5141 1944 5210 3)
1968 5144 2093 5197 Ambrae.
2110 5140 2159 5194 m.
2179 5137 2207 5193 l.

1798 5213 1926 5266 heodosii.

1947 5296 2003 5350 42·

278 5216 306 5280 1)
325 5217 468 5285 Augustin.
488 5220 520 5270 de
539 5219 612 5270 verb.
631 5223 719 5287 apost,
736 5235 815 5270 serm.
834 5215 875 5269 68.
1233 5212 1310 5280 epist.
1329 5212 1354 5264 3.
1373 5215 1401 5265 in
1419 5225 1487 5270 orat
1506 5217 1599 5269 habits
1616 5218 1646 5268 in
1662 5215 1756 5267 funere
