4770 6030
195 369 256 430 sii
718 340 817 429 aas.
835 362 934 426 xm.
978 363 1042 426 oa
1065 358 1431 426 summamus
1455 360 1679 426 ffliusais.
2132 365 2193 427 scs

194 475 426 547 1334730348.

194 553 297 619 trinae
319 464 524 617 inducchetur.
577 549 693 617 Verum
721 552 798 632 quia
824 548 967 614 nonnulli
992 548 1167 614 rationibus
1219 568 1298 631 quae
1315 548 1395 611 inter
1415 547 1532 628 inuias
1552 547 1626 612 illas
1647 549 1871 614 constitutiones
1887 549 2067 632 distinqnat,
2084 548 2196 631 quihus

194 640 323 705 mininie
346 640 579 718 permoveatur,
613 639 810 702 autoritatem
844 655 964 716 semper
994 636 1167 716 requirunt,
1220 655 1326 698 omum
1343 633 1503 697 obscurari
1524 633 1702 716 rdiqiouem
1718 640 1746 697 et
1763 636 1963 700 conscientias
1982 635 2117 700 subuerti
2134 636 2196 701 dic-

193 725 361 791 suhiiciam
378 722 553 806 Auqustiui
573 724 673 800 cmhu,
687 723 711 808 ¹)
733 723 845 805 quihus
866 722 949 786 idem
964 741 1101 801 prorsus
1121 719 1169 784 di
1220 724 1285 784 trun
1307 724 1359 796 est,
1383 723 1411 781 et
1431 718 1585 800 lepitimas
1606 720 1747 785 ecclesiae
1767 722 1996 799 ohservationes,
2018 722 2048 784 si
2069 722 2119 785 his
2135 743 2197 786 mo

194 811 291 876 citur:
318 809 408 874 hahet
431 809 509 872 ovile
535 808 667 874 Domini
689 809 902 889 praepositae,
926 807 1049 887 partim
1073 805 1167 886 tilios,
1220 806 1406 870 minerimus
1426 803 1558 868 alterum
1579 824 1696 888 semper
1713 828 1751 871 cc
1769 808 1885 872 duobus
1912 828 1977 872 csse
1992 808 2195 888 propositum,

188 897 313 978 partim
336 894 550 960 meremiarios.
600 893 781 974 Praepositi
807 894 863 976 qui
887 891 950 972 dlii·
982 897 1069 970 sunt,
1101 892 1169 956 ceri
1220 896 1275 956 aut
1294 896 1459 970 utrumqne
1479 890 1592 954 simul:
1613 897 1648 956 ut
1667 892 1702 955 iu
1723 912 1813 957 sucro
1832 892 1973 974 fidelium
1989 898 2072 956 coetu
2094 893 2196 958 dcccii·

188 987 341 1063 pastores.
380 980 499 1045 Audite
520 986 624 1045 tannen
645 980 726 1060 quod
747 984 775 1044 et
794 978 980 1043 uurcenarii
1000 977 1169 1042 necessarii
1220 981 1265 1042 tor
1296 981 1491 1058 perapantur
1519 978 1638 1056 omnia,
1671 983 1788 1058 dqna
1809 980 1947 1043 conuenit
1965 979 2130 1062 diquitate;
2163 985 2197 1042 ut

194 1073 275 1133 suu.
320 1066 418 1130 Multi
438 1066 554 1146 quiippe
574 1067 609 1130 iu
631 1065 767 1142 ecclesia,
790 1065 947 1130 omninodo
968 1068 1092 1129 terrena
1108 1082 1169 1127 seo
1219 1065 1292 1145 ipsa
1314 1063 1473 1126 homiuum
1493 1065 1696 1129 communitas
1710 1064 1793 1128 oelut
1814 1064 1999 1144 quibusdam
2019 1063 2195 1130 hunianita

194 1158 307 1230 mardes,
338 1151 497 1218 Christmu
518 1149 725 1231 praedicant;
751 1156 779 1214 et
805 1171 865 1230 per
889 1169 941 1213 eos
964 1168 1025 1213 aon
1049 1148 1170 1213 Christi
1220 1151 1262 1215 tis
1283 1154 1310 1213 et
1330 1148 1552 1213 moderationis
1572 1149 1705 1214 viriculis
1723 1149 1758 1213 in
1778 1150 1886 1214 ordine
1907 1151 2083 1218 recinatur.
2135 1149 2195 1215 Uhi

195 1240 339 1316 auditur,
368 1242 587 1317 etscquuntur
608 1257 677 1301 ooes
693 1256 755 1300 non
776 1236 1016 1312 mercenarium,
1039 1233 1093 1301 sed
1108 1254 1170 1315 pa-
1220 1236 1304 1301 enim
1324 1234 1417 1300 semel
1433 1233 1576 1315 piihlicae
1598 1235 1764 1301 honestatis
1791 1255 1889 1299 causa
1904 1237 2012 1317 posita
2039 1236 2089 1300 lec
2109 1237 2195 1300 intel

194 1329 307 1389 storem
320 1344 382 1404 per
398 1324 631 1386 mercatoriam.
675 1321 794 1386 Audite
815 1322 1022 1385 mercenarios
1039 1320 1077 1386 ah
1100 1321 1169 1400 ipso
1221 1320 1344 1405 liqitur,
1371 1321 1438 1385 iam
1460 1320 1582 1385 sidlata
1608 1325 1653 1386 cst
1672 1321 1864 1403 superstitio,
1886 1322 1922 1385 iu
1938 1342 2033 1402 quain
2055 1322 2195 1386 iricidunt

196 1409 333 1474 Domino
360 1408 591 1473 deiiiondrutos.
637 1405 779 1485 Sentice,
801 1407 918 1488 inquit,
946 1410 974 1470 ct
997 1404 1170 1471 Pharisaei
1221 1408 1276 1489 qui
1297 1406 1445 1470 humanis
1465 1406 1598 1472 incentis
1614 1405 1679 1471 Dei
1697 1407 1812 1471 cultum
1833 1407 2010 1471 metiuntur.
2044 1407 2196 1486 Rursimi,

196 1494 374 1561 cathedram
392 1493 495 1558 Masis
512 1493 664 1558 insident:
696 1513 775 1573 quoe
795 1493 915 1569 dicarit,
945 1493 1058 1573 facim
1090 1509 1171 1572 quac
1221 1493 1286 1557 aas
1305 1492 1349 1556 ad
1377 1511 1564 1556 conunuuem
1592 1513 1685 1558 usum
1704 1497 1840 1574 spectare
1861 1493 2059 1576 coquascitur‚
2088 1514 2197 1565 eversa

195 1586 299 1646 cutem
319 1581 456 1661 fuciunt,
478 1579 582 1661 tacere
611 1578 710 1643 rutile.
758 1578 841 1660 Quid
873 1578 964 1643 aliud
983 1577 1081 1656 dicit,
1104 1575 1171 1640 nisi
1222 1583 1267 1644 est
1290 1577 1377 1659 falsa
1401 1577 1459 1641 illc
1485 1576 1681 1661 ahliqationis
1706 1583 1734 1642 et
1760 1579 1951 1643 necessitatis
1977 1579 2097 1660 opinio,
2119 1600 2198 1660 quoe

187 1687 250 1747 per
270 1666 478 1730 mercenarios
498 1683 599 1728 cocum
614 1665 756 1745 pastoris
774 1663 902 1729 audite?
928 1662 1067 1728 Sedendo
1088 1662 1171 1726 enim
1223 1665 1374 1747 inqentcm
1396 1667 1543 1728 terrorem
1564 1664 1758 1729 conscientiis
1785 1663 1959 1743 iniiciehat,
1986 1685 2083 1746 quum
2103 1669 2198 1747 puta-

146 1767 149 1779 ’
192 1753 229 1816 in
257 1751 405 1816 cathedra
437 1750 532 1833 leqem
553 1748 618 1814 Dei
642 1751 753 1815 docent.
798 1748 885 1833 Erpa
906 1769 967 1830 per
989 1748 1060 1814 illos
1081 1746 1171 1812 Deus
1223 1754 1331 1814 rentur
1355 1748 1538 1815 unctiores
1565 1751 1607 1815 cd
1635 1750 1766 1816 salutem
1791 1750 1992 1815 necessariae.
2037 1749 2198 1831 Siqmdem

193 1837 291 1903 docet.-
312 1857 372 1902 sua
393 1856 464 1900 uero
485 1835 516 1901 si
537 1835 587 1900 illi
608 1837 714 1901 doure
735 1835 837 1913 veiint,
861 1836 954 1899 nolite
974 1835 1096 1909 audire,
1119 1852 1171 1896 iio-
1222 1833 1273 1899 hic
1293 1833 1375 1899 nihil
1394 1835 1565 1915 quaeiitm,
1587 1836 1653 1901 nisi
1672 1840 1707 1900 ut
1727 1837 1882 1900 communi
1901 1833 2002 1917 officio
2022 1836 2129 1901 alatur
2149 1837 2198 1900 iri

195 1923 247 1989 lite
267 1922 379 2003 facere.
415 1938 490 1990 Hace
508 1937 684 2005 Augustinus.
698 1920 726 2005 ²)
1222 1925 1269 1986 ter
1294 1941 1351 1985 nos
1367 1920 1491 1985 caritas.
1537 1919 1599 1986 Sed
1625 1922 1889 2003 operaepretium
1916 1926 1976 2001 est,
2003 1921 2123 1986 clarius
2143 1922 2198 1986 ad

203 2000 208 2016 '
283 2013 332 2073 28.
381 2008 512 2088 Qiiando
533 2028 604 2071 cero
626 2008 765 2087 imperiti
779 2006 938 2087 plerique,
967 2005 1042 2070 dmn
1063 2004 1172 2070 hinna-
1223 2005 1282 2071 huc
1301 2004 1447 2086 definire,
1475 2007 1553 2088 quid
1575 2007 1631 2072 nih
1651 2006 1706 2071 illo
1726 2007 1848 2086 decoro,
1871 2007 1953 2088 quod
1976 2005 2100 2074 Paulus
2121 2028 2198 2072 coin-

195 2096 248 2160 nis
268 2094 489 2159 traditionilius
510 2097 539 2157 ct
555 2094 651 2173 impie
671 2093 769 2175 lipari
789 2092 949 2156 hominium
968 2091 1172 2156 conscientias
1222 2092 1361 2170 mendat,
1395 2090 1473 2173 quid
1503 2093 1577 2157 item
1603 2093 1660 2158 sich
1687 2092 1795 2157 ordine
1822 2091 2104 2175 comprclicmlutur.
2149 2092 2198 2157 Ac

195 2186 224 2244 et
243 2181 366 2261 triana
387 2178 492 2243 Deum
511 2179 570 2243 coli
591 2178 733 2257 audiunt,
754 2178 861 2243 cadem
881 2178 980 2241 litura
1004 2176 1092 2261 lepis,
1111 2197 1172 2241 mio
1223 2178 1326 2245 decori
1347 2177 1471 2258 quidem
1497 2176 1574 2258 finis
1600 2183 1659 2258 est,
1686 2179 1809 2259 partim
1841 2183 1889 2256 ut,
1917 2179 1993 2244 dmn
2014 2178 2199 2244 adhiheatur

195 2285 251 2331 nes
271 2266 422 2331 inducunt
442 2265 554 2345 quilius
571 2264 712 2361 ecciesiae
729 2265 804 2330 ordo
821 2264 1025 2343 constituitur,
1045 2261 1173 2360 dimum
1223 2266 1311 2361 ritim-
1332 2263 1389 2361 qui
1403 2265 1640 2362 uenerationem
1659 2263 1751 2361 remis
1771 2264 1874 2328 sacris
1895 2263 2062 2362 concilient,
2084 2264 2199 2329 talihiis

196 2349 960 2434 tamt
976 2347 1173 2515 dimit
1223 2349 1426 2500 moto
1439 2348 2199 2518 iheum

196 2523 254 2587 tim
272 2523 354 2604 [acic
376 2528 510 2602 apparet
530 2526 681 2602 quantum
702 2523 783 2586 inter
808 2521 884 2587 dias
911 2520 1018 2586 ethus
1039 2522 1170 2585 intersit.
1223 2521 1317 2587 uuas
1337 2521 1472 2603 pedari·
1490 2521 1581 2600 dehet,
1602 2520 1668 2585 illic
1688 2521 1826 2584 mucime
1852 2519 1974 2583 eluceat.
2019 2520 2062 2584 Iu
2090 2522 2199 2586 ordine

198 2607 261 2674 Sed
286 2609 339 2691 eqo
360 2609 408 2672 ita
428 2607 563 2672 dilucide
586 2627 652 2672 rem
673 2612 767 2672 totam
782 2609 899 2688 paucis
919 2607 1098 2688 expediam,
1131 2625 1171 2670 ne
1223 2607 1277 2672 hoc
1297 2607 1441 2688 primum
1462 2611 1521 2685 est,
1547 2611 1581 2672 ut
1607 2607 1663 2688 qui
1684 2610 1839 2686 praesunt
1869 2604 2009 2689 requiam
2043 2627 2079 2670 ac
2103 2606 2198 2690 leqeiii

195 2696 247 2760 cui
268 2696 408 2775 imponat
427 2692 609 2758 similitudo.
638 2692 706 2758 Hoc
721 2695 866 2774 primum
882 2692 1064 2757 haheamus:
1083 2691 1115 2757 si
1136 2692 1171 2755 in
1222 2692 1294 2758 hene
1321 2691 1448 2775 rependi
1473 2693 1629 2773 nooeiirit;
1657 2691 1748 2773 plehs
1778 2712 1859 2770 nero,
1890 2711 1969 2773 quac
1993 2693 2122 2773 reqitur,
2155 2694 2198 2758 ad

195 2783 281 2845 cinni
301 2780 460 2844 homiuum
481 2779 621 2843 societate
637 2781 846 2844 necessariam
862 2799 927 2844 esse
943 2778 1090 2858 politiam
1112 2777 1171 2843 ali·
1222 2778 1425 2844 obedientiam
1445 2777 1511 2843 Dei
1530 2784 1701 2860 rectamque
1721 2777 1923 2858 disciplinam
1943 2776 2100 2858 assiuhat.
2135 2777 2198 2844 De-

195 2887 291 2947 quam
311 2866 459 2944 aidanus,
482 2884 561 2945 quae
583 2865 625 2929 ad
646 2865 792 2930 alendam
808 2883 996 2930 commiuiem
1011 2883 1122 2944 pacem
1143 2867 1171 2927 ct
1222 2864 1295 2929 inde
1310 2868 1345 2929 at
1362 2863 1433 2928 huie
1449 2865 1612 2946 composito
1634 2863 1775 2928 ccclesiae
1795 2867 1888 2942 statu,
1900 2863 1978 2942 paci
1999 2868 2026 2927 et
2045 2864 2197 2945 tranquil

195 2950 390 3015 retinendam
422 2951 618 3016 cmuordiam
643 2950 760 3029 caleat,·
792 2953 822 3015 si
854 2951 889 3013 in
916 2950 1007 3014 rebus
1039 2950 1170 3032 uqmidis
1221 2948 1304 3014 litati
1324 2950 1509 3016 conisiilatur.

196 3035 332 3117 aliquem
352 3038 463 3114 ritune,
496 3038 552 3117 qui
584 3037 627 3102 ad
642 3036 803 3116 pull-icam
823 3037 961 3116 pertinet
987 3035 1171 3101 honestatem
1308 3039 1358 3099 30.
1402 3034 1559 3100 Decorum
1586 3054 1658 3118 erqo
1685 3034 1958 3110 non.oocahimus,
1981 3035 2016 3097 in
2035 3055 2095 3115 qao
2116 3035 2198 3100 nihil

196 3125 286 3202 atque
302 3120 379 3185 adeo
392 3121 615 3186 hunianitalem
637 3124 750 3203 ipsam,
768 3122 804 3187 id
820 3125 857 3186 iii
873 3121 1010 3186 ecclesiis
1025 3141 1171 3201 praeser-
1215 3127 1344 3202 praeter
1372 3120 1468 3186 inarie
1494 3119 1738 3186 oblectamentum
1769 3120 1880 3199 inerit,
1906 3119 1997 3200 quale
2024 3119 2198 3202 ecemplmn

195 3209 254 3271 tim
274 3207 495 3271 ohscroundum
512 3228 585 3285 csse,
608 3228 775 3288 quaecum
792 3209 864 3273 heae
880 3208 1047 3287 coraposito
1063 3227 1170 3271 ierim
1221 3208 1362 3272 uidemus
1383 3206 1419 3270 iii
1439 3205 1493 3271 illo
1514 3205 1660 3272 theatrico
1680 3210 1853 3286 apparatu,
1875 3225 1935 3287 quo
1956 3210 2087 3271 munitior
2102 3207 2197 3288 papi-

196 3294 334 3357 omnium
355 3293 567 3358 emistitutione
583 3295 695 3374 optime
711 3295 910 3371 sustineatur,
932 3298 998 3357 tum
1014 3312 1085 3357 acro
1101 3293 1171 3357 sine
1220 3297 1287 3358 stae
1307 3294 1346 3357 in·
1364 3292 1433 3357 suis
1453 3292 1573 3373 sacris;
1592 3293 1647 3357 uhi
1668 3291 1749 3356 nihil
1769 3311 1864 3372 quam
1886 3291 2010 3356 inutilis
2030 3292 2197 3376 elepantiae

187 3378 360 3442 >concordia
391 3378 495 3442 nullae
521 3384 593 3444 suut
618 3399 763 3459 prorsus.
810 3379 1011 3460 Quauwhrem
1032 3380 1064 3443 si
1084 3378 1171 3444 ecclc·
1221 3378 1312 3444 ῑαναα
1338 3383 1366 3442 et
1391 3377 1488 3442 lucus
1512 3379 1581 3443 sinc
1600 3379 1706 3459 frudi
1732 3381 1870 3459 apparet.
1916 3374 1977 3442 Sed
2006 3377 2087 3441 illud
2109 3377 2197 3442 nohis

196 3464 263 3529 sice
284 3463 489 3527 incolumitati
509 3465 581 3529 hene
597 3470 796 3545 prospectiun
816 3465 976 3542 columae,
1005 3464 1170 3548 dilmarici
1222 3463 1363 3528 decorum
1383 3463 1452 3544 erit,
1474 3465 1556 3545 quod
1576 3466 1622 3528 itu
1644 3463 1702 3529 erit
1728 3462 1771 3528 cd
1797 3482 1959 3527 sacrorum
1980 3463 2197 3543 mysteriorum

196 3549 321 3614 munina
331 3550 506 3614 curandum
522 3551 664 3631 estquod
676 3549 888 3616 Paulusiuhet
900 3549 932 3634 (l
947 3549 1021 3615 (lor.
1041 3554 1089 3629 14,
1102 3549 1168 3634 40),
1220 3550 1423 3615 inuectam
1442 3555 1560 3632 aptum,
1581 3556 1617 3615 ut
1637 3551 1679 3614 sit
1699 3543 1843 3614 monium
1859 3547 1901 3612 ad
1917 3549 2064 3631 pidalem
2085 3549 2197 3614 enerci-

196 3640 230 3700 ut
247 3635 382 3699 decenter
399 3636 505 3699 omnia
521 3639 550 3699 ct
565 3637 732 3701 secundnm
743 3637 883 3702 ordinem
891 3637 979 3716 hant.
1011 3635 1058 3700 At
1075 3656 1170 3718 quum
1221 3635 1315 3715 tiam,
1346 3635 1393 3700 ccl
1418 3635 1527 3702 saltem
1547 3637 1628 3718 qaod
1654 3635 1697 3700 ad
1718 3639 1861 3699 muctam
1880 3634 1974 3715 faciet
1994 3634 2109 3699 actioni
2130 3654 2196 3700 con—

197 3721 232 3785 iri
252 3718 411 3784 hominnm
431 3721 570 3785 moritus
590 3725 676 3786 tanta
697 3723 776 3786 insit
802 3721 984 3801 diversitas,
1017 3727 1105 3787 tanta
1134 3723 1170 3786 iu
1219 3727 1395 3806 pmierdem3
1415 3743 1509 3804 neque
1530 3724 1564 3787 id
1587 3724 1693 3804 ipsum
1719 3720 1788 3786 sinc
1812 3720 1934 3801 fructu:
1955 3721 2010 3786 sed
2037 3725 2073 3783 ut
2090 3720 2196 3802 fideles

196 3807 314 3871 animis
333 3807 486 3884 caridus,
518 3811 607 3872 tanta
628 3808 664 3872 iii
684 3808 814 3872 iudiciis
834 3805 1028 3889 inqeui'isque
1043 3828 1172 3892 piiqnii:
1221 3808 1397 3887 udmmuct,
1418 3813 1536 3890 quauta
1557 3808 1720 3885 modestia,
1742 3806 1898 3890 reliqiine,
1920 3805 2122 3886 observantia,
2145 3828 2195 3872 sa-

196 3913 292 3972 neque
309 3893 426 3971 politia
453 3892 520 3956 alla
541 3893 620 3957 sctis
639 3894 736 3973 firma
756 3898 816 3972 cst,
849 3895 915 3958 nisi
943 3895 1034 3959 certis
1052 3893 1169 3977 leqihus
1220 3913 1276 3959 cra
1295 3898 1428 3958 tractare
1448 3893 1581 3959 debeam.
1626 3892 1725 3958 Porro
1752 3897 1787 3956 ut
1807 3892 1937 3973 pictatis
1964 3893 2113 3958 cueroilic
2132 3895 2196 3958 siut

195 3978 375 4058 constituta,·
395 3999 448 4042 nec
469 3980 538 4042 siue
557 3984 641 4044 stata
661 3980 799 4060 quadam
818 3978 924 4059 terrim
943 3982 1066 4045 servari
1087 3981 1170 4044 ritus
1220 3980 1435 4060 metonomice,
1457 3979 1500 4044 ad
1513 3978 1671 4046 Christum
1690 3982 1772 4043 recta
1792 3998 1889 4042 manu
1906 3978 2020 4043 ducant
2034 3979 2059 4062 ¹)
2079 4000 2196 4044 measse

196 4064 356 4142 quispiam
370 4069 478 4144 potest.
512 4064 585 4127 Huc
606 4084 677 4148 erqo
698 4085 778 4145 quae
798 4065 969 4129 conducunt
990 4065 1078 4148 leqes,
1100 4071 1168 4130 ian
1220 4071 1272 4130 cst.
1306 4065 1461 4130 Similiter
1480 4065 1620 4131 ordinem
1640 4085 1701 4129 uon
1721 4064 1937 4129 cmistitucmiis
1957 4066 1992 4128 in
2010 4065 2079 4131 illis
2099 4086 2195 4148 nuqu-
2263 4064 2269 4077 '

196 4153 262 4210 tum
281 4149 365 4212 ahest
384 4155 419 4213 at
440 4151 635 4227 damnemus,
668 4156 702 4213 ut
728 4150 780 4214 his
806 4151 921 4215 ahlalis
947 4152 1079 4216 dissolvi
1099 4152 1169 4216 suis
1219 4151 1309 4217 toriis
1334 4152 1476 4235 pompis,
1514 4173 1593 4234 quae
1624 4150 1706 4216 nihil
1736 4149 1846 4214 hahent
1872 4157 1998 4233 praeter
2030 4151 2194 4215 cadumum

195 4233 301 4296 nervis
317 4234 460 4299 ccclesias
479 4241 616 4315 totasque
637 4236 809 4316 descruiari
830 4256 867 4299 ac
882 4237 1039 4317 dissipari
1052 4243 1169 4303 corten·
1219 4237 1411 4319 splendorem
1416 4261 1427 4317 ;
1453 4237 1508 4302 scd
1536 4239 1572 4302 in
1591 4259 1628 4302 ea
1649 4237 1868 4319 compositione,
1891 4257 1970 4318 qnae
1988 4257 2106 4303 omneni
2127 4256 2194 4302 con

195 4319 316 4382 damis.
352 4319 460 4400 Neque
480 4322 563 4384 enini
583 4320 712 4405 aliterss)
733 4320 841 4385 haheri
856 4328 958 4401 potest
979 4324 1060 4403 quod
1082 4323 1168 4387 Paio
1217 4324 1389 4406 fustem,
1416 4323 1606 4403 barbariem,
1635 4323 1872 4402 mutumaciam,
1900 4322 2008 4387 turhcs
2035 4342 2138 4386 omues
2166 4327 2194 4386 ei

195 4403 246 4469 lus
267 4405 374 4487 euiqit,
395 4411 429 4468 at
449 4406 587 4472 decenter
607 4409 757 4472 moniaci
778 4407 886 4471 ordine
905 4408 1000 4488 hant,
1027 4410 1093 4474 nisi
1113 4409 1168 4475 ad·
1219 4409 1357 4475 dissidia
1388 4410 1483 4474 tollat.
1532 4409 1661 4475 Primis
1688 4409 1810 4493 pencris
1842 4410 1982 4491 exempla
2008 4413 2081 4472 sunt
2106 4407 2194 4491 apud
2326 4453 2328 4456 -

195 4489 272 4554 ditis
304 4490 582 4570 observationibus,
622 4498 772 4573 tanquam
804 4494 940 4559 uinculis
971 4495 1167 4575 quibusdam,
1223 4494 1377 4575 Paulum,
1405 4500 1441 4559 ut
1466 4517 1504 4560 ne
1519 4497 1659 4578 mosano
1679 4494 1837 4578 symposia
1859 4515 1929 4559 cuni
1949 4514 2041 4559 sacra
2062 4492 2194 4558 Domini

195 4575 270 4639 ordo
291 4576 359 4655 ipse
380 4582 408 4640 et
428 4579 572 4642 decorum
592 4579 746 4642 consistat.
791 4575 834 4643 Id
859 4585 979 4643 tautum
995 4601 1116 4661 semper
1133 4582 1169 4644 iu
1221 4601 1312 4646 coena
1339 4581 1604 4662 commisceantur,·
1634 4602 1672 4646 ne
1699 4581 1845 4646 matures
1863 4581 1898 4644 iii
1917 4580 2095 4663 publicum,
2128 4581 2194 4644 uisi

195 4661 267 4726 istis
288 4662 549 4727 ohservationihus
570 4664 787 4744 cuciqiienduni
809 4670 861 4743 est,
883 4685 921 4727 ne
942 4670 997 4729 aut
1017 4667 1061 4731 od
1083 4667 1168 4732 sala·
1220 4667 1344 4747 aelatae,
1361 4669 1536 4749 procedant.
1564 4667 1609 4732 Et
1630 4667 1696 4732 alia
1710 4667 1857 4749 plurima
1878 4666 1912 4729 iri
1934 4666 2112 4747 quotidiano
2132 4687 2194 4730 usu

196 4752 255 4811 tem
276 4748 443 4813 credantur
465 4752 672 4828 necessariae,
695 4756 786 4831 atque
808 4752 856 4814 ita
875 4753 1077 4818 conscientias
1096 4753 1169 4816 reli
1220 4752 1382 4818 hahemus:
1404 4756 1496 4836 quale
1516 4760 1568 4833 est,
1591 4755 1672 4836 quod
1685 4753 1778 4833 thecis
1792 4752 1918 4836 qenilius
1935 4753 2076 4834 nidoque
2096 4752 2195 4834 capite

193 4833 283 4914 qione
304 4834 512 4916 ohstrinqaut,·
533 4841 589 4899 aut
609 4837 653 4900 ad
673 4835 738 4900 Dei
759 4837 873 4901 cultum
893 4838 1102 4920 conferantur,
1123 4843 1170 4902 at-
1221 4859 1363 4919 oramus,
1394 4841 1475 4919 quad
1496 4839 1630 4905 Domini
1657 4843 1851 4903 sacramenta
1883 4858 1943 4901 non
1971 4839 2108 4917 sordide,
2141 4838 2195 4902 sed

195 4938 253 4997 que
269 4920 316 4982 ita
337 4922 372 4984 iu
394 4921 460 4985 illis
478 4927 647 5001 reponatur
660 4923 773 5002 pietas.
1221 4944 1291 4989 mim
1312 4926 1423 5009 aliqua
1443 4927 1590 5009 timidule
1611 4925 1880 5003 administramus,
1902 4925 1982 5005 quod
2000 4925 2035 4987 iu
2051 4923 2195 5007 sepeliere

283 5008 332 5067 29.
367 5006 526 5072 Hahemus
542 5029 612 5090 erqo
628 5009 776 5090 optimam
791 5013 818 5072 ct
832 5008 1048 5089 fidelissimam
1058 5016 1183 5088 iatam,
1221 5011 1272 5075 dis
1292 5012 1424 5076 niortui‘s
1443 5013 1601 5095 quandum
1629 5010 1813 5074 honestatem
1840 5008 2035 5089 adhibemus,
2062 5016 2089 5074 et
2117 5030 2196 5090 quae

199 5139 400 5149 Ἢ
830 5166 834 5174 ,
1100 5119 1103 5123 ’
1221 5097 1289 5162 ahia
1309 5097 1412 5163 eodeni
1426 5099 1591 5180 pertinent.
1626 5092 1668 5160 lii
1689 5097 1785 5162 chero
1805 5117 1912 5179 qenere
1932 5101 2006 5160 sunt
2026 5097 2119 5161 lioriw
2134 5117 2195 5177 pu·

266 5207 294 5273 l)
321 5210 353 5260 ln
379 5213 471 5264 loann.
500 5223 578 5265 tract.
605 5212 652 5279 46,
677 5212 768 5282 δυαα.
890 5216 920 5282 2)
943 5214 1007 5269 add.
1032 5212 1099 5267 1653
1117 5229 1169 5284 κα.
1222 5229 1425 5237 “““”“’““

195 5272 225 5341 ³)
244 5276 323 5328 aliter
340 5282 423 5333 amin.
442 5280 511 5334 loto
527 5298 596 5351 iiii.
1291 5285 1321 5353 1)
1340 5294 1415 5339 reia
1432 5303 1481 5341 noi
1498 5286 1632 5340 iissem
1649 5284 1724 5338 aas.
1744 5284 1818 5338 iiii
