4770 6030
189 363 253 424 453
925 359 1024 427 OAP.
1047 360 1089 425 V.
1113 359 1206 446 (IV.)
1250 361 1313 426 DE
1335 361 1458 428 amu.
2132 371 2198 432 454

117 464 118 467 ‘
190 461 546 550 ieameamer]

189 549 336 612 necteria.
392 547 437 612 Et
469 550 499 612 si
529 570 592 630 qao
624 549 768 615 cidarim
805 549 976 614 tmestiera
1008 551 1168 632 mapisque
1219 549 1571 629 sodomamaciem
1592 556 1621 615 ot
1641 551 1842 616 obsaommae
1862 553 2097 618 imomiiaatiae
2117 574 2199 620 mor-

189 633 360 698 aereeamia
381 654 445 698 esse
467 634 556 713 aliis,
578 655 640 699 noa
660 636 727 700 ideo
748 641 850 700 tamma
872 641 957 700 easta
979 641 1065 713 sant,
1087 636 1168 716 qaod
1219 636 1292 705 eom
1323 656 1473 718 superare
1504 657 1537 700 se
1559 656 1652 718 posse
1677 638 1840 718 sordidant.
1892 639 1976 720 Quid
2003 641 2086 704 caim
2107 642 2199 708 aliud

189 721 234 783 im
300 720 405 784 miliae
431 720 549 784 mam
576 722 661 784 intas
682 728 829 803 mamam
855 743 892 785 ae
914 722 1069 785 caiatiam.
1115 720 1168 785 Ita
1219 742 1314 802 qaam
1336 723 1559 787 emitamaeima
1584 743 1649 787 esse
1670 723 1821 802 rimemus,
1851 724 1906 788 ooo·
1926 727 1999 807 qais
2019 727 2199 793 mamas

230 806 305 870 'ieet
332 805 494 870 horrendis
522 806 671 886 cremplis
699 808 858 872 homimum
880 807 1048 872 audaciam
1076 807 1168 870 aleis-
1220 808 1360 890 eoaiapio
1381 809 1443 872 sebi
1464 829 1542 889 opas
1562 829 1641 887 esse,
1670 809 1763 890 mooe
1784 808 1847 873 sibi
1868 832 1889 876 a
1910 810 2048 876 Domino
2068 812 2198 878 coneda

189 892 271 956 mur
290 890 393 970 Deus,
417 913 513 973 qaam
535 913 611 956 aiae
632 894 825 974 infirmitatis
846 895 1039 957 immemores
1059 914 1168 975 repag-
1219 893 1280 957 loeo
1307 895 1396 972 daei,
1424 915 1486 959 aare
1514 896 1602 959 mado
1627 894 1663 958 {a
1688 896 1864 976 mamone,
1892 898 1945 962 sed
1972 898 2066 962 etiam
2094 918 2199 964 saera·

189 982 282 1042 mate
303 983 419 1042 maimo
440 979 476 1042 ia
502 980 643 1060 affectam
665 980 747 1061 qaod
768 985 812 1043 est
833 980 900 1044 illis
921 979 1118 1061 damaetam
1139 984 1167 1043 el
1218 985 1318 1045 meato
1338 1001 1372 1044 se
1392 980 1493 1063 adimi
1512 982 1555 1046 ad
1576 981 1799 1063 mmmmm?

189 1065 367 1148 cameratis
394 1065 553 1144 romeam,
583 1086 662 1148 qaae
689 1064 847 1129 Dominus
879 1065 946 1130 illis
971 1065 1014 1130 ad
1037 1085 1166 1130 mamam

987 1396 1396 1405 ————.—

905 1669 1110 1757 onear
1142 1671 1442 1778 quaerum.
1458 1669 1482 1753 ι1

448 2042 530 2108 UBI
551 2043 611 2107 ΕΤ
634 2040 901 2111 SYMBOLUM
923 2043 1052 2126 QUOD
1075 2043 1410 2112 APOSTOLIOUM
1431 2043 1621 2112 VOCAN'P
1637 2044 1949 2140 EXPLIOATUR.

278 2220 304 2280 1.
349 2215 423 2278 Iam
447 2216 525 2279 satis
548 2238 590 2280 ex
611 2217 761 2298 proxima
784 2215 1001 2299 disputatione
1025 2218 1166 2302 intelligi
1219 2226 1373 2284 naturam
1394 2219 1585 2302 simpliciter
1605 2217 1799 2300 enarrando,
1822 2217 1928 2300 qualis
1945 2217 2045 2283 verbo
2063 2216 2199 2282 Domini

188 2308 303 2385 potest,
324 2323 407 2384 quae
430 2301 523 2365 nobis
544 2302 726 2384 perlegam
746 2299 874 2386 agenda
889 2303 1052 2369 Dominus
1070 2325 1165 2387 prae-
1219 2304 1475 2370 demonstratur:
1504 2303 1593 2369 unde
1624 2303 1746 2388 liquido
1774 2304 1944 2387 apparebit
1970 2325 2070 2386 quam
2096 2304 2199 2385 impe-

189 2389 322 2454 scribat:
358 2409 497 2470 quorum
529 2390 556 2451 si
589 2408 654 2471 qua
687 2388 722 2450 in
755 2396 848 2470 parte
881 2389 914 2454 la
936 2391 964 2455 si
996 2390 1164 2468 fuerimus,
1219 2391 1281 2455 rite
1313 2397 1347 2455 et
1377 2390 1501 2456 insulse
1529 2388 1570 2455 de
1602 2391 1673 2473 ipsa
1701 2389 1861 2456 strideant
1888 2390 1994 2473 magis
2024 2409 2123 2472 quam
2151 2389 2199 2454 le-

189 2476 274 2539 iram
297 2481 330 2538 et
357 2472 501 2538 terribile
535 2475 649 2538 mortis
683 2480 835 2538 aeternae
869 2475 903 2539 iu
929 2475 1025 2541 ‘cium
1058 2476 1163 2543 edicit
1219 2482 1370 2560 quantur.
1407 2476 1476 2542 Nec
1499 2475 1662 2542 distinctio
1684 2475 1750 2560 pilo
1772 2474 1888 2540 melior
1911 2483 1968 2540 est.
2001 2473 2200 2557 Quanquam

189 2561 346 2640 Rursum,
369 2581 469 2642 quam
491 2581 557 2624 nen
578 2557 675 2623 mode
698 2558 853 2639 arduum,
880 2560 937 2625 sed
958 2583 1091 2644 prorsus
1111 2585 1165 2626 su·
1219 2564 1307 2627 enim
1330 2561 1412 2628 duas
1439 2583 1510 2628 esse
1541 2561 1617 2627 fidei
1643 2562 1765 2627 formas
1792 2560 1929 2650 docendi
1958 2582 2058 2626 eausa
2084 2581 2199 2626 cence-

189 2668 249 2729 pra
271 2647 357 2711 vires
387 2654 543 2728 extraque
571 2667 703 2711 omnem
730 2653 877 2711 nostram
903 2647 1092 2713 facultatem
1113 2649 1164 2728 sit,
1219 2647 1342 2728 dimus,
1373 2650 1453 2713 dum
1474 2649 1625 2714 volumus
1647 2646 1817 2714 ostendere
1839 2647 1944 2730 qualis
1967 2647 2066 2712 sitin
2089 2647 2198 2729 impiis

188 2731 295 2816 legem
327 2732 463 2815 implere
491 2740 528 2796 ut
557 2732 667 2815 exigit.
713 2730 839 2813 Quare,
868 2734 896 2797 si
922 2755 982 2798 nos
1005 2730 1167 2798 duntaxat
1217 2734 1283 2797 Dei
1305 2736 1428 2811 notitm,
1452 2735 1584 2800 unicam
1600 2742 1712 2800 tamen
1733 2735 1863 2817 piorum
1879 2730 1978 2797 fidem
1996 2754 2072 2797 eum
2091 2731 2198 2798 Paulo

188 2819 275 2902 ipsos
296 2820 465 2883 intuemur
483 2818 625 2902 quidque
647 2818 741 2882 nobis
759 2816 896 2902 dignum
915 2821 959 2884 sit
975 2821 1164 2903 cogitamus,
1218 2821 1425 2902 agnoscimus
1447 2827 1481 2884 et
1501 2821 1736 2903 praedicamus.
1781 2818 1931 2885 Credunt
1954 2826 2042 2883 certe
2063 2817 2199 2901 plurimi

189 2905 272 2969 nihil
301 2912 350 2969 est
376 2905 482 2969 bonae
504 2905 573 2987 spei
603 2903 779 2986 reliquum;
808 2903 865 2969 sed
888 2927 908 2970 a
928 2905 1001 2971 Deo
1024 2905 1165 2971 abiectas
1216 2905 1329 2969 Deum
1345 2927 1425 2985 esse,
1448 2907 1671 2991 evangelicam
1688 2906 1861 2971 historiam
1879 2926 1916 2970 ac
1935 2903 2077 2987 reliquas
2096 2903 2198 2986 scrip·

188 3013 277 3055 mors
303 2998 336 3053 et
362 2991 543 3055 certissima
564 2989 709 3056 confusio
738 3011 797 3055 nos
824 2999 945 3056 manet.
996 2990 1037 3055 Id
1066 2993 1166 3056 etiam
1217 2996 1311 3056 tllrae
1332 2999 1444 3074 partes
1464 3014 1560 3058 veras
1582 3015 1653 3058 esse
1676 2992 1887 3070 arbitrantur,
1910 2989 2005 3074 quale
2023 2989 2091 3054 fere
2113 2987 2198 3054 iudi-

189 3076 389 3158 explicatum.
410 3077 486 3155 fuit,
517 3098 618 3142 unam
638 3098 709 3141 esse
732 3076 938 3161 effugiendae
959 3078 1058 3144 huius
1078 3079 1165 3144 cala-
1219 3077 1306 3141 cium
1328 3099 1398 3143 esse
1420 3077 1502 3143 solet
1524 3078 1564 3143 de
1586 3080 1642 3158 iis,
1666 3099 1749 3161 quae
1771 3078 1825 3143 vel
1847 3077 1925 3142 elim
1946 3083 2039 3160 gesta
2059 3096 2198 3139 narran-

188 3162 313 3226 mitatis
335 3162 509 3226 rationem:
532 3184 650 3244 nempe
671 3163 807 3227 Domini
828 3163 1097 3244 misericordiam,
1122 3167 1165 3231 si·
1218 3168 1286 3240 tur,
1317 3163 1371 3228 vel
1398 3163 1461 3247 ipsi
1487 3174 1676 3246 praesentes
1703 3165 1930 3247 spectavimus.
1984 3160 2072 3226 Sunt
2099 3161 2199 3226 etiam

190 3247 322 3331 quidem
357 3255 389 3309 et
422 3247 524 3310 solida
557 3248 621 3313 fide
653 3249 758 3330 ipsam
787 3249 1036 3330 amplectamur,
1073 3259 1105 3315 θῖ
1131 3252 1165 3316 in
1219 3250 1274 3331 qui
1295 3249 1383 3313 ultra
1404 3248 1595 3331 procedunt:
1620 3272 1699 3314 nam
1719 3257 1752 3314 et
1768 3250 1832 3314 Dei
1851 3269 2033 3315 sermonem
2050 3268 2109 3330 pro
2127 3267 2198 3312 cer·

190 3336 260 3417 ipsa
287 3333 451 3397 consenti
483 3355 540 3414 spe
571 3335 821 3418 aequiescamus.
871 3335 944 3402 Hoc
970 3358 1050 3402 vero
1076 3359 1165 3404 nunc
1218 3335 1343 3400 tissime
1371 3335 1494 3399 habent
1522 3336 1668 3416 eraculo,
1697 3357 1758 3400 nec
1778 3337 1848 3401 eius
1869 3340 2042 3418 praecepta
2064 3353 2197 3415 prorsus

191 3428 340 3504 superest
368 3416 634 3500 expendendum,
663 3422 768 3503 qualis
797 3442 868 3486 esse
896 3421 977 3489 haec
1005 3422 1086 3489 fides
1109 3423 1165 3489 dc-
1219 3421 1401 3504 negligunt,
1422 3428 1455 3484 et
1472 3422 1570 3485 minis
1588 3428 1621 3485 θῖ
1637 3422 1905 3504 promissionibus
1923 3427 2088 3501 utcunque
2108 3438 2196 3484 com-

191 3507 280 3583 beat,
309 3504 401 3569 cuius
429 3505 586 3569 beneficio
613 3507 796 3589 quicunque
827 3516 905 3573 sunt
932 3509 969 3572 in
995 3508 1079 3575 filios
1100 3511 1166 3576 Dei
1219 3514 1400 3572 moventur.
1454 3506 1588 3571 Talibus
1617 3505 1749 3589 quidem
1781 3506 1858 3571 fidei
1888 3506 2111 3571 testimonium
2136 3504 2196 3568 tri-

191 3593 330 3674 eeoptati
347 3590 441 3673 regni
459 3588 605 3655 coelestis
623 3595 859 3674 possessionem
877 3594 1014 3676 adeunt;
1036 3595 1165 3678 quando
1218 3593 1343 3670 buitur,
1379 3592 1437 3658 sed
1464 3614 1523 3676 per
1552 3592 1749 3676 κατάχρησινε
1784 3594 1938 3673 quoniam
1966 3593 2031 3656 Dei
2058 3590 2197 3656 verbum

192 3686 302 3741 tantae
324 3678 372 3740 rei
396 3675 584 3740 efficiendae
606 3699 672 3741 non
693 3679 871 3760 quamlibet
892 3682 1086 3765 opinionem,
1110 3689 1167 3748 aut
1218 3700 1284 3742 non
1312 3681 1509 3762 impugnant
1536 3679 1710 3742 manifesta
1737 3678 1917 3759 impietate,
1943 3677 1995 3742 vel
2019 3698 2196 3760 aspernan-

192 3765 290 3827 etiam
311 3763 569 3846 persuasionem,
592 3784 705 3844 parem
727 3787 797 3830 esse
819 3775 953 3831 constat.
1000 3767 1108 3850 Atque
1129 3791 1166 3835 eo
1218 3773 1289 3844 tur,
1312 3765 1366 3831 vel
1388 3769 1618 3842 centemnunt,
1648 3762 1706 3826 sed
1727 3761 1892 3843 quandam
1914 3765 2021 3845 potius
2044 3763 2196 3828 obedien·

192 3849 380 3932 diligentius
402 3845 602 3932 dispicienda
623 3855 673 3912 est
694 3851 787 3915 nabis
809 3857 843 3916 et
866 3852 1075 3936 disquirenda
1093 3876 1166 3939 ger·
1219 3851 1283 3915 tiae
1305 3852 1446 3934 speciem
1467 3872 1546 3933 prae
1567 3872 1603 3915 sc
1623 3848 1743 3912 ierunt

192 3957 291 4000 mama
312 3935 388 3999 fidei
410 3935 606 4018 proprietas,
628 3956 691 4015 quo
712 3939 922 4016 perniciosior
943 3940 1039 4006 hodie
1061 3942 1166 4005 estin
1306 3940 1334 4000 3.
1380 3936 1507 4001 Verum
1534 3936 1615 4001 haee
1641 3933 1718 3998 fidei
1746 3954 1803 3996 seu
1833 3933 1966 4013 umbra,
1996 3956 2053 3997 seu
2078 3936 2195 4019 imago,

192 4020 254 4087 hac
282 4029 374 4103 parte
402 4021 580 4085 multorum
611 4019 831 4088 hallucinatio.
883 4022 1053 4108 Siquidem
1080 4027 1167 4092 bana
1218 4030 1256 4088 ut
1277 4022 1401 4088 nullius
1422 4029 1473 4088 est
1493 4022 1665 4098 momenti,
1687 4020 1734 4083 ita
1754 4016 1892 4101 indigna
1914 4026 1964 4082 est
1984 4019 2061 4083 fidei
2084 4020 2194 4104 appel·

192 4129 269 4190 pars
291 4107 391 4185 orbis,
415 4106 525 4170 audite
548 4107 618 4171 eius
637 4108 769 4171 nomine
791 4110 875 4174 nihil
897 4110 994 4175 altius
1015 4115 1165 4196 concipit,
1218 4109 1353 4174 latione:
1386 4131 1406 4174 a
1432 4109 1525 4174 cuius
1552 4105 1655 4172 solida
1677 4105 1814 4170 veriam
1841 4125 1940 4185 quam
1966 4104 2078 4185 procul
2101 4107 2194 4186 absit,

193 4214 291 4275 quam
317 4193 489 4276 uulgarem
515 4192 678 4274 quendam
704 4195 911 4279 evangelicae
938 4196 1093 4262 historiae
1115 4221 1167 4265 as-
1219 4196 1349 4260 tametsi
1375 4216 1453 4259 mox
1479 4194 1584 4259 husius
1611 4191 1789 4268 videbitur,
1817 4188 1900 4253 nihil
1929 4196 2039 4252 tumen
2060 4191 2197 4272 impedit

193 4302 334 4345 sensum.
1219 4303 1307 4347 nunc
1329 4281 1433 4346 obiter
1453 4278 1600 4346 indicari
1643 4274 1829 4343 credidisse
1850 4274 1969 4339 dicitur
1991 4271 2107 4338 Simon
2126 4299 2195 4341 ma

279 4369 307 4429 2.
354 4363 449 4445 Quod
469 4365 603 4445 malum,
626 4372 664 4428 ut
681 4364 745 4428 alia
762 4366 944 4448 innumera,
966 4369 1167 4437 scholasticis
1219 4390 1290 4451 gas,
1314 4368 1369 4451 qui
1391 4375 1502 4432 tamen
1524 4386 1619 4430 suam
1636 4361 1898 4429 incredulitatem
1915 4359 2011 4449 paulo
2030 4366 2101 4441 post
2121 4382 2195 4441 pre-

193 4452 346 4534 sephistis
368 4457 536 4533 acceptum
558 4451 673 4516 relerri
692 4472 753 4534 par
775 4459 839 4531 est,
862 4454 917 4535 qui
938 4462 1167 4539 praeterquam
1220 4453 1268 4517 dit
1289 4454 1377 4537 (Act
1398 4457 1427 4532 8,
1450 4457 1487 4516 13
1507 4459 1540 4516 et
1560 4448 1624 4535 18).
1660 4447 1757 4530 Quod
1779 4446 1859 4512 fides
1878 4446 1925 4510 illi
1943 4445 2105 4522 tribuitur,
2129 4467 2196 4509 non

193 4537 279 4620 quod
301 4537 477 4620 caliginosa
503 4558 574 4626 sua¹
585 4536 770 4602 definitione
797 4544 900 4602 tetam
921 4542 990 4606 vim
1016 4542 1086 4607 eius
1111 4541 1166 4607 de-
1218 4540 1431 4624 intelligimus
1453 4558 1529 4605 cum
1550 4535 1754 4620 quibusdam,
1776 4533 1946 4598 simulasse
1968 4530 2076 4628 verbis
2098 4551 2196 4612 quam

193 4630 318 4704 terrmt,
348 4622 428 4686 dum
454 4624 659 4705 nugatoriam
688 4623 764 4688 fidei
786 4625 943 4690 fonnatae
965 4635 999 4692 et
1019 4629 1167 4694 informis
1219 4627 1254 4691 in
1285 4625 1381 4692 corde
1414 4624 1540 4690 nullam
1573 4622 1723 4701 haberet3
1761 4618 1818 4684 sed
1859 4619 1966 4701 petius
1998 4616 2197 4681 arbitramur

194 4709 435 4775 disfinchonem
468 4730 613 4773 asserere
636 4709 765 4789 volunt,
792 4713 1037 4792 persuasionem
1059 4715 1168 4780 nescio
1220 4712 1382 4795 evangelii
1402 4712 1572 4776 maiestate
1592 4709 1724 4785 victum,
1747 4704 2005 4788 qualemcunque
2022 4701 2121 4799 fidem
2138 4699 2196 4765 ad-

193 4817 292 4878 quam
312 4796 429 4859 timore
448 4794 513 4858 Dei
534 4803 567 4858 et
588 4796 708 4878 pietate
730 4817 868 4862 vacuam
889 4819 987 4863 verae
1009 4799 1084 4864 fidei
1108 4822 1168 4864 ne-
1220 4797 1380 4875 hibuisse,
1409 4806 1506 4880 eapite
1527 4796 1575 4859 ita
1594 4792 1780 4870 (lhristum,
1802 4791 1890 4854 vitae
1912 4797 1945 4853 et
1967 4788 2080 4854 salutis
2103 4795 2196 4850 auto-

195 4882 282 4946 mine
312 4879 506 4966 dignantur,
540 4888 609 4945 tota
637 4883 798 4965 scriptura
824 4883 1030 4950 reclamante.
1083 4884 1170 4951 (lum
1221 4904 1292 4947 rem
1319 4884 1505 4967 agnovisse,
1534 4887 1571 4944 ut
1596 4879 1736 4945 libenter
1762 4876 1810 4940 illi
1838 4896 1959 4939 nomen
1984 4873 2085 4938 daret.
2130 4873 2196 4936 Εο-

196 4989 310 5033 eorum
332 4967 518 5032 definitione
547 4966 642 5031 ahter
667 4968 743 5032 nolo
765 4969 944 5034 conflictari
966 4991 1065 5053 quam
1094 4969 1171 5035 fidei
1223 4968 1297 5032 dem
1318 4966 1414 5041 made
1443 4967 1574 5033 credere
1596 4965 1639 5031 ad
1661 4971 1789 5046 tempus
1816 4960 1971 5026 dicuntur
1997 4961 2032 5023 in
2055 4978 2196 5041 evange·

273 5049 284 5072 ⁸
1221 5055 1265 5118 lio
1286 5055 1399 5119 Lucae
1427 5052 1472 5152 (8,
1492 5057 1520 5117 7.
1543 5053 1613 5136 14),
1641 5051 1677 5114 in
1703 5048 1819 5133 quibus
1845 5047 1938 5111 verbi
1967 5065 2079 5110 semen
2104 5052 2196 5108 ante-

1224 5161 1323 5223 quam
1349 5138 1523 5203 hucbficet
1549 5138 1768 5221 praefocatur,
1797 5134 1974 5198 autetiam
1995 5129 2094 5194 nullis
2117 5128 2197 5195 dum

267 5243 295 5307 1)
314 5243 349 5297 lu
369 5243 431 5297 edit.
450 5240 517 5295 1539
535 5248 575 5296 est
591 5247 726 5311 quartam.
1225 5226 1305 5292 actis
1332 5222 1495 5290 radicibus
1523 5225 1641 5289 arescit
1667 5242 1744 5285 mox
1772 5229 1805 5285 et
1833 5218 1965 5302 deperit.
1992 5215 2108 5287 ,ucles
2130 5237 2199 5281 non

1941 5317 1994 5372 29*

621 5514 686 5659 0
