<?xml version="1.0" encoding="UTF-8"?>
<!DOCTYPE html PUBLIC "-//W3C//DTD XHTML 1.0 Transitional//EN"
    "http://www.w3.org/TR/xhtml1/DTD/xhtml1-transitional.dtd">
<html xmlns="http://www.w3.org/1999/xhtml" xml:lang="en" lang="en">
 <head>
  <title>
</title>
<meta http-equiv="Content-Type" content="text/html;charset=utf-8" />
  <meta name='ocr-system' content='tesseract 3.04.00' />
  <meta name='ocr-capabilities' content='ocr_page ocr_carea ocr_par ocr_line ocrx_word'/>
</head>
<body>
  <div class='ocr_page' id='page_1' title='image "./ioanniscalvinio05calvgoog_0612.png"; bbox 0 0 4770 6030; ppageno 0'>
   <div class='ocr_carea' id='block_1_1' title="bbox 193 301 2190 437">
    <p class='ocr_par' dir='ltr' id='par_1_1' title="bbox 193 301 2190 437">
     <span class='ocr_line' id='line_1_1' title="bbox 193 301 2190 437; baseline -0.004 -16"><span class='ocrx_word' id='word_1_1' title='bbox 193 359 275 422; x_wconf 77' lang='lat' dir='ltr'><strong>ross</strong></span> <span class='ocrx_word' id='word_1_2' title='bbox 426 350 645 418; x_wconf 58' lang='grc'><strong>11111111.</strong></span> <span class='ocrx_word' id='word_1_3' title='bbox 669 349 796 437; x_wconf 79' lang='lat' dir='ltr'><strong>(xvi.)</strong></span> <span class='ocrx_word' id='word_1_4' title='bbox 832 336 902 415; x_wconf 81' lang='grc'><strong>’1111</strong></span> <span class='ocrx_word' id='word_1_5' title='bbox 924 347 1135 431; x_wconf 80' lang='lat' dir='ltr'><strong>cumcun</strong></span> <span class='ocrx_word' id='word_1_6' title='bbox 1157 346 1313 418; x_wconf 76' lang='lat' dir='ltr'><strong>nauso</strong></span> <span class='ocrx_word' id='word_1_7' title='bbox 1332 346 1591 415; x_wconf 79' lang='lat' dir='ltr'><strong>scammis</strong></span> <span class='ocrx_word' id='word_1_8' title='bbox 1616 301 1954 416; x_wconf 73' lang='lat' dir='ltr'><strong>asculitanus.</strong></span> <span class='ocrx_word' id='word_1_9' title='bbox 2109 354 2190 414; x_wconf 83' lang='lat' dir='ltr'><strong>rose</strong></span> 
     </span>
    </p>
   </div>
   <div class='ocr_carea' id='block_1_2' title="bbox 192 453 2189 628">
    <p class='ocr_par' dir='ltr' id='par_1_2' title="bbox 192 453 2189 628">
     <span class='ocr_line' id='line_1_2' title="bbox 192 453 2189 628; baseline -0.004 -15"><span class='ocrx_word' id='word_1_10' title='bbox 192 453 571 628; x_wconf 58' lang='grc'><strong>1140111111111110111111]</strong></span> <span class='ocrx_word' id='word_1_11' title='bbox 612 540 729 604; x_wconf 92' lang='lat' dir='ltr'><strong>Nonne</strong></span> <span class='ocrx_word' id='word_1_12' title='bbox 755 537 854 603; x_wconf 91' lang='lat' dir='ltr'><strong>iidem</strong></span> <span class='ocrx_word' id='word_1_13' title='bbox 881 538 1024 603; x_wconf 81' lang='lat' dir='ltr'><strong>canunt?</strong></span> <span class='ocrx_word' id='word_1_14' title='bbox 1058 559 1166 603; x_wconf 91' lang='lat' dir='ltr'><strong>nonne</strong></span> <span class='ocrx_word' id='word_1_15' title='bbox 1217 538 1338 621; x_wconf 81' lang='lat' dir='ltr'><strong>cogniti</strong></span> <span class='ocrx_word' id='word_1_16' title='bbox 1369 539 1502 602; x_wconf 86' lang='lat' dir='ltr'><strong>fuerunt</strong></span> <span class='ocrx_word' id='word_1_17' title='bbox 1535 545 1567 602; x_wconf 93' lang='lat' dir='ltr'><strong>et</strong></span> <span class='ocrx_word' id='word_1_18' title='bbox 1599 538 1711 603; x_wconf 87' lang='lat' dir='ltr'><strong>multis</strong></span> <span class='ocrx_word' id='word_1_19' title='bbox 1744 547 1856 621; x_wconf 88' lang='lat' dir='ltr'><strong>postea</strong></span> <span class='ocrx_word' id='word_1_20' title='bbox 1884 541 1978 604; x_wconf 87' lang='lat' dir='ltr'><strong>annis</strong></span> <span class='ocrx_word' id='word_1_21' title='bbox 2005 542 2189 623; x_wconf 82' lang='lat' dir='ltr'><strong>excogitati.</strong></span> 
     </span>
    </p>
   </div>
   <div class='ocr_carea' id='block_1_3' title="bbox 188 621 2191 1654">
    <p class='ocr_par' dir='ltr' id='par_1_3' title="bbox 188 621 2191 1654">
     <span class='ocr_line' id='line_1_3' title="bbox 192 621 2191 714; baseline -0.004 -17"><span class='ocrx_word' id='word_1_22' title='bbox 192 631 389 714; x_wconf 85' lang='lat' dir='ltr'><strong>templorum</strong></span> <span class='ocrx_word' id='word_1_23' title='bbox 411 628 526 691; x_wconf 85' lang='lat' dir='ltr'><strong>ianuas</strong></span> <span class='ocrx_word' id='word_1_24' title='bbox 548 625 704 691; x_wconf 88' lang='lat' dir='ltr'><strong>claudunt</strong></span> <span class='ocrx_word' id='word_1_25' title='bbox 725 635 758 688; x_wconf 91' lang='lat' dir='ltr'><strong>et</strong></span> <span class='ocrx_word' id='word_1_26' title='bbox 775 623 944 706; x_wconf 83' lang='lat' dir='ltr'><strong>aperiunt?</strong></span> <span class='ocrx_word' id='word_1_27' title='bbox 978 623 1061 703; x_wconf 78' lang='lat' dir='ltr'><strong>Quis</strong></span> <span class='ocrx_word' id='word_1_28' title='bbox 1079 625 1166 688; x_wconf 91' lang='lat' dir='ltr'><strong>enim</strong></span> <span class='ocrx_word' id='word_1_29' title='bbox 1217 621 1432 688; x_wconf 81' lang='lat' dir='ltr'><strong>Sacramenta</strong></span> <span class='ocrx_word' id='word_1_30' title='bbox 1459 631 1566 688; x_wconf 87' lang='lat' dir='ltr'><strong>autem</strong></span> <span class='ocrx_word' id='word_1_31' title='bbox 1594 646 1694 707; x_wconf 90' lang='lat' dir='ltr'><strong>quum</strong></span> <span class='ocrx_word' id='word_1_32' title='bbox 1723 624 1786 688; x_wconf 87' lang='lat' dir='ltr'><strong>Dei</strong></span> <span class='ocrx_word' id='word_1_33' title='bbox 1815 627 2060 706; x_wconf 81' lang='lat' dir='ltr'><strong>promissionem</strong></span> <span class='ocrx_word' id='word_1_34' title='bbox 2087 628 2191 691; x_wconf 89' lang='lat' dir='ltr'><strong>conti-</strong></span> 
     </span>
     <span class='ocr_line' id='line_1_4' title="bbox 192 709 2191 794; baseline -0.003 -11"><span class='ocrx_word' id='word_1_35' title='bbox 192 721 228 784; x_wconf 92' lang='lat' dir='ltr'><strong>in</strong></span> <span class='ocrx_word' id='word_1_36' title='bbox 250 737 363 782; x_wconf 90' lang='lat' dir='ltr'><strong>eorum</strong></span> <span class='ocrx_word' id='word_1_37' title='bbox 386 712 516 794; x_wconf 89' lang='lat' dir='ltr'><strong>templis</strong></span> <span class='ocrx_word' id='word_1_38' title='bbox 542 733 687 794; x_wconf 92' lang='lat' dir='ltr'><strong>unquam</strong></span> <span class='ocrx_word' id='word_1_39' title='bbox 709 710 792 775; x_wconf 89' lang='lat' dir='ltr'><strong>vidit</strong></span> <span class='ocrx_word' id='word_1_40' title='bbox 812 710 865 775; x_wconf 83' lang='lat' dir='ltr'><strong>vel</strong></span> <span class='ocrx_word' id='word_1_41' title='bbox 887 710 1088 786; x_wconf 91' lang='lat' dir='ltr'><strong>acoluthum,</strong></span> <span class='ocrx_word' id='word_1_42' title='bbox 1112 710 1165 774; x_wconf 83' lang='lat' dir='ltr'><strong>vel</strong></span> <span class='ocrx_word' id='word_1_43' title='bbox 1218 721 1332 784; x_wconf 87' lang='lat' dir='ltr'><strong>neunt,</strong></span> <span class='ocrx_word' id='word_1_44' title='bbox 1362 731 1466 791; x_wconf 89' lang='lat' dir='ltr'><strong>neque</strong></span> <span class='ocrx_word' id='word_1_45' title='bbox 1489 711 1529 773; x_wconf 90' lang='lat' dir='ltr'><strong>ab</strong></span> <span class='ocrx_word' id='word_1_46' title='bbox 1552 710 1692 793; x_wconf 85' lang='lat' dir='ltr'><strong>angelis,</strong></span> <span class='ocrx_word' id='word_1_47' title='bbox 1716 732 1820 792; x_wconf 89' lang='lat' dir='ltr'><strong>neque</strong></span> <span class='ocrx_word' id='word_1_48' title='bbox 1843 709 1883 774; x_wconf 90' lang='lat' dir='ltr'><strong>ab</strong></span> <span class='ocrx_word' id='word_1_49' title='bbox 1905 710 2105 788; x_wconf 88' lang='lat' dir='ltr'><strong>hominibus,</strong></span> <span class='ocrx_word' id='word_1_50' title='bbox 2134 711 2191 777; x_wconf 91' lang='lat' dir='ltr'><strong>sed</strong></span> 
     </span>
     <span class='ocr_line' id='line_1_5' title="bbox 191 794 2190 880; baseline -0.003 -11"><span class='ocrx_word' id='word_1_51' title='bbox 191 803 378 877; x_wconf 89' lang='lat' dir='ltr'><strong>ostiarium,</strong></span> <span class='ocrx_word' id='word_1_52' title='bbox 413 800 480 863; x_wconf 92' lang='lat' dir='ltr'><strong>suis</strong></span> <span class='ocrx_word' id='word_1_53' title='bbox 508 796 655 880; x_wconf 89' lang='lat' dir='ltr'><strong>partibus</strong></span> <span class='ocrx_word' id='word_1_54' title='bbox 682 796 891 878; x_wconf 84' lang='lat' dir='ltr'><strong>fungentem?</strong></span> <span class='ocrx_word' id='word_1_55' title='bbox 942 794 1032 875; x_wconf 80' lang='lat' dir='ltr'><strong>Quin</strong></span> <span class='ocrx_word' id='word_1_56' title='bbox 1059 797 1165 876; x_wconf 91' lang='lat' dir='ltr'><strong>potius</strong></span> <span class='ocrx_word' id='word_1_57' title='bbox 1217 817 1237 858; x_wconf 91' lang='lat' dir='ltr'><strong>a</strong></span> <span class='ocrx_word' id='word_1_58' title='bbox 1253 796 1325 858; x_wconf 90' lang='lat' dir='ltr'><strong>Deo</strong></span> <span class='ocrx_word' id='word_1_59' title='bbox 1348 795 1414 859; x_wconf 91' lang='lat' dir='ltr'><strong>solo</strong></span> <span class='ocrx_word' id='word_1_60' title='bbox 1436 795 1565 859; x_wconf 88' lang='lat' dir='ltr'><strong>institui</strong></span> <span class='ocrx_word' id='word_1_61' title='bbox 1582 808 1725 877; x_wconf 82' lang='lat' dir='ltr'>possunt,</span> <span class='ocrx_word' id='word_1_62' title='bbox 1749 797 1841 862; x_wconf 90' lang='lat' dir='ltr'><strong>cuius</strong></span> <span class='ocrx_word' id='word_1_63' title='bbox 1863 797 1961 860; x_wconf 89' lang='lat' dir='ltr'><strong>unius</strong></span> <span class='ocrx_word' id='word_1_64' title='bbox 1982 806 2032 861; x_wconf 92' lang='lat' dir='ltr'><strong>est</strong></span> <span class='ocrx_word' id='word_1_65' title='bbox 2052 799 2190 879; x_wconf 89' lang='lat' dir='ltr'><strong>promis·</strong></span> 
     </span>
     <span class='ocr_line' id='line_1_6' title="bbox 191 880 2190 973; baseline -0.004 -19"><span class='ocrx_word' id='word_1_66' title='bbox 191 890 248 973; x_wconf 92' lang='lat' dir='ltr'><strong>qui</strong></span> <span class='ocrx_word' id='word_1_67' title='bbox 269 909 350 970; x_wconf 90' lang='lat' dir='ltr'><strong>puer</strong></span> <span class='ocrx_word' id='word_1_68' title='bbox 372 883 517 949; x_wconf 87' lang='lat' dir='ltr'><strong>acoluthi</strong></span> <span class='ocrx_word' id='word_1_69' title='bbox 537 902 673 947; x_wconf 91' lang='lat' dir='ltr'><strong>munere</strong></span> <span class='ocrx_word' id='word_1_70' title='bbox 695 884 826 947; x_wconf 84' lang='lat' dir='ltr'><strong>iunctus</strong></span> <span class='ocrx_word' id='word_1_71' title='bbox 848 891 907 958; x_wconf 89' lang='lat' dir='ltr'><strong>est,</strong></span> <span class='ocrx_word' id='word_1_72' title='bbox 933 902 1035 963; x_wconf 91' lang='lat' dir='ltr'><strong>quum</strong></span> <span class='ocrx_word' id='word_1_73' title='bbox 1058 881 1091 943; x_wconf 91' lang='lat' dir='ltr'><strong>in</strong></span> <span class='ocrx_word' id='word_1_74' title='bbox 1113 901 1165 944; x_wconf 92' lang='lat' dir='ltr'><strong>or·</strong></span> <span class='ocrx_word' id='word_1_75' title='bbox 1217 881 1339 944; x_wconf 88' lang='lat' dir='ltr'><strong>sionem</strong></span> <span class='ocrx_word' id='word_1_76' title='bbox 1362 880 1447 966; x_wconf 88' lang='lat' dir='ltr'><strong>dare.</strong></span> <span class='ocrx_word' id='word_1_77' title='bbox 1492 881 1558 945; x_wconf 88' lang='lat' dir='ltr'><strong>Pro</strong></span> <span class='ocrx_word' id='word_1_78' title='bbox 1587 881 1711 947; x_wconf 93' lang='lat' dir='ltr'><strong>duobus</strong></span> <span class='ocrx_word' id='word_1_79' title='bbox 1734 883 1866 964; x_wconf 91' lang='lat' dir='ltr'><strong>reliquis</strong></span> <span class='ocrx_word' id='word_1_80' title='bbox 1888 884 2108 947; x_wconf 86' lang='lat' dir='ltr'><strong>testimonium</strong></span> <span class='ocrx_word' id='word_1_81' title='bbox 2132 884 2190 947; x_wconf 89' lang='lat' dir='ltr'><strong>ha·</strong></span> 
     </span>
     <span class='ocr_line' id='line_1_7' title="bbox 191 964 2190 1050; baseline -0.003 -10"><span class='ocrx_word' id='word_1_82' title='bbox 191 975 301 1040; x_wconf 83' lang='lat' dir='ltr'><strong>dinem</strong></span> <span class='ocrx_word' id='word_1_83' title='bbox 329 969 557 1036; x_wconf 87' lang='lat' dir='ltr'><strong>acoluthorum</strong></span> <span class='ocrx_word' id='word_1_84' title='bbox 579 976 765 1050; x_wconf 89' lang='lat' dir='ltr'><strong>cooptatur,</strong></span> <span class='ocrx_word' id='word_1_85' title='bbox 789 966 909 1031; x_wconf 91' lang='lat' dir='ltr'><strong>desinit</strong></span> <span class='ocrx_word' id='word_1_86' title='bbox 930 988 1001 1031; x_wconf 91' lang='lat' dir='ltr'><strong>esse</strong></span> <span class='ocrx_word' id='word_1_87' title='bbox 1022 965 1057 1030; x_wconf 94' lang='lat' dir='ltr'><strong>id</strong></span> <span class='ocrx_word' id='word_1_88' title='bbox 1078 966 1165 1048; x_wconf 91' lang='lat' dir='ltr'><strong>quod</strong></span> <span class='ocrx_word' id='word_1_89' title='bbox 1217 964 1293 1029; x_wconf 91' lang='lat' dir='ltr'><strong>bere</strong></span> <span class='ocrx_word' id='word_1_90' title='bbox 1320 965 1474 1030; x_wconf 87' lang='lat' dir='ltr'><strong>videntur</strong></span> <span class='ocrx_word' id='word_1_91' title='bbox 1503 968 1642 1031; x_wconf 89' lang='lat' dir='ltr'><strong>averbo</strong></span> <span class='ocrx_word' id='word_1_92' title='bbox 1663 970 1741 1046; x_wconf 90' lang='lat' dir='ltr'><strong>Dei,</strong></span> <span class='ocrx_word' id='word_1_93' title='bbox 1767 968 1902 1050; x_wconf 91' lang='lat' dir='ltr'><strong>ideoque</strong></span> <span class='ocrx_word' id='word_1_94' title='bbox 1929 991 2037 1034; x_wconf 88' lang='lat' dir='ltr'><strong>sacros</strong></span> <span class='ocrx_word' id='word_1_95' title='bbox 2061 970 2190 1034; x_wconf 91' lang='lat' dir='ltr'><strong>ordines</strong></span> 
     </span>
     <span class='ocr_line' id='line_1_8' title="bbox 191 1051 2191 1139; baseline -0.004 -13"><span class='ocrx_word' id='word_1_96' title='bbox 191 1061 255 1126; x_wconf 92' lang='lat' dir='ltr'><strong>dici</strong></span> <span class='ocrx_word' id='word_1_97' title='bbox 276 1059 399 1139; x_wconf 85' lang='lat' dir='ltr'>incipit.</span> <span class='ocrx_word' id='word_1_98' title='bbox 444 1055 491 1120; x_wconf 91' lang='lat' dir='ltr'><strong>Ut</strong></span> <span class='ocrx_word' id='word_1_99' title='bbox 512 1054 685 1119; x_wconf 88' lang='lat' dir='ltr'><strong>videantur</strong></span> <span class='ocrx_word' id='word_1_100' title='bbox 707 1076 748 1117; x_wconf 87' lang='lat' dir='ltr'><strong>ex</strong></span> <span class='ocrx_word' id='word_1_101' title='bbox 774 1053 916 1134; x_wconf 80' lang='lat' dir='ltr'><strong>professo</strong></span> <span class='ocrx_word' id='word_1_102' title='bbox 937 1052 1021 1117; x_wconf 88' lang='lat' dir='ltr'><strong>velle</strong></span> <span class='ocrx_word' id='word_1_103' title='bbox 1043 1073 1165 1116; x_wconf 91' lang='lat' dir='ltr'><strong>munus</strong></span> <span class='ocrx_word' id='word_1_104' title='bbox 1217 1051 1349 1116; x_wconf 90' lang='lat' dir='ltr'><strong>honoris</strong></span> <span class='ocrx_word' id='word_1_105' title='bbox 1380 1073 1478 1116; x_wconf 89' lang='lat' dir='ltr'><strong>eausa</strong></span> <span class='ocrx_word' id='word_1_106' title='bbox 1516 1053 1722 1134; x_wconf 75' lang='lat' dir='ltr'><strong>peculiariter</strong></span> <span class='ocrx_word' id='word_1_107' title='bbox 1759 1056 1936 1118; x_wconf 87' lang='lat' dir='ltr'><strong>nominant.</strong></span> <span class='ocrx_word' id='word_1_108' title='bbox 1993 1053 2061 1120; x_wconf 82' lang='lat' dir='ltr'><strong>Sed</strong></span> <span class='ocrx_word' id='word_1_109' title='bbox 2093 1078 2191 1137; x_wconf 91' lang='lat' dir='ltr'><strong>quam</strong></span> 
     </span>
     <span class='ocr_line' id='line_1_9' title="bbox 190 1137 2190 1229; baseline -0.003 -18"><span class='ocrx_word' id='word_1_110' title='bbox 190 1147 299 1229; x_wconf 91' lang='lat' dir='ltr'><strong>ipsum</strong></span> <span class='ocrx_word' id='word_1_111' title='bbox 326 1142 479 1217; x_wconf 89' lang='lat' dir='ltr'><strong>abiicere,</strong></span> <span class='ocrx_word' id='word_1_112' title='bbox 509 1161 610 1222; x_wconf 93' lang='lat' dir='ltr'><strong>quum</strong></span> <span class='ocrx_word' id='word_1_113' title='bbox 638 1140 771 1203; x_wconf 89' lang='lat' dir='ltr'><strong>titulum</strong></span> <span class='ocrx_word' id='word_1_114' title='bbox 792 1146 971 1202; x_wconf 86' lang='lat' dir='ltr'><strong>assumunt.</strong></span> <span class='ocrx_word' id='word_1_115' title='bbox 1013 1139 1082 1214; x_wconf 89' lang='lat' dir='ltr'><strong>En,</strong></span> <span class='ocrx_word' id='word_1_116' title='bbox 1106 1160 1165 1202; x_wconf 90' lang='lat' dir='ltr'><strong>cur</strong></span> <span class='ocrx_word' id='word_1_117' title='bbox 1216 1137 1343 1219; x_wconf 91' lang='lat' dir='ltr'><strong>oblique</strong></span> <span class='ocrx_word' id='word_1_118' title='bbox 1371 1137 1426 1201; x_wconf 91' lang='lat' dir='ltr'><strong>illo</strong></span> <span class='ocrx_word' id='word_1_119' title='bbox 1460 1138 1495 1201; x_wconf 93' lang='lat' dir='ltr'><strong>in</strong></span> <span class='ocrx_word' id='word_1_120' title='bbox 1534 1147 1740 1220; x_wconf 88' lang='lat' dir='ltr'><strong>praetextum</strong></span> <span class='ocrx_word' id='word_1_121' title='bbox 1777 1162 1873 1204; x_wconf 90' lang='lat' dir='ltr'><strong>suum</strong></span> <span class='ocrx_word' id='word_1_122' title='bbox 1915 1140 2106 1217; x_wconf 78' lang='lat' dir='ltr'><strong>abutantur,</strong></span> <span class='ocrx_word' id='word_1_123' title='bbox 2141 1143 2190 1205; x_wconf 89' lang='lat' dir='ltr'><strong>vi-</strong></span> 
     </span>
     <span class='ocr_line' id='line_1_10' title="bbox 188 1222 2190 1309; baseline -0.002 -13"><span class='ocrx_word' id='word_1_124' title='bbox 188 1229 404 1297; x_wconf 88' lang='lat' dir='ltr'><strong>sacrameutis</strong></span> <span class='ocrx_word' id='word_1_125' title='bbox 432 1225 628 1301; x_wconf 88' lang='lat' dir='ltr'><strong>consecrari,</strong></span> <span class='ocrx_word' id='word_1_126' title='bbox 657 1234 690 1288; x_wconf 91' lang='lat' dir='ltr'><strong>et</strong></span> <span class='ocrx_word' id='word_1_127' title='bbox 716 1225 869 1306; x_wconf 91' lang='lat' dir='ltr'><strong>spiritum</strong></span> <span class='ocrx_word' id='word_1_128' title='bbox 898 1232 1048 1289; x_wconf 89' lang='lat' dir='ltr'><strong>sanctum</strong></span> <span class='ocrx_word' id='word_1_129' title='bbox 1081 1223 1164 1289; x_wconf 84' lang='lat' dir='ltr'><strong>aeci·</strong></span> <span class='ocrx_word' id='word_1_130' title='bbox 1217 1222 1359 1287; x_wconf 88' lang='lat' dir='ltr'><strong>dendum</strong></span> <span class='ocrx_word' id='word_1_131' title='bbox 1398 1230 1455 1287; x_wconf 90' lang='lat' dir='ltr'><strong>est.</strong></span> <span class='ocrx_word' id='word_1_132' title='bbox 1505 1224 1702 1305; x_wconf 81' lang='lat' dir='ltr'><strong>Incipiemus</strong></span> <span class='ocrx_word' id='word_1_133' title='bbox 1731 1234 1840 1290; x_wconf 83' lang='grc'><strong>11111111</strong></span> <span class='ocrx_word' id='word_1_134' title='bbox 1870 1228 1910 1291; x_wconf 91' lang='lat' dir='ltr'><strong>ab</strong></span> <span class='ocrx_word' id='word_1_135' title='bbox 1949 1227 2063 1291; x_wconf 86' lang='lat' dir='ltr'><strong>ordine</strong></span> <span class='ocrx_word' id='word_1_136' title='bbox 2100 1249 2190 1309; x_wconf 91' lang='lat' dir='ltr'><strong>pres-</strong></span> 
     </span>
     <span class='ocr_line' id='line_1_11' title="bbox 189 1306 2190 1400; baseline -0.001 -20"><span class='ocrx_word' id='word_1_137' title='bbox 189 1338 267 1400; x_wconf 90' lang='lat' dir='ltr'><strong>pere</strong></span> <span class='ocrx_word' id='word_1_138' title='bbox 292 1335 423 1379; x_wconf 89' lang='lat' dir='ltr'><strong>neccsse</strong></span> <span class='ocrx_word' id='word_1_139' title='bbox 453 1312 609 1376; x_wconf 83' lang='lat' dir='ltr'><strong>habeant:</strong></span> <span class='ocrx_word' id='word_1_140' title='bbox 638 1331 769 1392; x_wconf 89' lang='lat' dir='ltr'><strong>nempe,</strong></span> <span class='ocrx_word' id='word_1_141' title='bbox 798 1319 835 1373; x_wconf 91' lang='lat' dir='ltr'><strong>ut</strong></span> <span class='ocrx_word' id='word_1_142' title='bbox 861 1309 944 1373; x_wconf 93' lang='lat' dir='ltr'><strong>nihil</strong></span> <span class='ocrx_word' id='word_1_143' title='bbox 972 1317 1081 1392; x_wconf 85' lang='lat' dir='ltr'><strong>agant.</strong></span> <span class='ocrx_word' id='word_1_144' title='bbox 1126 1306 1165 1374; x_wconf 79' lang='lat' dir='ltr'><strong>si</strong></span> <span class='ocrx_word' id='word_1_145' title='bbox 1216 1308 1336 1392; x_wconf 89' lang='lat' dir='ltr'><strong>hyterii</strong></span> <span class='ocrx_word' id='word_1_146' title='bbox 1358 1309 1426 1372; x_wconf 88' lang='lat' dir='ltr'><strong>sive</strong></span> <span class='ocrx_word' id='word_1_147' title='bbox 1448 1308 1628 1374; x_wconf 90' lang='lat' dir='ltr'><strong>sacerdotii.</strong></span> <span class='ocrx_word' id='word_1_148' title='bbox 1668 1311 1732 1376; x_wconf 89' lang='lat' dir='ltr'><strong>His</strong></span> <span class='ocrx_word' id='word_1_149' title='bbox 1754 1314 1840 1376; x_wconf 91' lang='lat' dir='ltr'><strong>enim</strong></span> <span class='ocrx_word' id='word_1_150' title='bbox 1864 1312 1988 1377; x_wconf 89' lang='lat' dir='ltr'><strong>duobus</strong></span> <span class='ocrx_word' id='word_1_151' title='bbox 2006 1314 2190 1379; x_wconf 89' lang='lat' dir='ltr'><strong>nominibus</strong></span> 
     </span>
     <span class='ocr_line' id='line_1_12' title="bbox 190 1393 2190 1486; baseline -0.001 -22"><span class='ocrx_word' id='word_1_152' title='bbox 190 1408 395 1486; x_wconf 75' lang='lat' dir='ltr'><strong>praetexant</strong></span> <span class='ocrx_word' id='word_1_153' title='bbox 413 1398 498 1462; x_wconf 90' lang='lat' dir='ltr'><strong>hane</strong></span> <span class='ocrx_word' id='word_1_154' title='bbox 517 1419 587 1462; x_wconf 88' lang='lat' dir='ltr'><strong>esse</strong></span> <span class='ocrx_word' id='word_1_155' title='bbox 604 1408 789 1478; x_wconf 87' lang='lat' dir='ltr'><strong>temporum</strong></span> <span class='ocrx_word' id='word_1_156' title='bbox 807 1395 1063 1479; x_wconf 81' lang='lat' dir='ltr'><strong>perversitatem,</strong></span> <span class='ocrx_word' id='word_1_157' title='bbox 1078 1393 1163 1477; x_wconf 94' lang='lat' dir='ltr'><strong>quod</strong></span> <span class='ocrx_word' id='word_1_158' title='bbox 1215 1416 1285 1458; x_wconf 91' lang='lat' dir='ltr'><strong>rem</strong></span> <span class='ocrx_word' id='word_1_159' title='bbox 1307 1415 1408 1458; x_wconf 90' lang='lat' dir='ltr'><strong>unam</strong></span> <span class='ocrx_word' id='word_1_160' title='bbox 1428 1395 1614 1477; x_wconf 83' lang='lat' dir='ltr'><strong>significant</strong></span> <span class='ocrx_word' id='word_1_161' title='bbox 1649 1419 1687 1460; x_wconf 87' lang='lat' dir='ltr'><strong>sc</strong></span> <span class='ocrx_word' id='word_1_162' title='bbox 1709 1399 1754 1463; x_wconf 91' lang='lat' dir='ltr'><strong>sie</strong></span> <span class='ocrx_word' id='word_1_163' title='bbox 1777 1399 1944 1480; x_wconf 88' lang='lat' dir='ltr'><strong>appellant</strong></span> <span class='ocrx_word' id='word_1_164' title='bbox 1965 1421 2028 1474; x_wconf 90' lang='lat' dir='ltr'><strong>eos,</strong></span> <span class='ocrx_word' id='word_1_165' title='bbox 2052 1399 2092 1462; x_wconf 88' lang='lat' dir='ltr'><strong>ad</strong></span> <span class='ocrx_word' id='word_1_166' title='bbox 2110 1421 2190 1482; x_wconf 92' lang='lat' dir='ltr'><strong>quos</strong></span> 
     </span>
     <span class='ocr_line' id='line_1_13' title="bbox 189 1480 2190 1568; baseline -0.001 -16"><span class='ocrx_word' id='word_1_167' title='bbox 189 1485 372 1552; x_wconf 89' lang='lat' dir='ltr'><strong>ministeria</strong></span> <span class='ocrx_word' id='word_1_168' title='bbox 392 1506 451 1548; x_wconf 90' lang='lat' dir='ltr'><strong>sua</strong></span> <span class='ocrx_word' id='word_1_169' title='bbox 473 1482 629 1547; x_wconf 90' lang='lat' dir='ltr'><strong>deserunt</strong></span> <span class='ocrx_word' id='word_1_170' title='bbox 649 1504 686 1546; x_wconf 90' lang='lat' dir='ltr'><strong>ao</strong></span> <span class='ocrx_word' id='word_1_171' title='bbox 710 1482 896 1565; x_wconf 81' lang='lat' dir='ltr'><strong>negligunt,</strong></span> <span class='ocrx_word' id='word_1_172' title='bbox 921 1480 1017 1558; x_wconf 89' lang='lat' dir='ltr'><strong>simul</strong></span> <span class='ocrx_word' id='word_1_173' title='bbox 1039 1481 1164 1545; x_wconf 88' lang='lat' dir='ltr'><strong>fatean-</strong></span> <span class='ocrx_word' id='word_1_174' title='bbox 1215 1481 1378 1561; x_wconf 87' lang='lat' dir='ltr'><strong>pertinere</strong></span> <span class='ocrx_word' id='word_1_175' title='bbox 1418 1481 1510 1544; x_wconf 92' lang='lat' dir='ltr'><strong>aiunt</strong></span> <span class='ocrx_word' id='word_1_176' title='bbox 1547 1483 1741 1555; x_wconf 86' lang='lat' dir='ltr'><strong>sacrificium</strong></span> <span class='ocrx_word' id='word_1_177' title='bbox 1780 1485 1923 1565; x_wconf 89' lang='lat' dir='ltr'><strong>corporis</strong></span> <span class='ocrx_word' id='word_1_178' title='bbox 1955 1493 1988 1549; x_wconf 85' lang='lat' dir='ltr'><strong>et</strong></span> <span class='ocrx_word' id='word_1_179' title='bbox 2020 1486 2190 1568; x_wconf 79' lang='lat' dir='ltr'><strong>sanguinis</strong></span> 
     </span>
     <span class='ocr_line' id='line_1_14' title="bbox 193 1564 2190 1654; baseline -0.001 -16"><span class='ocrx_word' id='word_1_180' title='bbox 193 1582 250 1638; x_wconf 91' lang='lat' dir='ltr'><strong>tur</strong></span> <span class='ocrx_word' id='word_1_181' title='bbox 271 1571 397 1636; x_wconf 89' lang='lat' dir='ltr'><strong>nullum</strong></span> <span class='ocrx_word' id='word_1_182' title='bbox 422 1568 518 1633; x_wconf 93' lang='lat' dir='ltr'><strong>hodie</strong></span> <span class='ocrx_word' id='word_1_183' title='bbox 536 1590 606 1632; x_wconf 92' lang='lat' dir='ltr'><strong>esse</strong></span> <span class='ocrx_word' id='word_1_184' title='bbox 624 1568 658 1631; x_wconf 92' lang='lat' dir='ltr'><strong>in</strong></span> <span class='ocrx_word' id='word_1_185' title='bbox 677 1567 812 1632; x_wconf 86' lang='lat' dir='ltr'><strong>ecclesia</strong></span> <span class='ocrx_word' id='word_1_186' title='bbox 829 1588 925 1632; x_wconf 89' lang='lat' dir='ltr'><strong>usum</strong></span> <span class='ocrx_word' id='word_1_187' title='bbox 945 1587 1004 1630; x_wconf 88' lang='lat' dir='ltr'><strong>nec</strong></span> <span class='ocrx_word' id='word_1_188' title='bbox 1021 1567 1166 1631; x_wconf 85' lang='lat' dir='ltr'><strong>fructum</strong></span> <span class='ocrx_word' id='word_1_189' title='bbox 1216 1564 1342 1629; x_wconf 81' lang='lat' dir='ltr'><strong>Christi</strong></span> <span class='ocrx_word' id='word_1_190' title='bbox 1362 1569 1397 1628; x_wconf 92' lang='lat' dir='ltr'><strong>in</strong></span> <span class='ocrx_word' id='word_1_191' title='bbox 1420 1566 1517 1630; x_wconf 90' lang='lat' dir='ltr'><strong>altari</strong></span> <span class='ocrx_word' id='word_1_192' title='bbox 1534 1569 1699 1645; x_wconf 85' lang='lat' dir='ltr'><strong>conticere,</strong></span> <span class='ocrx_word' id='word_1_193' title='bbox 1721 1571 1882 1634; x_wconf 88' lang='lat' dir='ltr'><strong>orationes</strong></span> <span class='ocrx_word' id='word_1_194' title='bbox 1902 1569 2017 1648; x_wconf 89' lang='lat' dir='ltr'><strong>dicore,</strong></span> <span class='ocrx_word' id='word_1_195' title='bbox 2034 1570 2057 1654; x_wconf 95' lang='lat'><strong>¹)</strong></span> <span class='ocrx_word' id='word_1_196' title='bbox 2080 1593 2118 1634; x_wconf 90' lang='lat' dir='ltr'><strong>ac</strong></span> <span class='ocrx_word' id='word_1_197' title='bbox 2135 1572 2190 1636; x_wconf 92' lang='lat' dir='ltr'><strong>be-</strong></span> 
     </span>
    </p>
   </div>
   <div class='ocr_carea' id='block_1_4' title="bbox 94 1650 1165 4479">
    <p class='ocr_par' dir='ltr' id='par_1_4' title="bbox 94 1650 1165 2238">
     <span class='ocr_line' id='line_1_15' title="bbox 192 1650 1165 1734; baseline -0.01 -10"><span class='ocrx_word' id='word_1_198' title='bbox 192 1678 359 1725; x_wconf 89' lang='lat' dir='ltr'><strong>saerorum</strong></span> <span class='ocrx_word' id='word_1_199' title='bbox 386 1677 519 1720; x_wconf 89' lang='lat' dir='ltr'><strong>suorum</strong></span> <span class='ocrx_word' id='word_1_200' title='bbox 541 1653 707 1730; x_wconf 88' lang='lat' dir='ltr'><strong>ordinum,</strong></span> <span class='ocrx_word' id='word_1_201' title='bbox 738 1673 818 1734; x_wconf 93' lang='lat' dir='ltr'><strong>quos</strong></span> <span class='ocrx_word' id='word_1_202' title='bbox 837 1653 975 1716; x_wconf 91' lang='lat' dir='ltr'><strong>mirifice</strong></span> <span class='ocrx_word' id='word_1_203' title='bbox 997 1650 1165 1734; x_wconf 90' lang='lat' dir='ltr'><strong>depraedi-</strong></span> 
     </span>
     <span class='ocr_line' id='line_1_16' title="bbox 190 1737 1164 1823; baseline -0.009 -13"><span class='ocrx_word' id='word_1_204' title='bbox 190 1751 276 1822; x_wconf 88' lang='lat' dir='ltr'><strong>cant,</strong></span> <span class='ocrx_word' id='word_1_205' title='bbox 299 1751 466 1823; x_wconf 90' lang='lat' dir='ltr'><strong>totamque</strong></span> <span class='ocrx_word' id='word_1_206' title='bbox 487 1739 655 1805; x_wconf 86' lang='lat' dir='ltr'><strong>ecelesiam</strong></span> <span class='ocrx_word' id='word_1_207' title='bbox 677 1759 770 1803; x_wconf 89' lang='lat' dir='ltr'><strong>suam</strong></span> <span class='ocrx_word' id='word_1_208' title='bbox 788 1739 996 1802; x_wconf 88' lang='lat' dir='ltr'><strong>anathemate</strong></span> <span class='ocrx_word' id='word_1_209' title='bbox 1018 1737 1164 1818; x_wconf 91' lang='lat' dir='ltr'><strong>plenam;</strong></span> 
     </span>
     <span class='ocr_line' id='line_1_17' title="bbox 189 1824 1164 1912; baseline -0.009 -18"><span class='ocrx_word' id='word_1_210' title='bbox 189 1826 452 1912; x_wconf 90' lang='lat' dir='ltr'><strong>quandoquidem</strong></span> <span class='ocrx_word' id='word_1_211' title='bbox 480 1847 588 1890; x_wconf 90' lang='lat' dir='ltr'><strong>cereos</strong></span> <span class='ocrx_word' id='word_1_212' title='bbox 610 1833 643 1889; x_wconf 89' lang='lat' dir='ltr'><strong>et</strong></span> <span class='ocrx_word' id='word_1_213' title='bbox 670 1824 814 1889; x_wconf 92' lang='lat' dir='ltr'><strong>urceolos</strong></span> <span class='ocrx_word' id='word_1_214' title='bbox 842 1845 861 1888; x_wconf 92' lang='lat' dir='ltr'><strong>a</strong></span> <span class='ocrx_word' id='word_1_215' title='bbox 888 1824 999 1905; x_wconf 92' lang='lat' dir='ltr'><strong>pueris</strong></span> <span class='ocrx_word' id='word_1_216' title='bbox 1027 1832 1061 1886; x_wconf 86' lang='lat' dir='ltr'><strong>et</strong></span> <span class='ocrx_word' id='word_1_217' title='bbox 1090 1844 1164 1905; x_wconf 92' lang='lat' dir='ltr'><strong>pro-</strong></span> 
     </span>
     <span class='ocr_line' id='line_1_18' title="bbox 190 1907 1164 1992; baseline -0.008 -12"><span class='ocrx_word' id='word_1_218' title='bbox 190 1917 275 1980; x_wconf 86' lang='lat' dir='ltr'><strong>fanis</strong></span> <span class='ocrx_word' id='word_1_219' title='bbox 308 1912 475 1978; x_wconf 88' lang='lat' dir='ltr'><strong>attrectari</strong></span> <span class='ocrx_word' id='word_1_220' title='bbox 507 1911 690 1992; x_wconf 89' lang='lat' dir='ltr'><strong>permittat,</strong></span> <span class='ocrx_word' id='word_1_221' title='bbox 729 1910 845 1991; x_wconf 92' lang='lat' dir='ltr'><strong>quibus</strong></span> <span class='ocrx_word' id='word_1_222' title='bbox 872 1908 1049 1992; x_wconf 80' lang='lat' dir='ltr'><strong>,tangendis</strong></span> <span class='ocrx_word' id='word_1_223' title='bbox 1082 1907 1164 1972; x_wconf 93' lang='lat' dir='ltr'><strong>nulli</strong></span> 
     </span>
     <span class='ocr_line' id='line_1_19' title="bbox 190 1994 1164 2084; baseline -0.009 -19"><span class='ocrx_word' id='word_1_224' title='bbox 190 2000 283 2084; x_wconf 82' lang='lat' dir='ltr'><strong>digni</strong></span> <span class='ocrx_word' id='word_1_225' title='bbox 305 2007 390 2075; x_wconf 89' lang='lat' dir='ltr'><strong>sunt,</strong></span> <span class='ocrx_word' id='word_1_226' title='bbox 413 1998 476 2061; x_wconf 91' lang='lat' dir='ltr'><strong>nisi</strong></span> <span class='ocrx_word' id='word_1_227' title='bbox 493 1997 529 2060; x_wconf 91' lang='lat' dir='ltr'><strong>in</strong></span> <span class='ocrx_word' id='word_1_228' title='bbox 546 1996 712 2061; x_wconf 85' lang='lat' dir='ltr'><strong>acoluthos</strong></span> <span class='ocrx_word' id='word_1_229' title='bbox 729 1995 921 2074; x_wconf 89' lang='lat' dir='ltr'><strong>consecrati;</strong></span> <span class='ocrx_word' id='word_1_230' title='bbox 939 1994 1069 2076; x_wconf 88' lang='lat' dir='ltr'><strong>quando</strong></span> <span class='ocrx_word' id='word_1_231' title='bbox 1087 2016 1164 2060; x_wconf 89' lang='lat' dir='ltr'><strong>can-</strong></span> 
     </span>
     <span class='ocr_line' id='line_1_20' title="bbox 94 2080 1164 2165; baseline -0.007 -14"><span class='ocrx_word' id='word_1_232' title='bbox 94 2087 98 2094; x_wconf 83' lang='grc'><strong><em>’</em></strong></span> <span class='ocrx_word' id='word_1_233' title='bbox 190 2088 295 2150; x_wconf 92' lang='lat' dir='ltr'><strong>tiones</strong></span> <span class='ocrx_word' id='word_1_234' title='bbox 329 2083 370 2148; x_wconf 92' lang='lat' dir='ltr'><strong>ad</strong></span> <span class='ocrx_word' id='word_1_235' title='bbox 399 2103 517 2165; x_wconf 89' lang='lat' dir='ltr'><strong>pueros</strong></span> <span class='ocrx_word' id='word_1_236' title='bbox 544 2081 687 2164; x_wconf 85' lang='lat' dir='ltr'><strong>ablegat,</strong></span> <span class='ocrx_word' id='word_1_237' title='bbox 716 2103 798 2163; x_wconf 89' lang='lat' dir='ltr'><strong>quae</strong></span> <span class='ocrx_word' id='word_1_238' title='bbox 827 2081 891 2145; x_wconf 90' lang='lat' dir='ltr'><strong>nisi</strong></span> <span class='ocrx_word' id='word_1_239' title='bbox 915 2080 955 2145; x_wconf 93' lang='lat' dir='ltr'><strong>ab</strong></span> <span class='ocrx_word' id='word_1_240' title='bbox 978 2101 1033 2144; x_wconf 90' lang='lat' dir='ltr'><strong>ore</strong></span> <span class='ocrx_word' id='word_1_241' title='bbox 1053 2101 1164 2145; x_wconf 91' lang='lat' dir='ltr'><strong>conse·</strong></span> 
     </span>
     <span class='ocr_line' id='line_1_21' title="bbox 189 2166 1093 2238; baseline -0.012 -1"><span class='ocrx_word' id='word_1_242' title='bbox 189 2179 279 2238; x_wconf 90' lang='lat' dir='ltr'><strong>crato</strong></span> <span class='ocrx_word' id='word_1_243' title='bbox 302 2169 409 2234; x_wconf 91' lang='lat' dir='ltr'><strong>audiri</strong></span> <span class='ocrx_word' id='word_1_244' title='bbox 430 2190 494 2232; x_wconf 92' lang='lat' dir='ltr'><strong>non</strong></span> <span class='ocrx_word' id='word_1_245' title='bbox 518 2166 686 2232; x_wconf 76' lang='lat' dir='ltr'><strong>debebrmt.</strong></span> <span class='ocrx_word' id='word_1_246' title='bbox 1088 2171 1093 2179; x_wconf 85' lang='grc'><strong>’</strong></span> 
     </span>
    </p>

    <p class='ocr_par' dir='ltr' id='par_1_5' title="bbox 182 2250 1165 4048">
     <span class='ocr_line' id='line_1_22' title="bbox 277 2250 1164 2338; baseline -0.006 -19"><span class='ocrx_word' id='word_1_247' title='bbox 277 2260 327 2320; x_wconf 77' lang='lat'><strong>25.</strong></span> <span class='ocrx_word' id='word_1_248' title='bbox 371 2255 560 2318; x_wconf 88' lang='lat' dir='ltr'><strong>Exercistas</strong></span> <span class='ocrx_word' id='word_1_249' title='bbox 594 2274 669 2319; x_wconf 90' lang='lat' dir='ltr'><strong>vere</strong></span> <span class='ocrx_word' id='word_1_250' title='bbox 701 2254 737 2315; x_wconf 91' lang='lat' dir='ltr'><strong>in</strong></span> <span class='ocrx_word' id='word_1_251' title='bbox 770 2273 868 2335; x_wconf 91' lang='lat' dir='ltr'><strong>quem</strong></span> <span class='ocrx_word' id='word_1_252' title='bbox 901 2250 1035 2338; x_wconf 82' lang='lat' dir='ltr'><strong>tandmn</strong></span> <span class='ocrx_word' id='word_1_253' title='bbox 1063 2252 1164 2315; x_wconf 91' lang='lat' dir='ltr'><strong>finem</strong></span> 
     </span>
     <span class='ocr_line' id='line_1_23' title="bbox 190 2336 1163 2414; baseline -0.007 -7"><span class='ocrx_word' id='word_1_254' title='bbox 190 2340 402 2408; x_wconf 85' lang='lat' dir='ltr'><strong>consecrant?</strong></span> <span class='ocrx_word' id='word_1_255' title='bbox 447 2338 555 2404; x_wconf 82' lang='lat' dir='ltr'><strong>Audio</strong></span> <span class='ocrx_word' id='word_1_256' title='bbox 579 2337 711 2403; x_wconf 91' lang='lat' dir='ltr'><strong>Iudaeis</strong></span> <span class='ocrx_word' id='word_1_257' title='bbox 737 2338 837 2401; x_wconf 70' lang='lat' dir='ltr'><strong>finisse</strong></span> <span class='ocrx_word' id='word_1_258' title='bbox 865 2358 940 2402; x_wconf 91' lang='lat' dir='ltr'><strong>suos</strong></span> <span class='ocrx_word' id='word_1_259' title='bbox 969 2336 1163 2414; x_wconf 63' lang='lat' dir='ltr'><strong>exorcistam</strong></span> 
     </span>
     <span class='ocr_line' id='line_1_24' title="bbox 189 2422 1165 2505; baseline -0.008 -12"><span class='ocrx_word' id='word_1_260' title='bbox 189 2428 246 2494; x_wconf 92' lang='lat' dir='ltr'><strong>sed</strong></span> <span class='ocrx_word' id='word_1_261' title='bbox 280 2428 321 2492; x_wconf 92' lang='lat' dir='ltr'><strong>ab</strong></span> <span class='ocrx_word' id='word_1_262' title='bbox 354 2425 544 2491; x_wconf 81' lang='lat' dir='ltr'><strong>exorcismis</strong></span> <span class='ocrx_word' id='word_1_263' title='bbox 578 2423 681 2488; x_wconf 89' lang='lat' dir='ltr'><strong>dictos</strong></span> <span class='ocrx_word' id='word_1_264' title='bbox 713 2423 823 2500; x_wconf 88' lang='lat' dir='ltr'><strong>vide0‚</strong></span> <span class='ocrx_word' id='word_1_265' title='bbox 856 2444 936 2505; x_wconf 92' lang='lat' dir='ltr'><strong>quos</strong></span> <span class='ocrx_word' id='word_1_266' title='bbox 969 2422 1165 2487; x_wconf 82' lang='lat' dir='ltr'><strong>exercebant</strong></span> 
     </span>
     <span class='ocr_line' id='line_1_25' title="bbox 188 2508 1164 2599; baseline -0.007 -21"><span class='ocrx_word' id='word_1_267' title='bbox 188 2516 276 2599; x_wconf 88' lang='lat' dir='ltr'><strong>(Act.</strong></span> <span class='ocrx_word' id='word_1_268' title='bbox 299 2519 346 2591; x_wconf 78' lang='lat'><strong>19,</strong></span> <span class='ocrx_word' id='word_1_269' title='bbox 369 2512 432 2592; x_wconf 87' lang='grc'>13).</span> <span class='ocrx_word' id='word_1_270' title='bbox 487 2511 539 2574; x_wconf 90' lang='grc' dir='ltr'><strong>Ι)1</strong></span> <span class='ocrx_word' id='word_1_271' title='bbox 573 2510 736 2574; x_wconf 88' lang='lat' dir='ltr'><strong>ementitis</strong></span> <span class='ocrx_word' id='word_1_272' title='bbox 768 2509 839 2572; x_wconf 91' lang='lat' dir='ltr'><strong>istis</strong></span> <span class='ocrx_word' id='word_1_273' title='bbox 873 2508 1057 2585; x_wconf 87' lang='lat' dir='ltr'><strong>exorcistis,</strong></span> <span class='ocrx_word' id='word_1_274' title='bbox 1090 2508 1164 2589; x_wconf 93' lang='lat' dir='ltr'><strong>quis</strong></span> 
     </span>
     <span class='ocr_line' id='line_1_26' title="bbox 187 2594 1163 2682; baseline -0.009 -17"><span class='ocrx_word' id='word_1_275' title='bbox 187 2621 333 2682; x_wconf 91' lang='lat' dir='ltr'><strong>unquam</strong></span> <span class='ocrx_word' id='word_1_276' title='bbox 360 2595 457 2661; x_wconf 90' lang='lat' dir='ltr'><strong>fando</strong></span> <span class='ocrx_word' id='word_1_277' title='bbox 480 2595 621 2672; x_wconf 86' lang='lat' dir='ltr'><strong>audivit,</strong></span> <span class='ocrx_word' id='word_1_278' title='bbox 647 2594 733 2677; x_wconf 93' lang='lat' dir='ltr'><strong>quod</strong></span> <span class='ocrx_word' id='word_1_279' title='bbox 760 2597 924 2676; x_wconf 88' lang='lat' dir='ltr'><strong>specimen</strong></span> <span class='ocrx_word' id='word_1_280' title='bbox 955 2615 1058 2657; x_wconf 91' lang='lat' dir='ltr'><strong>unum</strong></span> <span class='ocrx_word' id='word_1_281' title='bbox 1085 2614 1163 2657; x_wconf 89' lang='lat' dir='ltr'><strong>suae</strong></span> 
     </span>
     <span class='ocr_line' id='line_1_27' title="bbox 186 2678 1164 2768; baseline -0.007 -19"><span class='ocrx_word' id='word_1_282' title='bbox 186 2684 395 2768; x_wconf 85' lang='lat' dir='ltr'><strong>professionis</strong></span> <span class='ocrx_word' id='word_1_283' title='bbox 423 2680 605 2746; x_wconf 86' lang='lat' dir='ltr'><strong>ediderint?</strong></span> <span class='ocrx_word' id='word_1_284' title='bbox 649 2681 804 2764; x_wconf 85' lang='lat' dir='ltr'><strong>Fingitur</strong></span> <span class='ocrx_word' id='word_1_285' title='bbox 829 2680 897 2744; x_wconf 88' lang='lat' dir='ltr'><strong>illis</strong></span> <span class='ocrx_word' id='word_1_286' title='bbox 923 2686 1066 2761; x_wconf 89' lang='lat' dir='ltr'><strong>potestas</strong></span> <span class='ocrx_word' id='word_1_287' title='bbox 1087 2678 1164 2742; x_wconf 89' lang='lat' dir='ltr'><strong>data</strong></span> 
     </span>
     <span class='ocr_line' id='line_1_28' title="bbox 187 2769 1163 2854; baseline -0.006 -20"><span class='ocrx_word' id='word_1_288' title='bbox 187 2769 375 2854; x_wconf 91' lang='lat' dir='ltr'><strong>imponendi</strong></span> <span class='ocrx_word' id='word_1_289' title='bbox 418 2789 536 2832; x_wconf 89' lang='lat' dir='ltr'><strong>manus</strong></span> <span class='ocrx_word' id='word_1_290' title='bbox 579 2787 677 2848; x_wconf 89' lang='lat' dir='ltr'><strong>super</strong></span> <span class='ocrx_word' id='word_1_291' title='bbox 709 2786 960 2849; x_wconf 85' lang='lat' dir='ltr'><strong>energumenos,</strong></span> <span class='ocrx_word' id='word_1_292' title='bbox 1005 2772 1038 2828; x_wconf 89' lang='lat' dir='ltr'><strong>et</strong></span> <span class='ocrx_word' id='word_1_293' title='bbox 1076 2774 1163 2828; x_wconf 86' lang='lat' dir='ltr'><strong>cate-</strong></span> 
     </span>
     <span class='ocr_line' id='line_1_29' title="bbox 187 2851 1163 2932; baseline -0.007 -11"><span class='ocrx_word' id='word_1_294' title='bbox 187 2858 380 2931; x_wconf 89' lang='lat' dir='ltr'><strong>ehmnenos,</strong></span> <span class='ocrx_word' id='word_1_295' title='bbox 419 2862 452 2918; x_wconf 90' lang='lat' dir='ltr'><strong>et</strong></span> <span class='ocrx_word' id='word_1_296' title='bbox 484 2852 723 2932; x_wconf 89' lang='lat' dir='ltr'><strong>daemoniacos;</strong></span> <span class='ocrx_word' id='word_1_297' title='bbox 761 2851 817 2916; x_wconf 89' lang='lat' dir='ltr'><strong>sed</strong></span> <span class='ocrx_word' id='word_1_298' title='bbox 851 2851 909 2915; x_wconf 90' lang='lat' dir='ltr'><strong>tali</strong></span> <span class='ocrx_word' id='word_1_299' title='bbox 939 2871 974 2915; x_wconf 92' lang='lat' dir='ltr'><strong>se</strong></span> <span class='ocrx_word' id='word_1_300' title='bbox 1005 2857 1163 2932; x_wconf 83' lang='lat' dir='ltr'><strong>potestate</strong></span> 
     </span>
     <span class='ocr_line' id='line_1_30' title="bbox 187 2937 1163 3024; baseline -0.008 -19"><span class='ocrx_word' id='word_1_301' title='bbox 187 2941 352 3024; x_wconf 89' lang='lat' dir='ltr'><strong>praeditos</strong></span> <span class='ocrx_word' id='word_1_302' title='bbox 374 2939 585 3004; x_wconf 90' lang='lat' dir='ltr'><strong>daemonibus</strong></span> <span class='ocrx_word' id='word_1_303' title='bbox 605 2937 801 3021; x_wconf 88' lang='lat' dir='ltr'><strong>persuadere</strong></span> <span class='ocrx_word' id='word_1_304' title='bbox 828 2958 893 3000; x_wconf 92' lang='lat' dir='ltr'><strong>non</strong></span> <span class='ocrx_word' id='word_1_305' title='bbox 921 2945 1073 3018; x_wconf 89' lang='lat' dir='ltr'><strong>possunt,</strong></span> <span class='ocrx_word' id='word_1_306' title='bbox 1096 2955 1163 2998; x_wconf 91' lang='lat' dir='ltr'><strong>non</strong></span> 
     </span>
     <span class='ocr_line' id='line_1_31' title="bbox 187 3021 1162 3107; baseline -0.005 -16"><span class='ocrx_word' id='word_1_307' title='bbox 187 3026 284 3091; x_wconf 91' lang='lat' dir='ltr'><strong>modo</strong></span> <span class='ocrx_word' id='word_1_308' title='bbox 312 3026 388 3107; x_wconf 92' lang='lat' dir='ltr'><strong>quia</strong></span> <span class='ocrx_word' id='word_1_309' title='bbox 415 3046 528 3089; x_wconf 88' lang='lat' dir='ltr'><strong>eorum</strong></span> <span class='ocrx_word' id='word_1_310' title='bbox 554 3025 700 3107; x_wconf 89' lang='lat' dir='ltr'><strong>imperiis</strong></span> <span class='ocrx_word' id='word_1_311' title='bbox 735 3044 801 3088; x_wconf 91' lang='lat' dir='ltr'><strong>non</strong></span> <span class='ocrx_word' id='word_1_312' title='bbox 829 3021 948 3088; x_wconf 90' lang='lat' dir='ltr'><strong>cedunt</strong></span> <span class='ocrx_word' id='word_1_313' title='bbox 980 3021 1162 3098; x_wconf 88' lang='lat' dir='ltr'><strong>daemones,</strong></span> 
     </span>
     <span class='ocr_line' id='line_1_32' title="bbox 188 3107 1164 3192; baseline -0.008 -15"><span class='ocrx_word' id='word_1_314' title='bbox 188 3112 246 3177; x_wconf 91' lang='lat' dir='ltr'><strong>sed</strong></span> <span class='ocrx_word' id='word_1_315' title='bbox 268 3113 366 3175; x_wconf 91' lang='lat' dir='ltr'><strong>etiam</strong></span> <span class='ocrx_word' id='word_1_316' title='bbox 388 3112 463 3192; x_wconf 90' lang='lat' dir='ltr'><strong>quia</strong></span> <span class='ocrx_word' id='word_1_317' title='bbox 485 3111 564 3192; x_wconf 92' lang='lat' dir='ltr'><strong>ipsis</strong></span> <span class='ocrx_word' id='word_1_318' title='bbox 587 3110 759 3192; x_wconf 88' lang='lat' dir='ltr'><strong>imperant.</strong></span> <span class='ocrx_word' id='word_1_319' title='bbox 805 3109 873 3172; x_wconf 84' lang='lat' dir='ltr'><strong>Vix</strong></span> <span class='ocrx_word' id='word_1_320' title='bbox 895 3108 984 3173; x_wconf 91' lang='lat' dir='ltr'><strong>enim</strong></span> <span class='ocrx_word' id='word_1_321' title='bbox 1002 3107 1164 3171; x_wconf 90' lang='lat' dir='ltr'><strong>decimum</strong></span> 
     </span>
     <span class='ocr_line' id='line_1_33' title="bbox 188 3194 1161 3280; baseline -0.006 -18"><span class='ocrx_word' id='word_1_322' title='bbox 188 3218 348 3280; x_wconf 87' lang='lat' dir='ltr'><strong>quemque</strong></span> <span class='ocrx_word' id='word_1_323' title='bbox 381 3197 538 3277; x_wconf 88' lang='lat' dir='ltr'><strong>reperias,</strong></span> <span class='ocrx_word' id='word_1_324' title='bbox 577 3197 632 3277; x_wconf 93' lang='lat' dir='ltr'><strong>qui</strong></span> <span class='ocrx_word' id='word_1_325' title='bbox 664 3217 731 3261; x_wconf 91' lang='lat' dir='ltr'><strong>non</strong></span> <span class='ocrx_word' id='word_1_326' title='bbox 770 3194 856 3258; x_wconf 88' lang='lat' dir='ltr'><strong>malo</strong></span> <span class='ocrx_word' id='word_1_327' title='bbox 889 3195 1004 3275; x_wconf 90' lang='lat' dir='ltr'><strong>spiritu</strong></span> <span class='ocrx_word' id='word_1_328' title='bbox 1037 3201 1161 3275; x_wconf 84' lang='lat' dir='ltr'><strong>agatur.</strong></span> 
     </span>
     <span class='ocr_line' id='line_1_34' title="bbox 189 3277 1163 3364; baseline -0.006 -16"><span class='ocrx_word' id='word_1_329' title='bbox 189 3283 410 3364; x_wconf 80' lang='lat' dir='ltr'><strong>Quaecunque</strong></span> <span class='ocrx_word' id='word_1_330' title='bbox 432 3282 533 3364; x_wconf 81' lang='lat' dir='ltr'><strong>igitur</strong></span> <span class='ocrx_word' id='word_1_331' title='bbox 555 3281 595 3346; x_wconf 91' lang='lat' dir='ltr'><strong>de</strong></span> <span class='ocrx_word' id='word_1_332' title='bbox 622 3281 793 3346; x_wconf 90' lang='lat' dir='ltr'><strong>minutulis</strong></span> <span class='ocrx_word' id='word_1_333' title='bbox 815 3280 883 3344; x_wconf 92' lang='lat' dir='ltr'><strong>suis</strong></span> <span class='ocrx_word' id='word_1_334' title='bbox 905 3278 1072 3354; x_wconf 85' lang='lat' dir='ltr'><strong>ordinibus</strong></span> <span class='ocrx_word' id='word_1_335' title='bbox 1093 3277 1163 3343; x_wconf 91' lang='lat' dir='ltr'><strong>bal·</strong></span> 
     </span>
     <span class='ocr_line' id='line_1_35' title="bbox 188 3363 1162 3514; baseline -0.008 -79"><span class='ocrx_word' id='word_1_336' title='bbox 188 3370 321 3435; x_wconf 89' lang='lat' dir='ltr'><strong>butiunt</strong></span> <span class='ocrx_word' id='word_1_337' title='bbox 335 3369 419 3452; x_wconf 86' lang='lat' dir='ltr'><strong>(sive</strong></span> <span class='ocrx_word' id='word_1_338' title='bbox 441 3388 499 3431; x_wconf 86' lang='lat' dir='ltr'><strong>sex</strong></span> <span class='ocrx_word' id='word_1_339' title='bbox 520 3376 750 3450; x_wconf 88' lang='lat' dir='ltr'><strong>computentur</strong></span> <span class='ocrx_word' id='word_1_340' title='bbox 767 3366 836 3430; x_wconf 91' lang='lat' dir='ltr'><strong>sive</strong></span> <span class='ocrx_word' id='word_1_341' title='bbox 856 3363 1023 3449; x_wconf 86' lang='lat' dir='ltr'><strong>quinque),</strong></span> <span class='ocrx_word' id='word_1_342' title='bbox 1040 3364 1079 3514; x_wconf 42' lang='grc' dir='ltr'><strong>’ὦ</strong></span> <span class='ocrx_word' id='word_1_343' title='bbox 1086 3385 1162 3429; x_wconf 90' lang='lat' dir='ltr'><strong>con-</strong></span> 
     </span>
     <span class='ocr_line' id='line_1_36' title="bbox 188 3451 1163 3534; baseline -0.005 -16"><span class='ocrx_word' id='word_1_344' title='bbox 188 3457 267 3520; x_wconf 87' lang='lat' dir='ltr'><strong>flata</strong></span> <span class='ocrx_word' id='word_1_345' title='bbox 288 3460 366 3518; x_wconf 91' lang='lat' dir='ltr'><strong>sunt</strong></span> <span class='ocrx_word' id='word_1_346' title='bbox 388 3475 429 3516; x_wconf 88' lang='lat' dir='ltr'><strong>ex</strong></span> <span class='ocrx_word' id='word_1_347' title='bbox 451 3453 576 3517; x_wconf 82' lang='lat' dir='ltr'><strong>inscitia</strong></span> <span class='ocrx_word' id='word_1_348' title='bbox 597 3453 792 3534; x_wconf 89' lang='lat' dir='ltr'><strong>insulsisque</strong></span> <span class='ocrx_word' id='word_1_349' title='bbox 813 3451 1000 3515; x_wconf 84' lang='lat' dir='ltr'><strong>mendaciis.</strong></span> <span class='ocrx_word' id='word_1_350' title='bbox 1080 3470 1163 3514; x_wconf 83' lang='lat' dir='ltr'><strong>eve</strong></span> 
     </span>
     <span class='ocr_line' id='line_1_37' title="bbox 188 3536 1163 3618; baseline -0.007 -13"><span class='ocrx_word' id='word_1_351' title='bbox 188 3541 304 3605; x_wconf 85' lang='lat' dir='ltr'><strong>teribus</strong></span> <span class='ocrx_word' id='word_1_352' title='bbox 325 3538 485 3616; x_wconf 85' lang='lat' dir='ltr'><strong>acoluthis,</strong></span> <span class='ocrx_word' id='word_1_353' title='bbox 508 3543 535 3602; x_wconf 90' lang='grc'><strong>11</strong></span> <span class='ocrx_word' id='word_1_354' title='bbox 552 3540 701 3618; x_wconf 86' lang='lat' dir='ltr'><strong>ostiariis,</strong></span> <span class='ocrx_word' id='word_1_355' title='bbox 719 3536 931 3614; x_wconf 69' lang='lat' dir='ltr'><strong>atramina</strong></span> <span class='ocrx_word' id='word_1_356' title='bbox 954 3536 1031 3602; x_wconf 78' lang='lat' dir='ltr'><strong>aiibi</strong></span> <span class='ocrx_word' id='word_1_357' title='bbox 1047 3536 1163 3599; x_wconf 82' lang='lat' dir='ltr'><strong>dietum</strong></span> 
     </span>
     <span class='ocr_line' id='line_1_38' title="bbox 188 3620 1164 3706; baseline -0.006 -16"><span class='ocrx_word' id='word_1_358' title='bbox 188 3631 246 3705; x_wconf 87' lang='lat' dir='ltr'><strong>est,</strong></span> <span class='ocrx_word' id='word_1_359' title='bbox 275 3646 372 3706; x_wconf 85' lang='lat' dir='ltr'><strong>quum</strong></span> <span class='ocrx_word' id='word_1_360' title='bbox 393 3623 533 3688; x_wconf 78' lang='grc'><strong>1111111111</strong></span> <span class='ocrx_word' id='word_1_361' title='bbox 554 3624 694 3689; x_wconf 75' lang='lat' dir='ltr'><strong>ordinem</strong></span> <span class='ocrx_word' id='word_1_362' title='bbox 723 3642 948 3705; x_wconf 70' lang='lat' dir='ltr'><strong>reponeremus.</strong></span> <span class='ocrx_word' id='word_1_363' title='bbox 994 3621 1093 3686; x_wconf 84' lang='lat' dir='ltr'><strong>Nobis</strong></span> <span class='ocrx_word' id='word_1_364' title='bbox 1113 3620 1164 3684; x_wconf 85' lang='lat' dir='ltr'><strong>bic</strong></span> 
     </span>
     <span class='ocr_line' id='line_1_39' title="bbox 182 3706 1164 3795; baseline -0.008 -18"><span class='ocrx_word' id='word_1_365' title='bbox 182 3713 378 3795; x_wconf 86' lang='lat' dir='ltr'><strong>propositum</strong></span> <span class='ocrx_word' id='word_1_366' title='bbox 399 3714 442 3793; x_wconf 83' lang='lat' dir='ltr'><strong>est</strong></span> <span class='ocrx_word' id='word_1_367' title='bbox 463 3711 618 3774; x_wconf 79' lang='grc'><strong>1111111111</strong></span> <span class='ocrx_word' id='word_1_368' title='bbox 633 3731 776 3792; x_wconf 77' lang='lat' dir='ltr'><strong>puqnore</strong></span> <span class='ocrx_word' id='word_1_369' title='bbox 797 3713 903 3773; x_wconf 83' lang='grc'><strong>1111111</strong></span> <span class='ocrx_word' id='word_1_370' title='bbox 918 3709 1069 3773; x_wconf 78' lang='lat' dir='ltr'><strong>moitinm</strong></span> <span class='ocrx_word' id='word_1_371' title='bbox 1084 3706 1164 3770; x_wconf 83' lang='lat' dir='ltr'><strong>iilud</strong></span> 
     </span>
     <span class='ocr_line' id='line_1_40' title="bbox 188 3793 1164 3876; baseline -0.007 -13"><span class='ocrx_word' id='word_1_372' title='bbox 188 3800 348 3863; x_wconf 77' lang='lat' dir='ltr'><strong>incertum</strong></span> <span class='ocrx_word' id='word_1_373' title='bbox 368 3797 405 3860; x_wconf 84' lang='lat' dir='ltr'><strong>etc</strong></span> <span class='ocrx_word' id='word_1_374' title='bbox 425 3796 613 3876; x_wconf 66' lang='lat' dir='ltr'><strong>septemplici</strong></span> <span class='ocrx_word' id='word_1_375' title='bbox 634 3801 823 3860; x_wconf 62' lang='lat' dir='ltr'><strong>satanam</strong></span> <span class='ocrx_word' id='word_1_376' title='bbox 843 3794 878 3857; x_wconf 82' lang='lat' dir='ltr'><strong>in</strong></span> <span class='ocrx_word' id='word_1_377' title='bbox 895 3793 1058 3858; x_wconf 77' lang='lat' dir='ltr'><strong>ordinibus</strong></span> <span class='ocrx_word' id='word_1_378' title='bbox 1078 3793 1164 3857; x_wconf 85' lang='lat' dir='ltr'><strong>ecete-</strong></span> 
     </span>
     <span class='ocr_line' id='line_1_41' title="bbox 188 3879 1162 3963; baseline -0.004 -15"><span class='ocrx_word' id='word_1_379' title='bbox 188 3884 344 3960; x_wconf 85' lang='lat' dir='ltr'><strong>siasticis,·</strong></span> <span class='ocrx_word' id='word_1_380' title='bbox 372 3884 410 3947; x_wconf 82' lang='lat' dir='ltr'><strong>de</strong></span> <span class='ocrx_word' id='word_1_381' title='bbox 438 3903 498 3962; x_wconf 90' lang='lat' dir='ltr'><strong>quo</strong></span> <span class='ocrx_word' id='word_1_382' title='bbox 525 3903 682 3963; x_wconf 77' lang='lat' dir='ltr'><strong>nusquam</strong></span> <span class='ocrx_word' id='word_1_383' title='bbox 708 3881 786 3946; x_wconf 83' lang='lat' dir='ltr'><strong>alibi</strong></span> <span class='ocrx_word' id='word_1_384' title='bbox 815 3899 910 3961; x_wconf 89' lang='lat' dir='ltr'><strong>quam</strong></span> <span class='ocrx_word' id='word_1_385' title='bbox 937 3879 1024 3961; x_wconf 83' lang='lat' dir='ltr'><strong>apud</strong></span> <span class='ocrx_word' id='word_1_386' title='bbox 1044 3879 1162 3959; x_wconf 86' lang='lat' dir='ltr'><strong>ineptos</strong></span> 
     </span>
     <span class='ocr_line' id='line_1_42' title="bbox 188 3965 1020 4048; baseline -0.006 -15"><span class='ocrx_word' id='word_1_387' title='bbox 188 3971 264 4034; x_wconf 87' lang='lat' dir='ltr'><strong>istos</strong></span> <span class='ocrx_word' id='word_1_388' title='bbox 284 3969 422 4044; x_wconf 80' lang='lat' dir='ltr'><strong>rabidas,</strong></span> <span class='ocrx_word' id='word_1_389' title='bbox 443 3968 631 4032; x_wconf 80' lang='lat' dir='ltr'><strong>sorbonistus</strong></span> <span class='ocrx_word' id='word_1_390' title='bbox 652 3973 680 4032; x_wconf 90' lang='lat' dir='ltr'><strong>et</strong></span> <span class='ocrx_word' id='word_1_391' title='bbox 702 3968 877 4031; x_wconf 77' lang='lat' dir='ltr'><strong>canonistas</strong></span> <span class='ocrx_word' id='word_1_392' title='bbox 898 3965 1020 4048; x_wconf 74' lang='lat' dir='ltr'><strong>tepitur.</strong></span> 
     </span>
    </p>

    <p class='ocr_par' dir='ltr' id='par_1_6' title="bbox 178 4049 1162 4479">
     <span class='ocr_line' id='line_1_43' title="bbox 275 4049 1161 4135; baseline -0.002 -19"><span class='ocrx_word' id='word_1_393' title='bbox 275 4059 324 4117; x_wconf 83' lang='lat'><strong>29.</strong></span> <span class='ocrx_word' id='word_1_394' title='bbox 371 4052 447 4135; x_wconf 68' lang='grc' dir='ltr'><strong>2)Ιι1</strong></span> <span class='ocrx_word' id='word_1_395' title='bbox 469 4054 509 4117; x_wconf 88' lang='lat' dir='ltr'><strong>iis</strong></span> <span class='ocrx_word' id='word_1_396' title='bbox 532 4062 641 4117; x_wconf 86' lang='lat' dir='ltr'><strong>autem</strong></span> <span class='ocrx_word' id='word_1_397' title='bbox 663 4062 696 4117; x_wconf 90' lang='lat' dir='ltr'><strong>et</strong></span> <span class='ocrx_word' id='word_1_398' title='bbox 713 4052 980 4117; x_wconf 90' lang='lat' dir='ltr'><strong>subdiaconatum</strong></span> <span class='ocrx_word' id='word_1_399' title='bbox 1003 4049 1161 4131; x_wconf 86' lang='lat' dir='ltr'><strong>complec-</strong></span> 
     </span>
     <span class='ocr_line' id='line_1_44' title="bbox 189 4135 1162 4217; baseline -0.002 -15"><span class='ocrx_word' id='word_1_400' title='bbox 189 4147 254 4217; x_wconf 87' lang='lat' dir='ltr'><strong>tor,</strong></span> <span class='ocrx_word' id='word_1_401' title='bbox 288 4139 349 4203; x_wconf 90' lang='lat' dir='ltr'><strong>etsi</strong></span> <span class='ocrx_word' id='word_1_402' title='bbox 383 4139 425 4203; x_wconf 91' lang='lat' dir='ltr'><strong>ad</strong></span> <span class='ocrx_word' id='word_1_403' title='bbox 452 4140 591 4202; x_wconf 89' lang='lat' dir='ltr'><strong>maiores</strong></span> <span class='ocrx_word' id='word_1_404' title='bbox 618 4138 795 4204; x_wconf 90' lang='lat' dir='ltr'><strong>translatus</strong></span> <span class='ocrx_word' id='word_1_405' title='bbox 822 4145 885 4216; x_wconf 87' lang='lat' dir='ltr'><strong>est,</strong></span> <span class='ocrx_word' id='word_1_406' title='bbox 913 4157 1039 4217; x_wconf 85' lang='lat' dir='ltr'><strong>exque</strong></span> <span class='ocrx_word' id='word_1_407' title='bbox 1066 4135 1162 4200; x_wconf 89' lang='lat' dir='ltr'><strong>turba</strong></span> 
     </span>
     <span class='ocr_line' id='line_1_45' title="bbox 188 4222 1161 4308; baseline -0.005 -19"><span class='ocrx_word' id='word_1_408' title='bbox 188 4226 252 4289; x_wconf 88' lang='lat' dir='ltr'><strong>ista</strong></span> <span class='ocrx_word' id='word_1_409' title='bbox 274 4226 437 4288; x_wconf 92' lang='lat' dir='ltr'><strong>minorum</strong></span> <span class='ocrx_word' id='word_1_410' title='bbox 460 4226 621 4308; x_wconf 48' lang='lat' dir='ltr'><strong>paduam</strong></span> <span class='ocrx_word' id='word_1_411' title='bbox 648 4224 808 4307; x_wconf 87' lang='lat' dir='ltr'><strong>pullulare</strong></span> <span class='ocrx_word' id='word_1_412' title='bbox 830 4223 942 4305; x_wconf 86' lang='lat' dir='ltr'><strong>coepit</strong></span> <span class='ocrx_word' id='word_1_413' title='bbox 986 4222 1053 4285; x_wconf 83' lang='lat' dir='ltr'><strong>Eos</strong></span> <span class='ocrx_word' id='word_1_414' title='bbox 1075 4230 1161 4285; x_wconf 91' lang='lat' dir='ltr'><strong>certe</strong></span> 
     </span>
     <span class='ocr_line' id='line_1_46' title="bbox 178 4307 1160 4384; baseline -0.007 -8"><span class='ocrx_word' id='word_1_415' title='bbox 178 4319 464 4376; x_wconf 83' lang='lat' dir='ltr'><strong>&#39;sacramentorum</strong></span> <span class='ocrx_word' id='word_1_416' title='bbox 504 4310 574 4375; x_wconf 91' lang='lat' dir='ltr'><strong>leco</strong></span> <span class='ocrx_word' id='word_1_417' title='bbox 611 4333 678 4374; x_wconf 91' lang='lat' dir='ltr'><strong>non</strong></span> <span class='ocrx_word' id='word_1_418' title='bbox 711 4331 781 4375; x_wconf 93' lang='lat' dir='ltr'><strong>esse</strong></span> <span class='ocrx_word' id='word_1_419' title='bbox 820 4307 987 4373; x_wconf 89' lang='lat' dir='ltr'><strong>habendos</strong></span> <span class='ocrx_word' id='word_1_420' title='bbox 1023 4315 1160 4384; x_wconf 91' lang='lat' dir='ltr'><strong>constat,</strong></span> 
     </span>
     <span class='ocr_line' id='line_1_47' title="bbox 187 4393 1160 4479; baseline -0.005 -18"><span class='ocrx_word' id='word_1_421' title='bbox 187 4397 316 4479; x_wconf 91' lang='lat' dir='ltr'><strong>quando</strong></span> <span class='ocrx_word' id='word_1_422' title='bbox 345 4397 481 4460; x_wconf 90' lang='lat' dir='ltr'><strong>istorum</strong></span> <span class='ocrx_word' id='word_1_423' title='bbox 505 4398 704 4461; x_wconf 89' lang='lat' dir='ltr'><strong>confessione</strong></span> <span class='ocrx_word' id='word_1_424' title='bbox 731 4395 915 4477; x_wconf 85' lang='lat' dir='ltr'><strong>primitivae</strong></span> <span class='ocrx_word' id='word_1_425' title='bbox 938 4393 1091 4458; x_wconf 87' lang='lat' dir='ltr'><strong>ecclesiae</strong></span> <span class='ocrx_word' id='word_1_426' title='bbox 1110 4394 1160 4456; x_wconf 92' lang='lat' dir='ltr'><strong>in·</strong></span> 
     </span>
    </p>
   </div>
   <div class='ocr_carea' id='block_1_5' title="bbox 186 4581 1160 4906">
    <p class='ocr_par' dir='ltr' id='par_1_7' title="bbox 186 4581 1160 4906">
     <span class='ocr_line' id='line_1_48' title="bbox 273 4581 1160 4651; baseline -0.002 -17"><span class='ocrx_word' id='word_1_427' title='bbox 273 4581 409 4647; x_wconf 74' lang='grc'><strong>1)]11111</strong></span> <span class='ocrx_word' id='word_1_428' title='bbox 437 4584 612 4651; x_wconf 78' lang='lat' dir='ltr'><strong>parenthesin</strong></span> <span class='ocrx_word' id='word_1_429' title='bbox 642 4581 702 4637; x_wconf 83' lang='lat' dir='ltr'><strong>edd.</strong></span> <span class='ocrx_word' id='word_1_430' title='bbox 725 4582 890 4649; x_wconf 80' lang='lat' dir='ltr'><strong>posteriores</strong></span> <span class='ocrx_word' id='word_1_431' title='bbox 916 4597 973 4634; x_wconf 86' lang='lat' dir='ltr'><strong>non</strong></span> <span class='ocrx_word' id='word_1_432' title='bbox 1003 4587 1160 4649; x_wconf 81' lang='lat' dir='ltr'><strong>aquoscunt.</strong></span> 
     </span>
     <span class='ocr_line' id='line_1_49' title="bbox 186 4650 1159 4721; baseline -0.003 -17"><span class='ocrx_word' id='word_1_433' title='bbox 186 4651 217 4719; x_wconf 78' lang='grc'><strong>2)</strong></span> <span class='ocrx_word' id='word_1_434' title='bbox 241 4650 318 4705; x_wconf 81' lang='lat' dir='ltr'><strong>Edit.</strong></span> <span class='ocrx_word' id='word_1_435' title='bbox 342 4650 512 4721; x_wconf 59' lang='grc'><strong>15411191..-</strong></span> <span class='ocrx_word' id='word_1_436' title='bbox 538 4653 656 4715; x_wconf 89' lang='lat' dir='ltr'><strong>Verum,</strong></span> <span class='ocrx_word' id='word_1_437' title='bbox 680 4659 711 4703; x_wconf 93' lang='grc'><strong>111</strong></span> <span class='ocrx_word' id='word_1_438' title='bbox 739 4651 831 4719; x_wconf 89' lang='lat' dir='ltr'><strong>paucis</strong></span> <span class='ocrx_word' id='word_1_439' title='bbox 854 4650 1006 4714; x_wconf 86' lang='lat' dir='ltr'><strong>absolvam,</strong></span> <span class='ocrx_word' id='word_1_440' title='bbox 1036 4650 1095 4701; x_wconf 86' lang='lat' dir='ltr'><strong>dieo</strong></span> <span class='ocrx_word' id='word_1_441' title='bbox 1113 4651 1159 4701; x_wconf 88' lang='lat' dir='ltr'><strong>ab·</strong></span> 
     </span>
     <span class='ocr_line' id='line_1_50' title="bbox 187 4718 1159 4789; baseline -0.003 -17"><span class='ocrx_word' id='word_1_442' title='bbox 187 4721 298 4776; x_wconf 88' lang='lat' dir='ltr'><strong>surdum</strong></span> <span class='ocrx_word' id='word_1_443' title='bbox 316 4737 373 4773; x_wconf 84' lang='lat' dir='ltr'><strong>esse</strong></span> <span class='ocrx_word' id='word_1_444' title='bbox 391 4721 463 4789; x_wconf 89' lang='lat' dir='ltr'><strong>quod</strong></span> <span class='ocrx_word' id='word_1_445' title='bbox 485 4723 512 4773; x_wconf 92' lang='lat' dir='ltr'><strong>in</strong></span> <span class='ocrx_word' id='word_1_446' title='bbox 531 4723 629 4774; x_wconf 89' lang='lat' dir='ltr'><strong>scholis</strong></span> <span class='ocrx_word' id='word_1_447' title='bbox 647 4729 675 4773; x_wconf 88' lang='lat' dir='ltr'><strong>ct</strong></span> <span class='ocrx_word' id='word_1_448' title='bbox 698 4720 844 4772; x_wconf 87' lang='lat' dir='ltr'><strong>canonibus</strong></span> <span class='ocrx_word' id='word_1_449' title='bbox 860 4719 977 4771; x_wconf 89' lang='lat' dir='ltr'><strong>minores</strong></span> <span class='ocrx_word' id='word_1_450' title='bbox 995 4720 1062 4770; x_wconf 90' lang='lat' dir='ltr'><strong>istos</strong></span> <span class='ocrx_word' id='word_1_451' title='bbox 1088 4718 1159 4770; x_wconf 90' lang='lat' dir='ltr'><strong>ordi·</strong></span> 
     </span>
     <span class='ocr_line' id='line_1_51' title="bbox 187 4787 1159 4906; baseline -0.005 -64"><span class='ocrx_word' id='word_1_452' title='bbox 187 4807 235 4842; x_wconf 89' lang='lat' dir='ltr'><strong>nes</strong></span> <span class='ocrx_word' id='word_1_453' title='bbox 258 4800 424 4841; x_wconf 85' lang='lat' dir='ltr'><strong>sacramenta</strong></span> <span class='ocrx_word' id='word_1_454' title='bbox 446 4791 559 4848; x_wconf 84' lang='lat' dir='ltr'><strong>iaciunt;</strong></span> <span class='ocrx_word' id='word_1_455' title='bbox 584 4790 705 4858; x_wconf 87' lang='lat' dir='ltr'><strong>quando,</strong></span> <span class='ocrx_word' id='word_1_456' title='bbox 738 4805 830 4840; x_wconf 91' lang='lat' dir='ltr'><strong>eorum</strong></span> <span class='ocrx_word' id='word_1_457' title='bbox 856 4788 938 4838; x_wconf 88' lang='lat' dir='ltr'><strong>etiam</strong></span> <span class='ocrx_word' id='word_1_458' title='bbox 962 4787 1008 4906; x_wconf 71' lang='lat' dir='ltr'><strong>qui</strong></span> <span class='ocrx_word' id='word_1_459' title='bbox 1031 4787 1081 4838; x_wconf 87' lang='lat' dir='ltr'><strong>hoc</strong></span> <span class='ocrx_word' id='word_1_460' title='bbox 1104 4797 1159 4838; x_wconf 89' lang='lat' dir='ltr'><strong>tra-</strong></span> 
     </span>
    </p>
   </div>
   <div class='ocr_carea' id='block_1_6' title="bbox 188 4856 1159 5334">
    <p class='ocr_par' dir='ltr' id='par_1_8' title="bbox 188 4856 1159 5334">
     <span class='ocr_line' id='line_1_52' title="bbox 188 4856 1159 4927; baseline -0.003 -18"><span class='ocrx_word' id='word_1_461' title='bbox 188 4859 255 4910; x_wconf 92' lang='lat' dir='ltr'><strong>dant</strong></span> <span class='ocrx_word' id='word_1_462' title='bbox 275 4859 449 4922; x_wconf 82' lang='lat' dir='ltr'><strong>consessione,</strong></span> <span class='ocrx_word' id='word_1_463' title='bbox 467 4860 621 4927; x_wconf 78' lang='lat' dir='ltr'><strong>primitivae</strong></span> <span class='ocrx_word' id='word_1_464' title='bbox 640 4898 645 4910; x_wconf 90' lang='lat'><strong>.</strong></span> <span class='ocrx_word' id='word_1_465' title='bbox 667 4899 672 4909; x_wconf 95' lang='lat'><strong>.</strong></span> <span class='ocrx_word' id='word_1_466' title='bbox 693 4896 698 4909; x_wconf 94' lang='lat'><strong>.</strong></span> <span class='ocrx_word' id='word_1_467' title='bbox 717 4896 724 4910; x_wconf 89' lang='lat'><strong>.</strong></span> <span class='ocrx_word' id='word_1_468' title='bbox 743 4857 947 4926; x_wconf 89' lang='lat' dir='ltr'><strong>promissionem</strong></span> <span class='ocrx_word' id='word_1_469' title='bbox 980 4873 1034 4906; x_wconf 87' lang='lat' dir='ltr'><strong>arc.</strong></span> <span class='ocrx_word' id='word_1_470' title='bbox 1061 4856 1159 4924; x_wconf 90' lang='lat' dir='ltr'><strong>Super·</strong></span> 
     </span>
     <span class='ocr_line' id='line_1_53' title="bbox 188 4925 1159 4995; baseline -0.002 -19"><span class='ocrx_word' id='word_1_471' title='bbox 188 4933 249 4977; x_wconf 86' lang='lat' dir='ltr'><strong>sunt</strong></span> <span class='ocrx_word' id='word_1_472' title='bbox 268 4933 324 4978; x_wconf 89' lang='lat' dir='ltr'><strong>tres</strong></span> <span class='ocrx_word' id='word_1_473' title='bbox 343 4929 451 4980; x_wconf 90' lang='lat' dir='ltr'><strong>ordines</strong></span> <span class='ocrx_word' id='word_1_474' title='bbox 474 4946 541 4995; x_wconf 84' lang='lat' dir='ltr'><strong>quos</strong></span> <span class='ocrx_word' id='word_1_475' title='bbox 564 4928 679 4979; x_wconf 88' lang='lat' dir='ltr'><strong>maiores</strong></span> <span class='ocrx_word' id='word_1_476' title='bbox 698 4933 801 4977; x_wconf 83' lang='lat' dir='ltr'><strong>vocant.</strong></span> <span class='ocrx_word' id='word_1_477' title='bbox 844 4927 885 4976; x_wconf 81' lang='grc'><strong>1111</strong></span> <span class='ocrx_word' id='word_1_478' title='bbox 904 4926 1001 4993; x_wconf 91' lang='lat' dir='ltr'><strong>quibus</strong></span> <span class='ocrx_word' id='word_1_479' title='bbox 1020 4925 1159 4975; x_wconf 89' lang='lat' dir='ltr'><strong>subdiaco-</strong></span> 
     </span>
     <span class='ocr_line' id='line_1_54' title="bbox 188 4994 1159 5060; baseline -0.002 -15"><span class='ocrx_word' id='word_1_480' title='bbox 188 5005 274 5058; x_wconf 84' lang='lat' dir='ltr'><strong>natus,</strong></span> <span class='ocrx_word' id='word_1_481' title='bbox 294 5005 324 5047; x_wconf 88' lang='lat' dir='ltr'><strong>ut</strong></span> <span class='ocrx_word' id='word_1_482' title='bbox 341 4998 428 5058; x_wconf 87' lang='lat' dir='ltr'><strong>aiunt,</strong></span> <span class='ocrx_word' id='word_1_483' title='bbox 448 4997 475 5048; x_wconf 91' lang='lat' dir='ltr'><strong>in</strong></span> <span class='ocrx_word' id='word_1_484' title='bbox 494 5015 554 5048; x_wconf 88' lang='lat' dir='ltr'><strong>eum</strong></span> <span class='ocrx_word' id='word_1_485' title='bbox 573 5013 712 5048; x_wconf 82' lang='lat' dir='ltr'><strong>nurnerum</strong></span> <span class='ocrx_word' id='word_1_486' title='bbox 731 4995 877 5046; x_wconf 88' lang='lat' dir='ltr'><strong>translatus</strong></span> <span class='ocrx_word' id='word_1_487' title='bbox 895 5001 937 5046; x_wconf 89' lang='lat' dir='ltr'><strong>est</strong></span> <span class='ocrx_word' id='word_1_488' title='bbox 955 5010 988 5044; x_wconf 84' lang='lat' dir='ltr'><strong>ex</strong></span> <span class='ocrx_word' id='word_1_489' title='bbox 1007 5009 1060 5060; x_wconf 91' lang='lat' dir='ltr'><strong>quo</strong></span> <span class='ocrx_word' id='word_1_490' title='bbox 1078 4994 1159 5044; x_wconf 89' lang='lat' dir='ltr'><strong>turba</strong></span> 
     </span>
     <span class='ocr_line' id='line_1_55' title="bbox 188 5061 1159 5181; baseline 0.001 -69"><span class='ocrx_word' id='word_1_491' title='bbox 188 5062 234 5113; x_wconf 89' lang='lat' dir='ltr'><strong>illa</strong></span> <span class='ocrx_word' id='word_1_492' title='bbox 251 5063 384 5116; x_wconf 91' lang='lat' dir='ltr'><strong>minorum</strong></span> <span class='ocrx_word' id='word_1_493' title='bbox 406 5066 539 5132; x_wconf 86' lang='lat' dir='ltr'><strong>pullulare</strong></span> <span class='ocrx_word' id='word_1_494' title='bbox 562 5066 659 5132; x_wconf 89' lang='lat' dir='ltr'><strong>coepit.</strong></span> <span class='ocrx_word' id='word_1_495' title='bbox 702 5065 769 5128; x_wconf 89' lang='lat' dir='ltr'><strong>Quia</strong></span> <span class='ocrx_word' id='word_1_496' title='bbox 792 5070 881 5115; x_wconf 85' lang='lat' dir='ltr'><strong>autern</strong></span> <span class='ocrx_word' id='word_1_497' title='bbox 900 5062 1026 5114; x_wconf 86' lang='lat' dir='ltr'><strong>videntur</strong></span> <span class='ocrx_word' id='word_1_498' title='bbox 1048 5061 1159 5181; x_wconf 73' lang='lat' dir='ltr'><strong>probis</strong></span> 
     </span>
     <span class='ocr_line' id='line_1_56' title="bbox 188 5131 1158 5186; baseline -0.001 -4"><span class='ocrx_word' id='word_1_499' title='bbox 188 5131 371 5184; x_wconf 86' lang='lat' dir='ltr'><strong>testimonium</strong></span> <span class='ocrx_word' id='word_1_500' title='bbox 395 5134 494 5186; x_wconf 86' lang='lat' dir='ltr'><strong>habere</strong></span> <span class='ocrx_word' id='word_1_501' title='bbox 518 5152 533 5186; x_wconf 86' lang='lat' dir='ltr'><strong>a</strong></span> <span class='ocrx_word' id='word_1_502' title='bbox 556 5135 640 5186; x_wconf 78' lang='lat' dir='ltr'><strong>serbo</strong></span> <span class='ocrx_word' id='word_1_503' title='bbox 669 5132 776 5184; x_wconf 89' lang='lat' dir='ltr'><strong>Domini</strong></span> <span class='ocrx_word' id='word_1_504' title='bbox 800 5149 890 5184; x_wconf 89' lang='lat' dir='ltr'><strong>sacros</strong></span> <span class='ocrx_word' id='word_1_505' title='bbox 914 5131 1022 5183; x_wconf 86' lang='lat' dir='ltr'><strong>ordines</strong></span> <span class='ocrx_word' id='word_1_506' title='bbox 1068 5131 1158 5183; x_wconf 84' lang='lat' dir='ltr'><strong>oneris</strong></span> 
     </span>
     <span class='ocr_line' id='line_1_57' title="bbox 188 5199 1158 5269; baseline 0 -19"><span class='ocrx_word' id='word_1_507' title='bbox 188 5214 268 5250; x_wconf 87' lang='lat' dir='ltr'><strong>caasa</strong></span> <span class='ocrx_word' id='word_1_508' title='bbox 285 5202 456 5266; x_wconf 86' lang='lat' dir='ltr'><strong>peculiariter</strong></span> <span class='ocrx_word' id='word_1_509' title='bbox 473 5204 621 5255; x_wconf 88' lang='lat' dir='ltr'><strong>nominant.</strong></span> <span class='ocrx_word' id='word_1_510' title='bbox 657 5202 710 5254; x_wconf 88' lang='lat' dir='ltr'><strong>Sed</strong></span> <span class='ocrx_word' id='word_1_511' title='bbox 733 5218 813 5269; x_wconf 88' lang='lat' dir='ltr'><strong>quam</strong></span> <span class='ocrx_word' id='word_1_512' title='bbox 831 5202 940 5268; x_wconf 91' lang='lat' dir='ltr'><strong>oblique</strong></span> <span class='ocrx_word' id='word_1_513' title='bbox 956 5200 1064 5251; x_wconf 90' lang='lat' dir='ltr'><strong>Domini</strong></span> <span class='ocrx_word' id='word_1_514' title='bbox 1082 5199 1158 5251; x_wconf 90' lang='lat' dir='ltr'><strong>insti·</strong></span> 
     </span>
     <span class='ocr_line' id='line_1_58' title="bbox 188 5269 842 5334; baseline 0.008 -16"><span class='ocrx_word' id='word_1_515' title='bbox 188 5269 255 5319; x_wconf 88' lang='lat' dir='ltr'><strong>tutis</strong></span> <span class='ocrx_word' id='word_1_516' title='bbox 273 5269 300 5319; x_wconf 93' lang='lat' dir='ltr'><strong>in</strong></span> <span class='ocrx_word' id='word_1_517' title='bbox 317 5278 488 5334; x_wconf 86' lang='lat' dir='ltr'><strong>praetextum</strong></span> <span class='ocrx_word' id='word_1_518' title='bbox 506 5290 583 5324; x_wconf 91' lang='lat' dir='ltr'><strong>sunm</strong></span> <span class='ocrx_word' id='word_1_519' title='bbox 601 5273 747 5324; x_wconf 85' lang='lat' dir='ltr'><strong>abutantur</strong></span> <span class='ocrx_word' id='word_1_520' title='bbox 766 5275 842 5324; x_wconf 79' lang='grc'><strong>11111.</strong></span> 
     </span>
    </p>
   </div>
   <div class='ocr_carea' id='block_1_7' title="bbox 1210 1650 2190 4734">
    <p class='ocr_par' dir='ltr' id='par_1_9' title="bbox 1213 1650 2190 3684">
     <span class='ocr_line' id='line_1_59' title="bbox 1216 1650 2189 1736; baseline 0.006 -22"><span class='ocrx_word' id='word_1_521' title='bbox 1216 1650 1367 1715; x_wconf 86' lang='lat' dir='ltr'><strong>aedicere</strong></span> <span class='ocrx_word' id='word_1_522' title='bbox 1396 1650 1482 1716; x_wconf 93' lang='lat' dir='ltr'><strong>dona</strong></span> <span class='ocrx_word' id='word_1_523' title='bbox 1506 1653 1579 1716; x_wconf 84' lang='lat' dir='ltr'><strong>Dei.</strong></span> <span class='ocrx_word' id='word_1_524' title='bbox 1624 1653 1739 1736; x_wconf 91' lang='lat' dir='ltr'><strong>Itaque</strong></span> <span class='ocrx_word' id='word_1_525' title='bbox 1765 1655 1799 1718; x_wconf 92' lang='lat' dir='ltr'><strong>in</strong></span> <span class='ocrx_word' id='word_1_526' title='bbox 1827 1656 2029 1720; x_wconf 88' lang='lat' dir='ltr'><strong>ordinatione</strong></span> <span class='ocrx_word' id='word_1_527' title='bbox 2056 1656 2189 1721; x_wconf 90' lang='lat' dir='ltr'><strong>calicem</strong></span> 
     </span>
     <span class='ocr_line' id='line_1_60' title="bbox 1216 1739 2190 1825; baseline 0.006 -25"><span class='ocrx_word' id='word_1_528' title='bbox 1216 1739 1286 1819; x_wconf 77' lang='lat' dir='ltr'><strong>et2)</strong></span> <span class='ocrx_word' id='word_1_529' title='bbox 1318 1747 1471 1818; x_wconf 89' lang='lat' dir='ltr'><strong>patenam</strong></span> <span class='ocrx_word' id='word_1_530' title='bbox 1505 1759 1580 1802; x_wconf 93' lang='lat' dir='ltr'><strong>cum</strong></span> <span class='ocrx_word' id='word_1_531' title='bbox 1613 1739 1729 1804; x_wconf 90' lang='lat' dir='ltr'><strong>hostiis</strong></span> <span class='ocrx_word' id='word_1_532' title='bbox 1762 1742 1938 1823; x_wconf 87' lang='lat' dir='ltr'><strong>accipiunt,</strong></span> <span class='ocrx_word' id='word_1_533' title='bbox 1976 1743 2020 1806; x_wconf 55' lang='lat' dir='ltr'><strong>in¹</strong></span> <span class='ocrx_word' id='word_1_534' title='bbox 2043 1742 2190 1825; x_wconf 88' lang='lat' dir='ltr'><strong>symbola</strong></span> 
     </span>
     <span class='ocr_line' id='line_1_61' title="bbox 1215 1821 2190 1909; baseline 0.006 -23"><span class='ocrx_word' id='word_1_535' title='bbox 1215 1821 1350 1887; x_wconf 88' lang='lat' dir='ltr'><strong>collatae</strong></span> <span class='ocrx_word' id='word_1_536' title='bbox 1377 1823 1437 1887; x_wconf 91' lang='lat' dir='ltr'><strong>sibi</strong></span> <span class='ocrx_word' id='word_1_537' title='bbox 1466 1826 1635 1904; x_wconf 88' lang='lat' dir='ltr'><strong>potestatis</strong></span> <span class='ocrx_word' id='word_1_538' title='bbox 1662 1826 1837 1909; x_wconf 89' lang='lat' dir='ltr'><strong>placabiles</strong></span> <span class='ocrx_word' id='word_1_539' title='bbox 1864 1826 1936 1891; x_wconf 90' lang='lat' dir='ltr'><strong>Deo</strong></span> <span class='ocrx_word' id='word_1_540' title='bbox 1961 1827 2083 1892; x_wconf 87' lang='lat' dir='ltr'><strong>hostias</strong></span> <span class='ocrx_word' id='word_1_541' title='bbox 2111 1828 2190 1892; x_wconf 91' lang='lat' dir='ltr'><strong>offe·</strong></span> 
     </span>
     <span class='ocr_line' id='line_1_62' title="bbox 1216 1907 2189 1996; baseline 0.007 -26"><span class='ocrx_word' id='word_1_542' title='bbox 1216 1907 1322 1985; x_wconf 90' lang='lat' dir='ltr'><strong>rendi;</strong></span> <span class='ocrx_word' id='word_1_543' title='bbox 1350 1929 1529 1991; x_wconf 90' lang='lat' dir='ltr'><strong>manusque</strong></span> <span class='ocrx_word' id='word_1_544' title='bbox 1554 1909 1619 1974; x_wconf 92' lang='lat' dir='ltr'><strong>illis</strong></span> <span class='ocrx_word' id='word_1_545' title='bbox 1640 1912 1860 1995; x_wconf 80' lang='lat' dir='ltr'><strong>inunguntur,</strong></span> <span class='ocrx_word' id='word_1_546' title='bbox 1889 1934 1952 1995; x_wconf 94' lang='lat' dir='ltr'><strong>quo</strong></span> <span class='ocrx_word' id='word_1_547' title='bbox 1972 1912 2117 1996; x_wconf 82' lang='lat' dir='ltr'><strong>symbolo</strong></span> <span class='ocrx_word' id='word_1_548' title='bbox 2140 1915 2189 1977; x_wconf 93' lang='lat' dir='ltr'><strong>in·</strong></span> 
     </span>
     <span class='ocr_line' id='line_1_63' title="bbox 1216 1993 2189 2081; baseline 0.007 -25"><span class='ocrx_word' id='word_1_549' title='bbox 1216 1993 1407 2078; x_wconf 71' lang='lat' dir='ltr'><strong>telligunt’l)</strong></span> <span class='ocrx_word' id='word_1_550' title='bbox 1426 1993 1536 2058; x_wconf 87' lang='lat' dir='ltr'><strong>datam</strong></span> <span class='ocrx_word' id='word_1_551' title='bbox 1556 1996 1618 2060; x_wconf 89' lang='lat' dir='ltr'><strong>sibi</strong></span> <span class='ocrx_word' id='word_1_552' title='bbox 1635 2019 1705 2062; x_wconf 89' lang='lat' dir='ltr'><strong>esse</strong></span> <span class='ocrx_word' id='word_1_553' title='bbox 1723 1998 1933 2063; x_wconf 89' lang='lat' dir='ltr'><strong>consecrandi</strong></span> <span class='ocrx_word' id='word_1_554' title='bbox 1950 1998 2189 2081; x_wconf 80' lang='lat' dir='ltr'><strong>potestatem.⁴)</strong></span> 
     </span>
     <span class='ocr_line' id='line_1_64' title="bbox 1216 2078 2189 2167; baseline 0.006 -25"><span class='ocrx_word' id='word_1_555' title='bbox 1216 2078 1308 2143; x_wconf 80' lang='lat' dir='ltr'><strong>Adeo</strong></span> <span class='ocrx_word' id='word_1_556' title='bbox 1336 2079 1419 2143; x_wconf 89' lang='lat' dir='ltr'><strong>nihil</strong></span> <span class='ocrx_word' id='word_1_557' title='bbox 1445 2080 1564 2144; x_wconf 92' lang='lat' dir='ltr'><strong>horum</strong></span> <span class='ocrx_word' id='word_1_558' title='bbox 1591 2083 1731 2148; x_wconf 88' lang='lat' dir='ltr'><strong>averbo</strong></span> <span class='ocrx_word' id='word_1_559' title='bbox 1748 2085 1812 2148; x_wconf 89' lang='lat' dir='ltr'><strong>Dei</strong></span> <span class='ocrx_word' id='word_1_560' title='bbox 1839 2084 1961 2150; x_wconf 92' lang='lat' dir='ltr'><strong>habent</strong></span> <span class='ocrx_word' id='word_1_561' title='bbox 1987 2093 2025 2149; x_wconf 88' lang='lat' dir='ltr'><strong>nt</strong></span> <span class='ocrx_word' id='word_1_562' title='bbox 2046 2106 2111 2148; x_wconf 93' lang='lat' dir='ltr'><strong>non</strong></span> <span class='ocrx_word' id='word_1_563' title='bbox 2132 2106 2189 2167; x_wconf 92' lang='lat' dir='ltr'><strong>po-</strong></span> 
     </span>
     <span class='ocr_line' id='line_1_65' title="bbox 1216 2164 2189 2253; baseline 0.007 -25"><span class='ocrx_word' id='word_1_564' title='bbox 1216 2165 1339 2228; x_wconf 89' lang='lat' dir='ltr'><strong>tuerint</strong></span> <span class='ocrx_word' id='word_1_565' title='bbox 1366 2164 1544 2248; x_wconf 90' lang='lat' dir='ltr'><strong>improbius</strong></span> <span class='ocrx_word' id='word_1_566' title='bbox 1571 2166 1718 2232; x_wconf 88' lang='lat' dir='ltr'><strong>ordinem</strong></span> <span class='ocrx_word' id='word_1_567' title='bbox 1747 2189 1766 2232; x_wconf 90' lang='lat' dir='ltr'><strong>a</strong></span> <span class='ocrx_word' id='word_1_568' title='bbox 1788 2169 1860 2234; x_wconf 90' lang='lat' dir='ltr'><strong>Deo</strong></span> <span class='ocrx_word' id='word_1_569' title='bbox 1887 2171 2029 2252; x_wconf 91' lang='lat' dir='ltr'><strong>positum</strong></span> <span class='ocrx_word' id='word_1_570' title='bbox 2057 2192 2189 2253; x_wconf 86' lang='lat' dir='ltr'><strong>perver-</strong></span> 
     </span>
     <span class='ocr_line' id='line_1_66' title="bbox 1215 2250 2188 2337; baseline 0.005 -23"><span class='ocrx_word' id='word_1_571' title='bbox 1215 2257 1293 2314; x_wconf 90' lang='lat' dir='ltr'><strong>tere.</strong></span> <span class='ocrx_word' id='word_1_572' title='bbox 1338 2251 1504 2334; x_wconf 89' lang='lat' dir='ltr'><strong>Prineipio</strong></span> <span class='ocrx_word' id='word_1_573' title='bbox 1543 2250 1674 2334; x_wconf 91' lang='lat' dir='ltr'><strong>quidem</strong></span> <span class='ocrx_word' id='word_1_574' title='bbox 1710 2276 1769 2337; x_wconf 90' lang='lat' dir='ltr'><strong>pro</strong></span> <span class='ocrx_word' id='word_1_575' title='bbox 1802 2256 1947 2321; x_wconf 90' lang='lat' dir='ltr'><strong>confesso</strong></span> <span class='ocrx_word' id='word_1_576' title='bbox 1980 2278 2051 2321; x_wconf 92' lang='lat' dir='ltr'><strong>esse</strong></span> <span class='ocrx_word' id='word_1_577' title='bbox 2083 2255 2188 2334; x_wconf 90' lang='lat' dir='ltr'><strong>debet,</strong></span> 
     </span>
     <span class='ocr_line' id='line_1_67' title="bbox 1214 2335 2190 2425; baseline 0.008 -26"><span class='ocrx_word' id='word_1_578' title='bbox 1214 2335 1300 2422; x_wconf 91' lang='lat' dir='ltr'><strong>quod</strong></span> <span class='ocrx_word' id='word_1_579' title='bbox 1320 2335 1527 2419; x_wconf 88' lang='lat' dir='ltr'><strong>praecedenti</strong></span> <span class='ocrx_word' id='word_1_580' title='bbox 1548 2336 1766 2419; x_wconf 89' lang='lat' dir='ltr'><strong>disputatione</strong></span> <span class='ocrx_word' id='word_1_581' title='bbox 1776 2338 1804 2425; x_wconf 66' lang='grc' dir='ltr'><strong>ι1)</strong></span> <span class='ocrx_word' id='word_1_582' title='bbox 1824 2343 2032 2419; x_wconf 88' lang='lat' dir='ltr'><strong>asseruimus,</strong></span> <span class='ocrx_word' id='word_1_583' title='bbox 2054 2343 2190 2407; x_wconf 86' lang='lat' dir='ltr'><strong>iniurias</strong></span> 
     </span>
     <span class='ocr_line' id='line_1_68' title="bbox 1215 2421 2189 2509; baseline 0.006 -23"><span class='ocrx_word' id='word_1_584' title='bbox 1215 2442 1328 2486; x_wconf 90' lang='lat' dir='ltr'><strong>omnes</strong></span> <span class='ocrx_word' id='word_1_585' title='bbox 1348 2443 1419 2486; x_wconf 90' lang='lat' dir='ltr'><strong>esse</strong></span> <span class='ocrx_word' id='word_1_586' title='bbox 1441 2421 1589 2501; x_wconf 81' lang='lat' dir='ltr'><strong>Christo,</strong></span> <span class='ocrx_word' id='word_1_587' title='bbox 1616 2426 1671 2506; x_wconf 92' lang='lat' dir='ltr'><strong>qui</strong></span> <span class='ocrx_word' id='word_1_588' title='bbox 1693 2447 1727 2489; x_wconf 91' lang='lat' dir='ltr'><strong>se</strong></span> <span class='ocrx_word' id='word_1_589' title='bbox 1749 2427 1931 2491; x_wconf 89' lang='lat' dir='ltr'><strong>sacerdotes</strong></span> <span class='ocrx_word' id='word_1_590' title='bbox 1953 2428 2119 2509; x_wconf 88' lang='lat' dir='ltr'><strong>appellant</strong></span> <span class='ocrx_word' id='word_1_591' title='bbox 2147 2427 2189 2492; x_wconf 89' lang='lat' dir='ltr'><strong>ad</strong></span> 
     </span>
     <span class='ocr_line' id='line_1_69' title="bbox 1215 2506 2189 2589; baseline 0.006 -19"><span class='ocrx_word' id='word_1_592' title='bbox 1215 2506 1416 2572; x_wconf 89' lang='lat' dir='ltr'><strong>offerendam</strong></span> <span class='ocrx_word' id='word_1_593' title='bbox 1442 2507 1633 2589; x_wconf 87' lang='lat' dir='ltr'><strong>placationis</strong></span> <span class='ocrx_word' id='word_1_594' title='bbox 1655 2510 1804 2575; x_wconf 90' lang='lat' dir='ltr'><strong>hostiam.</strong></span> <span class='ocrx_word' id='word_1_595' title='bbox 1850 2512 2059 2578; x_wconf 80' lang='lat' dir='ltr'><strong>Constitutus</strong></span> <span class='ocrx_word' id='word_1_596' title='bbox 2079 2514 2134 2578; x_wconf 92' lang='lat' dir='ltr'><strong>ille</strong></span> <span class='ocrx_word' id='word_1_597' title='bbox 2156 2522 2189 2578; x_wconf 92' lang='lat' dir='ltr'><strong>et</strong></span> 
     </span>
     <span class='ocr_line' id='line_1_70' title="bbox 1215 2596 2188 2677; baseline 0.006 -20"><span class='ocrx_word' id='word_1_598' title='bbox 1215 2601 1423 2658; x_wconf 88' lang='lat' dir='ltr'><strong>consecratus</strong></span> <span class='ocrx_word' id='word_1_599' title='bbox 1451 2615 1471 2658; x_wconf 90' lang='lat' dir='ltr'><strong>a</strong></span> <span class='ocrx_word' id='word_1_600' title='bbox 1497 2603 1591 2675; x_wconf 85' lang='lat' dir='ltr'><strong>patre</strong></span> <span class='ocrx_word' id='word_1_601' title='bbox 1618 2596 1767 2661; x_wconf 87' lang='lat' dir='ltr'><strong>sacerdos</strong></span> <span class='ocrx_word' id='word_1_602' title='bbox 1791 2620 1867 2663; x_wconf 90' lang='lat' dir='ltr'><strong>cum</strong></span> <span class='ocrx_word' id='word_1_603' title='bbox 1888 2599 2099 2662; x_wconf 89' lang='lat' dir='ltr'><strong>iureiurando</strong></span> <span class='ocrx_word' id='word_1_604' title='bbox 2118 2601 2188 2677; x_wconf 83' lang='lat' dir='ltr'><strong>fuit,</strong></span> 
     </span>
     <span class='ocr_line' id='line_1_71' title="bbox 1215 2677 2188 2760; baseline 0.005 -17"><span class='ocrx_word' id='word_1_605' title='bbox 1215 2677 1394 2743; x_wconf 87' lang='lat' dir='ltr'><strong>secundum</strong></span> <span class='ocrx_word' id='word_1_606' title='bbox 1426 2678 1573 2743; x_wconf 87' lang='lat' dir='ltr'><strong>ordinem</strong></span> <span class='ocrx_word' id='word_1_607' title='bbox 1600 2681 1832 2760; x_wconf 86' lang='lat' dir='ltr'><strong>Melchisedec,</strong></span> <span class='ocrx_word' id='word_1_608' title='bbox 1865 2683 1955 2748; x_wconf 90' lang='lat' dir='ltr'><strong>nullo</strong></span> <span class='ocrx_word' id='word_1_609' title='bbox 1982 2685 2065 2760; x_wconf 92' lang='lat' dir='ltr'><strong>fine,</strong></span> <span class='ocrx_word' id='word_1_610' title='bbox 2099 2685 2188 2748; x_wconf 89' lang='lat' dir='ltr'><strong>nullo</strong></span> 
     </span>
     <span class='ocr_line' id='line_1_72' title="bbox 1214 2765 2188 2853; baseline 0.006 -25"><span class='ocrx_word' id='word_1_611' title='bbox 1214 2784 1399 2829; x_wconf 86' lang='lat' dir='ltr'><strong>successore</strong></span> <span class='ocrx_word' id='word_1_612' title='bbox 1428 2765 1530 2849; x_wconf 88' lang='lat' dir='ltr'><strong>(Psal.</strong></span> <span class='ocrx_word' id='word_1_613' title='bbox 1554 2770 1627 2845; x_wconf 87' lang='lat'><strong>110,</strong></span> <span class='ocrx_word' id='word_1_614' title='bbox 1653 2774 1682 2831; x_wconf 84' lang='lat'><strong>4.</strong></span> <span class='ocrx_word' id='word_1_615' title='bbox 1720 2768 1821 2833; x_wconf 92' lang='lat' dir='ltr'><strong>Hebr.</strong></span> <span class='ocrx_word' id='word_1_616' title='bbox 1844 2775 1872 2846; x_wconf 78' lang='lat'><strong>5,</strong></span> <span class='ocrx_word' id='word_1_617' title='bbox 1893 2776 1910 2832; x_wconf 86' lang='grc'>6</span> <span class='ocrx_word' id='word_1_618' title='bbox 1932 2774 2011 2847; x_wconf 85' lang='grc'><strong>117,</strong></span> <span class='ocrx_word' id='word_1_619' title='bbox 2032 2769 2074 2853; x_wconf 87' lang='grc'><strong>3).</strong></span> <span class='ocrx_word' id='word_1_620' title='bbox 2118 2770 2188 2834; x_wconf 88' lang='lat' dir='ltr'><strong>Ho-</strong></span> 
     </span>
     <span class='ocr_line' id='line_1_73' title="bbox 1215 2850 2188 2936; baseline 0.005 -22"><span class='ocrx_word' id='word_1_621' title='bbox 1215 2850 1312 2914; x_wconf 90' lang='lat' dir='ltr'><strong>stiam</strong></span> <span class='ocrx_word' id='word_1_622' title='bbox 1340 2851 1441 2924; x_wconf 88' lang='lat' dir='ltr'><strong>semel</strong></span> <span class='ocrx_word' id='word_1_623' title='bbox 1470 2851 1587 2916; x_wconf 87' lang='lat' dir='ltr'><strong>obtulit</strong></span> <span class='ocrx_word' id='word_1_624' title='bbox 1614 2861 1765 2918; x_wconf 89' lang='lat' dir='ltr'><strong>aeternae</strong></span> <span class='ocrx_word' id='word_1_625' title='bbox 1793 2856 1988 2936; x_wconf 82' lang='lat' dir='ltr'><strong>expiationis</strong></span> <span class='ocrx_word' id='word_1_626' title='bbox 2017 2864 2049 2919; x_wconf 92' lang='lat' dir='ltr'><strong>et</strong></span> <span class='ocrx_word' id='word_1_627' title='bbox 2076 2876 2188 2919; x_wconf 91' lang='lat' dir='ltr'><strong>recon-</strong></span> 
     </span>
     <span class='ocr_line' id='line_1_74' title="bbox 1215 2935 2188 3025; baseline 0.007 -26"><span class='ocrx_word' id='word_1_628' title='bbox 1215 2935 1403 3014; x_wconf 82' lang='lat' dir='ltr'><strong>ciliationis3</strong></span> <span class='ocrx_word' id='word_1_629' title='bbox 1429 2958 1517 3002; x_wconf 91' lang='lat' dir='ltr'><strong>nune</strong></span> <span class='ocrx_word' id='word_1_630' title='bbox 1544 2938 1643 3003; x_wconf 88' lang='lat' dir='ltr'><strong>etiarn</strong></span> <span class='ocrx_word' id='word_1_631' title='bbox 1671 2941 1893 3005; x_wconf 83' lang='lat' dir='ltr'><strong>sanctuarium</strong></span> <span class='ocrx_word' id='word_1_632' title='bbox 1919 2941 1999 3006; x_wconf 92' lang='lat' dir='ltr'><strong>coeli</strong></span> <span class='ocrx_word' id='word_1_633' title='bbox 2021 2942 2188 3025; x_wconf 86' lang='lat' dir='ltr'><strong>ingressus</strong></span> 
     </span>
     <span class='ocr_line' id='line_1_75' title="bbox 1214 3021 2189 3109; baseline 0.006 -25"><span class='ocrx_word' id='word_1_634' title='bbox 1214 3021 1387 3085; x_wconf 87' lang='lat' dir='ltr'><strong>intercedit</strong></span> <span class='ocrx_word' id='word_1_635' title='bbox 1412 3043 1472 3104; x_wconf 92' lang='lat' dir='ltr'><strong>pro</strong></span> <span class='ocrx_word' id='word_1_636' title='bbox 1498 3023 1599 3088; x_wconf 90' lang='lat' dir='ltr'><strong>nobis.</strong></span> <span class='ocrx_word' id='word_1_637' title='bbox 1644 3023 1683 3087; x_wconf 94' lang='lat' dir='ltr'><strong>In</strong></span> <span class='ocrx_word' id='word_1_638' title='bbox 1709 3026 1780 3109; x_wconf 91' lang='lat' dir='ltr'><strong>ipso</strong></span> <span class='ocrx_word' id='word_1_639' title='bbox 1808 3047 1920 3092; x_wconf 88' lang='lat' dir='ltr'><strong>omnes</strong></span> <span class='ocrx_word' id='word_1_640' title='bbox 1947 3048 2060 3091; x_wconf 89' lang='lat' dir='ltr'><strong>sumus</strong></span> <span class='ocrx_word' id='word_1_641' title='bbox 2082 3047 2189 3091; x_wconf 86' lang='lat' dir='ltr'><strong>saeer-</strong></span> 
     </span>
     <span class='ocr_line' id='line_1_76' title="bbox 1215 3106 2188 3194; baseline 0.008 -25"><span class='ocrx_word' id='word_1_642' title='bbox 1215 3106 1321 3184; x_wconf 88' lang='lat' dir='ltr'><strong>dotes,</strong></span> <span class='ocrx_word' id='word_1_643' title='bbox 1346 3106 1404 3172; x_wconf 92' lang='lat' dir='ltr'><strong>sed</strong></span> <span class='ocrx_word' id='word_1_644' title='bbox 1425 3106 1467 3171; x_wconf 87' lang='lat' dir='ltr'><strong>ad</strong></span> <span class='ocrx_word' id='word_1_645' title='bbox 1488 3107 1603 3173; x_wconf 90' lang='lat' dir='ltr'><strong>laudes</strong></span> <span class='ocrx_word' id='word_1_646' title='bbox 1624 3119 1658 3174; x_wconf 93' lang='lat' dir='ltr'><strong>et</strong></span> <span class='ocrx_word' id='word_1_647' title='bbox 1679 3113 1860 3194; x_wconf 82' lang='lat' dir='ltr'><strong>gratiarum</strong></span> <span class='ocrx_word' id='word_1_648' title='bbox 1881 3114 2037 3191; x_wconf 85' lang='lat' dir='ltr'><strong>actiones,</strong></span> <span class='ocrx_word' id='word_1_649' title='bbox 2066 3113 2107 3177; x_wconf 91' lang='lat' dir='ltr'><strong>ad</strong></span> <span class='ocrx_word' id='word_1_650' title='bbox 2129 3133 2188 3177; x_wconf 87' lang='lat' dir='ltr'><strong>nos</strong></span> 
     </span>
     <span class='ocr_line' id='line_1_77' title="bbox 1215 3191 2188 3282; baseline 0.008 -27"><span class='ocrx_word' id='word_1_651' title='bbox 1215 3191 1354 3273; x_wconf 92' lang='lat' dir='ltr'><strong>denique</strong></span> <span class='ocrx_word' id='word_1_652' title='bbox 1375 3201 1549 3275; x_wconf 88' lang='lat' dir='ltr'><strong>nostraque</strong></span> <span class='ocrx_word' id='word_1_653' title='bbox 1566 3195 1638 3260; x_wconf 94' lang='lat' dir='ltr'><strong>Deo</strong></span> <span class='ocrx_word' id='word_1_654' title='bbox 1660 3197 1834 3262; x_wconf 88' lang='lat' dir='ltr'><strong>offerenda.</strong></span> <span class='ocrx_word' id='word_1_655' title='bbox 1870 3198 1925 3262; x_wconf 94' lang='lat' dir='ltr'><strong>Illi</strong></span> <span class='ocrx_word' id='word_1_656' title='bbox 1946 3200 2004 3262; x_wconf 90' lang='lat' dir='ltr'><strong>uni</strong></span> <span class='ocrx_word' id='word_1_657' title='bbox 2023 3198 2188 3282; x_wconf 76' lang='lat' dir='ltr'><strong>singulare</strong></span> 
     </span>
     <span class='ocr_line' id='line_1_78' title="bbox 1214 3277 2186 3367; baseline 0.006 -25"><span class='ocrx_word' id='word_1_658' title='bbox 1214 3277 1284 3355; x_wconf 81' lang='lat' dir='ltr'><strong>fuit,</strong></span> <span class='ocrx_word' id='word_1_659' title='bbox 1308 3299 1367 3342; x_wconf 88' lang='lat' dir='ltr'><strong>sua</strong></span> <span class='ocrx_word' id='word_1_660' title='bbox 1388 3278 1549 3344; x_wconf 89' lang='lat' dir='ltr'><strong>oblatione</strong></span> <span class='ocrx_word' id='word_1_661' title='bbox 1565 3281 1676 3345; x_wconf 91' lang='lat' dir='ltr'><strong>Deum</strong></span> <span class='ocrx_word' id='word_1_662' title='bbox 1696 3283 1826 3366; x_wconf 90' lang='lat' dir='ltr'><strong>placare</strong></span> <span class='ocrx_word' id='word_1_663' title='bbox 1847 3293 1881 3349; x_wconf 93' lang='lat' dir='ltr'><strong>et</strong></span> <span class='ocrx_word' id='word_1_664' title='bbox 1896 3292 2030 3367; x_wconf 90' lang='lat' dir='ltr'><strong>peccata</strong></span> <span class='ocrx_word' id='word_1_665' title='bbox 2046 3285 2186 3366; x_wconf 86' lang='lat' dir='ltr'><strong>expiare.</strong></span> 
     </span>
     <span class='ocr_line' id='line_1_79' title="bbox 1215 3363 2188 3462; baseline 0.007 -36"><span class='ocrx_word' id='word_1_666' title='bbox 1215 3363 1257 3427; x_wconf 82' lang='lat' dir='ltr'><strong>Iit</strong></span> <span class='ocrx_word' id='word_1_667' title='bbox 1274 3384 1370 3462; x_wconf 79' lang='lat' dir='ltr'><strong>quum</strong></span> <span class='ocrx_word' id='word_1_668' title='bbox 1385 3364 1446 3428; x_wconf 85' lang='lat' dir='ltr'><strong>sibi</strong></span> <span class='ocrx_word' id='word_1_669' title='bbox 1464 3366 1519 3430; x_wconf 86' lang='lat' dir='ltr'><strong>isti</strong></span> <span class='ocrx_word' id='word_1_670' title='bbox 1535 3374 1696 3450; x_wconf 84' lang='lat' dir='ltr'><strong>usurpent,</strong></span> <span class='ocrx_word' id='word_1_671' title='bbox 1718 3369 1796 3451; x_wconf 93' lang='lat' dir='ltr'><strong>quid</strong></span> <span class='ocrx_word' id='word_1_672' title='bbox 1814 3377 1970 3452; x_wconf 89' lang='lat' dir='ltr'><strong>superest,</strong></span> <span class='ocrx_word' id='word_1_673' title='bbox 1994 3371 2057 3434; x_wconf 90' lang='lat' dir='ltr'><strong>nisi</strong></span> <span class='ocrx_word' id='word_1_674' title='bbox 2076 3390 2188 3435; x_wconf 90' lang='lat' dir='ltr'><strong>eorum</strong></span> 
     </span>
     <span class='ocr_line' id='line_1_80' title="bbox 1214 3449 2188 3546; baseline 0.007 -35"><span class='ocrx_word' id='word_1_675' title='bbox 1214 3449 1431 3546; x_wconf 79' lang='lat' dir='ltr'><strong>sacerdotium</strong></span> <span class='ocrx_word' id='word_1_676' title='bbox 1458 3451 1597 3534; x_wconf 91' lang='lat' dir='ltr'><strong>impium</strong></span> <span class='ocrx_word' id='word_1_677' title='bbox 1625 3474 1696 3519; x_wconf 90' lang='lat' dir='ltr'><strong>esse</strong></span> <span class='ocrx_word' id='word_1_678' title='bbox 1718 3455 1947 3538; x_wconf 83' lang='lat' dir='ltr'><strong>sacrilegium?</strong></span> <span class='ocrx_word' id='word_1_679' title='bbox 1960 3457 1987 3540; x_wconf 79' lang='lat'><strong>⁶)</strong></span> <span class='ocrx_word' id='word_1_680' title='bbox 2034 3455 2119 3520; x_wconf 79' lang='lat' dir='ltr'><strong>Certe</strong></span> <span class='ocrx_word' id='word_1_681' title='bbox 2139 3456 2188 3518; x_wconf 84' lang='lat' dir='ltr'><strong>ni·</strong></span> 
     </span>
     <span class='ocr_line' id='line_1_81' title="bbox 1213 3536 2188 3684; baseline 0.005 -85"><span class='ocrx_word' id='word_1_682' title='bbox 1213 3536 1440 3684; x_wconf 48' lang='lat' dir='ltr'><strong>militellum</strong></span> <span class='ocrx_word' id='word_1_683' title='bbox 1471 3543 1545 3601; x_wconf 86' lang='lat' dir='ltr'><strong>sunt</strong></span> <span class='ocrx_word' id='word_1_684' title='bbox 1584 3539 1660 3603; x_wconf 81' lang='lat' dir='ltr'><strong>dmn</strong></span> <span class='ocrx_word' id='word_1_685' title='bbox 1692 3543 1880 3606; x_wconf 82' lang='lat' dir='ltr'><strong>sacramenti</strong></span> <span class='ocrx_word' id='word_1_686' title='bbox 1912 3542 2002 3606; x_wconf 87' lang='lat' dir='ltr'><strong>tituto</strong></span> <span class='ocrx_word' id='word_1_687' title='bbox 2033 3542 2188 3623; x_wconf 83' lang='lat' dir='ltr'><strong>insiqnire</strong></span> 
     </span>
     <span class='ocr_line' id='line_1_82' title="bbox 1214 3642 1336 3684; baseline -0.008 0"><span class='ocrx_word' id='word_1_688' title='bbox 1214 3642 1235 3684; x_wconf 91' lang='lat' dir='ltr'><strong>a</strong></span> <span class='ocrx_word' id='word_1_689' title='bbox 1329 3670 1336 3683; x_wconf 89' lang='lat'><strong>.</strong></span> 
     </span>
    </p>

    <p class='ocr_par' dir='ltr' id='par_1_10' title="bbox 1210 3707 2189 4734">
     <span class='ocr_line' id='line_1_83' title="bbox 1301 3707 2188 3794; baseline 0.009 -26"><span class='ocrx_word' id='word_1_690' title='bbox 1301 3709 1351 3769; x_wconf 88' lang='lat'><strong>30.</strong></span> <span class='ocrx_word' id='word_1_691' title='bbox 1400 3707 1556 3787; x_wconf 73' lang='lat' dir='ltr'><strong>Quantum</strong></span> <span class='ocrx_word' id='word_1_692' title='bbox 1582 3711 1752 3774; x_wconf 76' lang='grc'><strong>1111111111</strong></span> <span class='ocrx_word' id='word_1_693' title='bbox 1768 3712 1953 3794; x_wconf 78' lang='lat' dir='ltr'><strong>presbyterii</strong></span> <span class='ocrx_word' id='word_1_694' title='bbox 1981 3733 2096 3777; x_wconf 88' lang='lat' dir='ltr'><strong>munus</strong></span> <span class='ocrx_word' id='word_1_695' title='bbox 2117 3713 2188 3776; x_wconf 85' lang='lat' dir='ltr'><strong>atti-</strong></span> 
     </span>
     <span class='ocr_line' id='line_1_84' title="bbox 1214 3791 2189 3876; baseline 0.008 -22"><span class='ocrx_word' id='word_1_696' title='bbox 1214 3796 1278 3870; x_wconf 85' lang='lat' dir='ltr'><strong>net,</strong></span> <span class='ocrx_word' id='word_1_697' title='bbox 1306 3792 1387 3872; x_wconf 85' lang='lat' dir='ltr'><strong>quod</strong></span> <span class='ocrx_word' id='word_1_698' title='bbox 1408 3813 1458 3857; x_wconf 90' lang='lat' dir='ltr'><strong>ore</strong></span> <span class='ocrx_word' id='word_1_699' title='bbox 1481 3791 1707 3861; x_wconf 75' lang='lat' dir='ltr'><strong>Christicolis</strong></span> <span class='ocrx_word' id='word_1_700' title='bbox 1728 3803 1773 3862; x_wconf 81' lang='lat' dir='ltr'><strong>est</strong></span> <span class='ocrx_word' id='word_1_701' title='bbox 1793 3799 2041 3876; x_wconf 79' lang='lat' dir='ltr'><strong>commendatum,</strong></span> <span class='ocrx_word' id='word_1_702' title='bbox 2063 3797 2189 3862; x_wconf 85' lang='lat' dir='ltr'><strong>libenter</strong></span> 
     </span>
     <span class='ocr_line' id='line_1_85' title="bbox 1214 3877 2188 3964; baseline 0.009 -25"><span class='ocrx_word' id='word_1_703' title='bbox 1214 3897 1246 3940; x_wconf 91' lang='lat' dir='ltr'><strong>eo</strong></span> <span class='ocrx_word' id='word_1_704' title='bbox 1267 3877 1329 3940; x_wconf 84' lang='lat' dir='ltr'><strong>loeo</strong></span> <span class='ocrx_word' id='word_1_705' title='bbox 1349 3877 1449 3941; x_wconf 82' lang='lat' dir='ltr'><strong>habea</strong></span> <span class='ocrx_word' id='word_1_706' title='bbox 1494 3878 1572 3945; x_wconf 86' lang='lat' dir='ltr'><strong>Ittie</strong></span> <span class='ocrx_word' id='word_1_707' title='bbox 1592 3883 1676 3945; x_wconf 87' lang='lat' dir='ltr'><strong>enim</strong></span> <span class='ocrx_word' id='word_1_708' title='bbox 1696 3885 1888 3947; x_wconf 77' lang='lat' dir='ltr'><strong>cauemonia</strong></span> <span class='ocrx_word' id='word_1_709' title='bbox 1909 3890 1966 3961; x_wconf 83' lang='lat' dir='ltr'><strong>cst,</strong></span> <span class='ocrx_word' id='word_1_710' title='bbox 1986 3886 2130 3964; x_wconf 86' lang='lat' dir='ltr'><strong>prinmm</strong></span> <span class='ocrx_word' id='word_1_711' title='bbox 2150 3904 2188 3948; x_wconf 80' lang='lat' dir='ltr'><strong>en</strong></span> 
     </span>
     <span class='ocr_line' id='line_1_86' title="bbox 1213 3963 2187 4049; baseline 0.007 -24"><span class='ocrx_word' id='word_1_712' title='bbox 1213 3963 1381 4044; x_wconf 85' lang='lat' dir='ltr'><strong>seripturis</strong></span> <span class='ocrx_word' id='word_1_713' title='bbox 1401 3970 1538 4045; x_wconf 75' lang='lat' dir='ltr'><strong>sempter,</strong></span> <span class='ocrx_word' id='word_1_714' title='bbox 1567 3967 1677 4037; x_wconf 72' lang='lat' dir='ltr'><strong>danae</strong></span> <span class='ocrx_word' id='word_1_715' title='bbox 1704 3989 1799 4049; x_wconf 91' lang='lat' dir='ltr'><strong>quom</strong></span> <span class='ocrx_word' id='word_1_716' title='bbox 1820 3990 1880 4033; x_wconf 89' lang='lat' dir='ltr'><strong>non</strong></span> <span class='ocrx_word' id='word_1_717' title='bbox 1902 3990 1966 4034; x_wconf 91' lang='lat' dir='ltr'><strong>esse</strong></span> <span class='ocrx_word' id='word_1_718' title='bbox 1987 3973 2113 4034; x_wconf 73' lang='lat' dir='ltr'><strong>inarum</strong></span> <span class='ocrx_word' id='word_1_719' title='bbox 2134 3989 2187 4032; x_wconf 87' lang='lat' dir='ltr'><strong>nee</strong></span> 
     </span>
     <span class='ocr_line' id='line_1_87' title="bbox 1213 4052 2186 4138; baseline 0.005 -26"><span class='ocrx_word' id='word_1_720' title='bbox 1213 4068 1453 4129; x_wconf 76' lang='lat' dir='ltr'><strong>superacutum,</strong></span> <span class='ocrx_word' id='word_1_721' title='bbox 1482 4052 1536 4115; x_wconf 83' lang='lat' dir='ltr'><strong>sed</strong></span> <span class='ocrx_word' id='word_1_722' title='bbox 1555 4052 1645 4131; x_wconf 75' lang='grc'><strong>111111</strong></span> <span class='ocrx_word' id='word_1_723' title='bbox 1665 4055 1844 4134; x_wconf 76' lang='lat' dir='ltr'><strong>spiritualis</strong></span> <span class='ocrx_word' id='word_1_724' title='bbox 1866 4057 1988 4137; x_wconf 84' lang='lat' dir='ltr'><strong>qratiae</strong></span> <span class='ocrx_word' id='word_1_725' title='bbox 2009 4055 2186 4138; x_wconf 76' lang='lat' dir='ltr'><strong>symbolum,</strong></span> 
     </span>
     <span class='ocr_line' id='line_1_88' title="bbox 1213 4134 2186 4230; baseline 0.005 -33"><span class='ocrx_word' id='word_1_726' title='bbox 1213 4138 1342 4230; x_wconf 78' lang='lat' dir='ltr'><strong>testatior</strong></span> <span class='ocrx_word' id='word_1_727' title='bbox 1366 4134 1492 4200; x_wconf 87' lang='lat' dir='ltr'><strong>Paulus</strong></span> <span class='ocrx_word' id='word_1_728' title='bbox 1514 4137 1545 4220; x_wconf 87' lang='lat'><strong>(1</strong></span> <span class='ocrx_word' id='word_1_729' title='bbox 1563 4138 1645 4202; x_wconf 79' lang='lat' dir='ltr'><strong>Tim.</strong></span> <span class='ocrx_word' id='word_1_730' title='bbox 1665 4145 1694 4216; x_wconf 87' lang='grc'><strong>4,</strong></span> <span class='ocrx_word' id='word_1_731' title='bbox 1719 4139 1780 4224; x_wconf 86' lang='grc'><strong>14).</strong></span> <span class='ocrx_word' id='word_1_732' title='bbox 1829 4142 1915 4222; x_wconf 66' lang='lat' dir='ltr'><strong>Quod</strong></span> <span class='ocrx_word' id='word_1_733' title='bbox 1937 4147 2040 4205; x_wconf 71' lang='lat' dir='ltr'><strong>auum</strong></span> <span class='ocrx_word' id='word_1_734' title='bbox 2062 4142 2186 4205; x_wconf 82' lang='lat' dir='ltr'><strong>tertium</strong></span> 
     </span>
     <span class='ocr_line' id='line_1_89' title="bbox 1211 4225 2186 4317; baseline 0.007 -36"><span class='ocrx_word' id='word_1_735' title='bbox 1211 4241 1246 4282; x_wconf 78' lang='lat' dir='ltr'><strong>en</strong></span> <span class='ocrx_word' id='word_1_736' title='bbox 1267 4240 1393 4317; x_wconf 81' lang='lat' dir='ltr'><strong>numero</strong></span> <span class='ocrx_word' id='word_1_737' title='bbox 1416 4241 1477 4285; x_wconf 26' lang='lat' dir='ltr'><strong>non*</strong></span> <span class='ocrx_word' id='word_1_738' title='bbox 1491 4225 1605 4303; x_wconf 89' lang='lat' dir='ltr'><strong>posui,</strong></span> <span class='ocrx_word' id='word_1_739' title='bbox 1629 4225 1877 4305; x_wconf 68' lang='grc'><strong>1111111111,</strong></span> <span class='ocrx_word' id='word_1_740' title='bbox 1907 4229 1988 4307; x_wconf 83' lang='lat' dir='ltr'><strong>quod</strong></span> <span class='ocrx_word' id='word_1_741' title='bbox 2015 4248 2075 4291; x_wconf 80' lang='grc'><strong>11111</strong></span> <span class='ocrx_word' id='word_1_742' title='bbox 2104 4226 2186 4290; x_wconf 84' lang='lat' dir='ltr'><strong>ordi-</strong></span> 
     </span>
     <span class='ocr_line' id='line_1_90' title="bbox 1212 4311 2186 4392; baseline 0.006 -24"><span class='ocrx_word' id='word_1_743' title='bbox 1212 4326 1355 4383; x_wconf 83' lang='lat' dir='ltr'><strong>nanum,</strong></span> <span class='ocrx_word' id='word_1_744' title='bbox 1385 4326 1438 4370; x_wconf 89' lang='lat' dir='ltr'><strong>nec</strong></span> <span class='ocrx_word' id='word_1_745' title='bbox 1457 4327 1612 4373; x_wconf 88' lang='lat' dir='ltr'><strong>commune</strong></span> <span class='ocrx_word' id='word_1_746' title='bbox 1632 4315 1676 4374; x_wconf 82' lang='lat' dir='ltr'><strong>est</strong></span> <span class='ocrx_word' id='word_1_747' title='bbox 1696 4312 1782 4392; x_wconf 72' lang='lat' dir='ltr'><strong>apici</strong></span> <span class='ocrx_word' id='word_1_748' title='bbox 1803 4333 1905 4377; x_wconf 83' lang='lat' dir='ltr'><strong>omnes</strong></span> <span class='ocrx_word' id='word_1_749' title='bbox 1924 4313 2045 4392; x_wconf 71' lang='grc'><strong>1111111,</strong></span> <span class='ocrx_word' id='word_1_750' title='bbox 2070 4312 2123 4375; x_wconf 84' lang='lat' dir='ltr'><strong>sed</strong></span> <span class='ocrx_word' id='word_1_751' title='bbox 2143 4311 2186 4375; x_wconf 79' lang='lat' dir='ltr'><strong>ud</strong></span> 
     </span>
     <span class='ocr_line' id='line_1_91' title="bbox 1212 4392 2186 4477; baseline 0.008 -25"><span class='ocrx_word' id='word_1_752' title='bbox 1212 4395 1324 4454; x_wconf 85' lang='lat' dir='ltr'><strong>certam</strong></span> <span class='ocrx_word' id='word_1_753' title='bbox 1350 4392 1536 4471; x_wconf 60' lang='lat' dir='ltr'><strong>tunsionem</strong></span> <span class='ocrx_word' id='word_1_754' title='bbox 1563 4395 1709 4476; x_wconf 79' lang='lat' dir='ltr'><strong>specialis</strong></span> <span class='ocrx_word' id='word_1_755' title='bbox 1735 4398 1825 4462; x_wconf 85' lang='lat' dir='ltr'><strong>ritus.</strong></span> <span class='ocrx_word' id='word_1_756' title='bbox 1877 4398 1990 4462; x_wconf 80' lang='lat' dir='ltr'><strong>Verum</strong></span> <span class='ocrx_word' id='word_1_757' title='bbox 2018 4417 2114 4477; x_wconf 84' lang='lat' dir='ltr'><strong>quum</strong></span> <span class='ocrx_word' id='word_1_758' title='bbox 2136 4395 2186 4460; x_wconf 83' lang='lat' dir='ltr'><strong>bie</strong></span> 
     </span>
     <span class='ocr_line' id='line_1_92' title="bbox 1212 4475 2186 4563; baseline 0.007 -24"><span class='ocrx_word' id='word_1_759' title='bbox 1212 4475 1307 4540; x_wconf 86' lang='lat' dir='ltr'><strong>lionor</strong></span> <span class='ocrx_word' id='word_1_760' title='bbox 1327 4475 1495 4541; x_wconf 79' lang='lat' dir='ltr'><strong>cliristiarm</strong></span> <span class='ocrx_word' id='word_1_761' title='bbox 1516 4480 1689 4546; x_wconf 85' lang='lat' dir='ltr'><strong>ministerio</strong></span> <span class='ocrx_word' id='word_1_762' title='bbox 1706 4484 1861 4561; x_wconf 81' lang='lat' dir='ltr'><strong>tribuitur,</strong></span> <span class='ocrx_word' id='word_1_763' title='bbox 1883 4505 1944 4547; x_wconf 91' lang='lat' dir='ltr'><strong>non</strong></span> <span class='ocrx_word' id='word_1_764' title='bbox 1965 4488 2009 4546; x_wconf 87' lang='lat' dir='ltr'><strong>est</strong></span> <span class='ocrx_word' id='word_1_765' title='bbox 2023 4487 2186 4563; x_wconf 77' lang='lat' dir='ltr'><strong>proptema</strong></span> 
     </span>
     <span class='ocr_line' id='line_1_93' title="bbox 1211 4562 2186 4658; baseline 0.005 -33"><span class='ocrx_word' id='word_1_766' title='bbox 1211 4563 1293 4658; x_wconf 80' lang='lat' dir='ltr'><strong>quoii</strong></span> <span class='ocrx_word' id='word_1_767' title='bbox 1318 4562 1498 4643; x_wconf 84' lang='lat' dir='ltr'><strong>superbiant</strong></span> <span class='ocrx_word' id='word_1_768' title='bbox 1519 4568 1673 4647; x_wconf 86' lang='lat' dir='ltr'><strong>papistiei</strong></span> <span class='ocrx_word' id='word_1_769' title='bbox 1696 4571 1872 4634; x_wconf 82' lang='lat' dir='ltr'><strong>sacerdotes.</strong></span> <span class='ocrx_word' id='word_1_770' title='bbox 1915 4568 2082 4650; x_wconf 85' lang='lat' dir='ltr'><strong>annqetii</strong></span> <span class='ocrx_word' id='word_1_771' title='bbox 2104 4569 2186 4631; x_wconf 88' lang='lat' dir='ltr'><strong>enim</strong></span> 
     </span>
     <span class='ocr_line' id='line_1_94' title="bbox 1210 4651 2185 4734; baseline 0.006 -24"><span class='ocrx_word' id='word_1_772' title='bbox 1210 4668 1262 4710; x_wconf 80' lang='lat' dir='ltr'><strong>sui</strong></span> <span class='ocrx_word' id='word_1_773' title='bbox 1284 4668 1321 4712; x_wconf 86' lang='lat' dir='ltr'><strong>ac</strong></span> <span class='ocrx_word' id='word_1_774' title='bbox 1342 4651 1558 4728; x_wconf 74' lang='lat' dir='ltr'><strong>mysteriorum</strong></span> <span class='ocrx_word' id='word_1_775' title='bbox 1581 4653 1808 4734; x_wconf 82' lang='lat' dir='ltr'><strong>dispensatores</strong></span> <span class='ocrx_word' id='word_1_776' title='bbox 1824 4656 1966 4719; x_wconf 84' lang='lat' dir='ltr'><strong>ordi-nari</strong></span> <span class='ocrx_word' id='word_1_777' title='bbox 1984 4655 2078 4717; x_wconf 88' lang='lat' dir='ltr'><strong>iussit</strong></span> <span class='ocrx_word' id='word_1_778' title='bbox 2097 4652 2185 4718; x_wconf 72' lang='lat' dir='ltr'><strong>Chri</strong></span> 
     </span>
    </p>
   </div>
   <div class='ocr_carea' id='block_1_8' title="bbox 1211 4921 2184 5335">
    <p class='ocr_par' dir='ltr' id='par_1_11' title="bbox 1211 4921 2184 5335">
     <span class='ocr_line' id='line_1_95' title="bbox 1280 4921 2183 5049; baseline 0.011 -77"><span class='ocrx_word' id='word_1_779' title='bbox 1280 4921 1310 4987; x_wconf 89' lang='lat'><strong>1)</strong></span> <span class='ocrx_word' id='word_1_780' title='bbox 1327 4924 1467 4991; x_wconf 86' lang='lat' dir='ltr'><strong>concipere</strong></span> <span class='ocrx_word' id='word_1_781' title='bbox 1486 4922 1553 4976; x_wconf 83' lang='lat'>1543</span> <span class='ocrx_word' id='word_1_782' title='bbox 1571 4943 1639 4994; x_wconf 83' lang='lat' dir='ltr'><strong>seqq.</strong></span> <span class='ocrx_word' id='word_1_783' title='bbox 1710 4928 1739 4993; x_wconf 79' lang='lat'><strong>2)</strong></span> <span class='ocrx_word' id='word_1_784' title='bbox 1758 4928 1867 4980; x_wconf 86' lang='lat' dir='ltr'><strong>calicem</strong></span> <span class='ocrx_word' id='word_1_785' title='bbox 1885 4935 1912 4980; x_wconf 92' lang='lat' dir='ltr'><strong>et</strong></span> <span class='ocrx_word' id='word_1_786' title='bbox 1931 4926 2096 4981; x_wconf 75' lang='grc'><strong>1111111513</strong></span> <span class='ocrx_word' id='word_1_787' title='bbox 2113 4944 2183 5049; x_wconf 79' lang='lat' dir='ltr'><strong>seqq.</strong></span> 
     </span>
     <span class='ocr_line' id='line_1_96' title="bbox 1211 4986 2183 5069; baseline 0.011 -30"><span class='ocrx_word' id='word_1_788' title='bbox 1211 4986 1571 5069; x_wconf 62' lang='grc'><strong>3)(11111111111543111.</strong></span> <span class='ocrx_word' id='word_1_789' title='bbox 1639 4996 1668 5062; x_wconf 84' lang='lat'><strong>4)</strong></span> <span class='ocrx_word' id='word_1_790' title='bbox 1695 4998 1802 5051; x_wconf 77' lang='lat' dir='ltr'><strong>Abhinc</strong></span> <span class='ocrx_word' id='word_1_791' title='bbox 1819 4997 1859 5048; x_wconf 84' lang='lat' dir='ltr'><strong>ed.</strong></span> <span class='ocrx_word' id='word_1_792' title='bbox 1880 4995 1948 5050; x_wconf 82' lang='lat'>1543</span> <span class='ocrx_word' id='word_1_793' title='bbox 1965 5013 2049 5065; x_wconf 80' lang='lat' dir='ltr'><strong>seqq:</strong></span> <span class='ocrx_word' id='word_1_794' title='bbox 2074 4997 2127 5049; x_wconf 86' lang='lat' dir='ltr'><strong>Sed</strong></span> <span class='ocrx_word' id='word_1_795' title='bbox 2169 5014 2183 5050; x_wconf 90' lang='lat' dir='ltr'><strong>e</strong></span> 
     </span>
     <span class='ocr_line' id='line_1_97' title="bbox 1211 5066 2184 5138; baseline 0.01 -30"><span class='ocrx_word' id='word_1_796' title='bbox 1211 5070 1505 5138; x_wconf 82' lang='lat' dir='ltr'><strong>caeremomrspostea</strong></span> <span class='ocrx_word' id='word_1_797' title='bbox 1559 5080 1573 5115; x_wconf 90' lang='lat' dir='ltr'><strong>e</strong></span> <span class='ocrx_word' id='word_1_798' title='bbox 1591 5080 1620 5115; x_wconf 92' lang='lat' dir='ltr'><strong>re</strong></span> <span class='ocrx_word' id='word_1_799' title='bbox 1638 5066 1698 5133; x_wconf 90' lang='lat' dir='ltr'><strong>ipsa</strong></span> <span class='ocrx_word' id='word_1_800' title='bbox 1715 5066 1790 5118; x_wconf 87' lang='lat' dir='ltr'><strong>dico:</strong></span> <span class='ocrx_word' id='word_1_801' title='bbox 1809 5066 1876 5117; x_wconf 89' lang='lat' dir='ltr'><strong>adeo</strong></span> <span class='ocrx_word' id='word_1_802' title='bbox 1894 5067 1997 5119; x_wconf 90' lang='lat' dir='ltr'><strong>nullum</strong></span> <span class='ocrx_word' id='word_1_803' title='bbox 2008 5067 2110 5133; x_wconf 88' lang='lat' dir='ltr'><strong>apicem</strong></span> <span class='ocrx_word' id='word_1_804' title='bbox 2125 5083 2184 5118; x_wconf 89' lang='lat' dir='ltr'><strong>csse</strong></span> 
     </span>
     <span class='ocr_line' id='line_1_98' title="bbox 1211 5127 2184 5206; baseline 0.01 -29"><span class='ocrx_word' id='word_1_805' title='bbox 1211 5144 1233 5205; x_wconf 73' lang='lat' dir='ltr'><strong>a¹</strong></span> <span class='ocrx_word' id='word_1_806' title='bbox 1245 5129 1328 5206; x_wconf 75' lang='lat' dir='ltr'><strong>verbo</strong></span> <span class='ocrx_word' id='word_1_807' title='bbox 1346 5127 1396 5179; x_wconf 85' lang='lat' dir='ltr'><strong>Der</strong></span> <span class='ocrx_word' id='word_1_808' title='bbox 1415 5137 1444 5181; x_wconf 90' lang='lat' dir='ltr'><strong>ut</strong></span> <span class='ocrx_word' id='word_1_809' title='bbox 1462 5147 1516 5183; x_wconf 91' lang='lat' dir='ltr'><strong>non</strong></span> <span class='ocrx_word' id='word_1_810' title='bbox 1534 5134 1671 5199; x_wconf 90' lang='lat' dir='ltr'><strong>potuerint</strong></span> <span class='ocrx_word' id='word_1_811' title='bbox 1690 5174 1695 5186; x_wconf 93' lang='lat'><strong>.</strong></span> <span class='ocrx_word' id='word_1_812' title='bbox 1716 5174 1721 5186; x_wconf 94' lang='lat'><strong>.</strong></span> <span class='ocrx_word' id='word_1_813' title='bbox 1743 5175 1748 5186; x_wconf 93' lang='lat'><strong>.</strong></span> <span class='ocrx_word' id='word_1_814' title='bbox 1768 5174 1773 5185; x_wconf 91' lang='lat'><strong>.</strong></span> <span class='ocrx_word' id='word_1_815' title='bbox 1793 5136 1910 5201; x_wconf 88' lang='lat' dir='ltr'><strong>positum</strong></span> <span class='ocrx_word' id='word_1_816' title='bbox 1922 5135 2078 5203; x_wconf 88' lang='lat' dir='ltr'><strong>depravare.</strong></span> <span class='ocrx_word' id='word_1_817' title='bbox 2106 5136 2184 5188; x_wconf 93' lang='lat' dir='ltr'><strong>Prin·</strong></span> 
     </span>
     <span class='ocr_line' id='line_1_99' title="bbox 1211 5197 2184 5272; baseline 0.01 -26"><span class='ocrx_word' id='word_1_818' title='bbox 1211 5211 1281 5263; x_wconf 82' lang='lat' dir='ltr'><strong>cipio</strong></span> <span class='ocrx_word' id='word_1_819' title='bbox 1305 5201 1380 5248; x_wconf 80' lang='lat' dir='ltr'><strong>caeti.</strong></span> <span class='ocrx_word' id='word_1_820' title='bbox 1450 5197 1480 5265; x_wconf 83' lang='lat'><strong>5)</strong></span> <span class='ocrx_word' id='word_1_821' title='bbox 1502 5201 1625 5267; x_wconf 84' lang='lat' dir='ltr'><strong>proximo</strong></span> <span class='ocrx_word' id='word_1_822' title='bbox 1649 5204 1737 5271; x_wconf 89' lang='lat' dir='ltr'><strong>capite</strong></span> <span class='ocrx_word' id='word_1_823' title='bbox 1761 5201 1829 5256; x_wconf 81' lang='grc'><strong>1543</strong></span> <span class='ocrx_word' id='word_1_824' title='bbox 1851 5220 1920 5272; x_wconf 83' lang='lat' dir='ltr'><strong>seqq.</strong></span> <span class='ocrx_word' id='word_1_825' title='bbox 1995 5203 2025 5272; x_wconf 79' lang='lat' dir='ltr'><strong>a)</strong></span> <span class='ocrx_word' id='word_1_826' title='bbox 2048 5220 2079 5256; x_wconf 88' lang='lat' dir='ltr'><strong>ac</strong></span> <span class='ocrx_word' id='word_1_827' title='bbox 2102 5205 2184 5257; x_wconf 90' lang='lat' dir='ltr'><strong>sacri·</strong></span> 
     </span>
     <span class='ocr_line' id='line_1_100' title="bbox 1212 5261 1474 5335; baseline 0.011 -19"><span class='ocrx_word' id='word_1_828' title='bbox 1212 5264 1301 5333; x_wconf 80' lang='lat' dir='ltr'><strong>legum</strong></span> <span class='ocrx_word' id='word_1_829' title='bbox 1320 5261 1388 5316; x_wconf 88' lang='grc'><strong>1543</strong></span> <span class='ocrx_word' id='word_1_830' title='bbox 1406 5280 1474 5335; x_wconf 87' lang='lat' dir='ltr'><strong>seqq.</strong></span> 
     </span>
    </p>
   </div>
   <div class='ocr_carea' id='block_1_9' title="bbox 0 0 2390 6023">
    <p class='ocr_par' dir='ltr' id='par_1_12' title="bbox 0 0 2390 6023">
     <span class='ocr_line' id='line_1_101' title="bbox 0 0 2390 6023; baseline 0 0"><span class='ocrx_word' id='word_1_831' title='bbox 0 0 2390 6023; x_wconf 95' lang='lat' dir='ltr'><strong> </strong></span> 
     </span>
    </p>
   </div>
  </div>
 </body>
</html>
