4770 6030
86 400 88 402 ’
139 377 142 383 ’
207 378 269 441 507
385 443 393 458 ,
775 364 1640 434 fflsfflU'rIOREL.0HRIST.1539-1554.-
2146 371 2210 433 508

1977 483 2090 551 3137,
2108 480 2211 537 0137.

203 583 275 630 mas
293 561 435 646 fidelium
450 557 605 640 permittit
626 556 716 621 Deus
736 576 866 639 repnum
886 560 1029 634 satanae,
1049 556 1104 620 sed
1125 556 1183 619 irn·
1234 556 1416 621 testinnoniis
1431 577 1551 639 parum
1567 557 1746 639 protentum
1774 558 1880 622 videor
1900 467 1980 621 milii
2000 557 2110 639 fecisse
2130 557 2212 639 qaod

198 651 275 735 pios
305 648 457 712 duntaaat
494 649 522 707 et
548 642 720 715 incredulos
747 642 797 706 illi
828 641 1043 725 pidemeandos
1075 641 1181 719 tradit,
1233 642 1333 705 uolui:
1359 646 1394 706 ut
1413 643 1528 707 scilicet
1555 644 1723 708 instructae
1743 643 1807 707 sint
1824 645 1901 724 piae
1927 649 2040 707 mantes
2062 644 2211 708 aduersus

205 753 281 817 qaas
308 733 344 797 in
364 751 421 796 suo
448 750 538 813 prope
559 749 677 794 censue
690 728 714 815 ¹)
743 748 804 792 non
825 728 981 811 dipnatur.
1027 726 1114 791 Nam
1135 727 1183 791 di·
1233 728 1385 792 eiusmodi
1409 729 1536 806 deliria,
1566 729 1678 809 quibus
1704 730 1835 809 inquieti
1862 728 1999 793 homines
2025 734 2104 792 seet
2131 729 2212 794 alios

205 821 285 886 nur
311 816 407 901 (Inue.
431 821 480 894 11,
503 815 558 900 21)
586 814 666 879 lunc
697 813 854 895 mundum·
881 814 949 878 sine
979 813 1182 878 emdrooersia
1233 813 1437 895 simpliciores
1464 814 1595 878 turbant.
1640 813 1719 879 Fuit
1745 820 1846 879 autem
1868 835 1978 897 operae
1998 816 2137 895 pretium
2157 815 2213 879 lwc

203 924 360 988 occupare,
382 904 473 967 donec
493 923 514 965 a
538 899 661 966 Christo
679 899 861 964 eatinrletur.
905 899 1001 964 Item:
1023 917 1183 962 aucaccme
1234 919 1350 981 qnoque
1370 901 1525 982 attinpme,
1548 920 1586 963 ue
1607 901 1662 980 qui
1684 900 1738 964 illo
1759 921 1861 965 errore
1882 901 2035 983 impliciti,
2058 901 2135 966 dum
2149 922 2212 982 pm

89 1022 104 1028 ·
204 1011 307 1057 munes
328 989 384 1071 qui
404 1008 465 1052 nou
482 988 609 1052 credunt
628 987 782 1069 eoainpelio
804 984 838 1069 (2
858 982 931 1049 Gor.
952 991 981 1062 4,
1000 984 1045 1068 4).
1086 976 1182 1048 Item:
1234 989 1300 1049 tant
1328 985 1450 1048 nullum
1476 1006 1508 1050 se
1536 984 1646 1049 lahem
1673 985 1801 1065 lioslem,
1832 987 1911 1067 fiand
1939 987 1982 1051 ad
2007 988 2212 1051 resistundum

199 1097 349 1160 perapere
370 1093 448 1157 opus
464 1094 557 1138 suum
574 1074 609 1136 in
625 1073 704 1154 filiis
722 1071 950 1137 contumacibus
966 1069 1066 1155 (Eph.
1089 1073 1118 1149 2,
1138 1066 1181 1152 2).
1234 1071 1387 1154 sepniores
1407 1076 1434 1135 et
1454 1072 1648 1136 incautiores.

205 1162 250 1228 m
277 1162 404 1240 merito,·
431 1165 505 1223 sunt
526 1159 608 1223 accim
634 1157 729 1240 impii
753 1177 857 1222 ornnes
870 1242 876 1255 ·
889 1177 966 1254 oasa
987 1157 1083 1253 irae.n
1108 1154 1183 1220 Ideo
1283 1243 1289 1255 .
1320 1160 1370 1220 46.
1418 1155 1595 1255 Sequuntur
1631 1157 1740 1222 deirule
1770 1157 1910 1224 visibilia
1940 1156 2004 1256 Dei
2036 1177 2142 1239 opera,
2177 1159 2212 1222 iu

203 1241 1183 1413 lleffliliilmalllllifflwallillelllflii
1232 1242 2214 1410 dmuthnttlttltdltdtttmt

206 1424 236 1499 8,
261 1418 341 1504 44),
368 1418 443 1500 puio
469 1417 564 1480 utin
589 1437 622 1480 eo
652 1415 716 1497 dlii
747 1414 812 1479 Dei
837 1417 1043 1497 apnoscuntur
1067 1411 1181 1494 fideles,
1234 1415 1269 1478 u'n
1297 1414 1363 1479 ilus
1389 1417 1564 1478 cantitatur.
1613 1414 1674 1479 Est
1700 1416 1782 1479 enirn
1807 1414 1861 1480 loc
1889 1415 1939 1501 (nt
1958 1415 2035 1480 alili
2056 1414 2212 1499 dicimus)

206 1507 287 1588 quod
312 1505 479 1588 imapinem
508 1503 577 1567 eius
601 1505 725 1585 perant,
754 1502 800 1564 ita
822 1500 872 1564 illi
893 1520 930 1563 ac
954 1503 1083 1564 satanae
1103 1499 1183 1561 tua
1235 1501 1291 1565 etsi
1318 1521 1380 1564 non
1406 1501 1625 1582 praecipuum,
1657 1506 1789 1565 natmae
1812 1505 1913 1566 tamen
1940 1502 2047 1566 ordine
2068 1503 2214 1583 primurn
2303 1501 2305 1504 ’

203 1592 288 1676 piria
316 1591 351 1654 in
371 1610 467 1671 quam
488 1590 726 1672 deperierarunt,
749 1587 818 1651 eius
836 1585 898 1667 filii
912 1586 1043 1667 proprie
1064 1603 1183 1649 musen-
1232 1587 1307 1670 fidei
1337 1587 1566 1651 documentum:
1595 1607 1844 1668 quaquaversum
1868 1587 1969 1653 oculos
2000 1588 2213 1666 coniiciamas,

205 1682 258 1742 tur
279 1676 311 1763 (l
335 1675 424 1740 Ioan.
446 1678 474 1752 3,
494 1674 539 1759 8).
909 1757 915 1770 Ι
1024 1759 1060 1818 m
1106 1754 1112 1766 ι
1234 1673 1340 1821 mnnita
1366 1692 1445 1753 puae
1469 1677 1644 1770 occurrunt,
1674 1673 1948 1822 agminisseDei
1966 1693 2030 1738 esse
2051 1678 2215 1771 operm-et

204 1756 1184 1938 ntnmildtltttattmttttttttttt
1234 1779 1315 1909 tle
1346 1779 1509 1927 ,w
1527 1759 1664 1928 Ἥρα
1677 1761 2215 1936 nttltltnttttt

204 1955 284 2017 qaae
305 1935 387 1998 docet
411 1930 493 1995 nillil
519 1952 584 1996 esse
610 1951 705 2010 quam
734 1928 957 2011 inspirationes
978 1926 1024 1991 rel
1045 1931 1185 2023 manuleo
1235 1930 1316 2011 quod
1342 1929 1379 1994 de
1400 1928 1468 1995 Deo
1487 1931 1566 1994 scire
1587 1931 1696 2012 refert,
1725 1929 1889 2017 historiam
1910 1931 2074 1995 creationis
2102 1931 2214 1995 mundi

205 2040 261 2086 nes
282 2019 392 2098 buras,
425 2037 505 2098 quas
532 2018 568 2081 iu
594 2015 747 2080 nantibus
773 2015 933 2080 hominum
954 2013 1044 2078 Deus
1065 2016 1183 2090 eccntat,
1235 2037 1345 2098 operae
1365 2016 1505 2097 pretium
1532 2021 1575 2080 est
1596 2017 1631 2079 in
1653 2017 1773 2098 primis
1791 2021 1901 2096 unere,
1928 2016 2061 2098 qualiter
2082 2037 2103 2080 a
2125 2015 2216 2080 Mose

204 2107 252 2171 sic
272 2110 300 2170 et
321 2105 375 2169 loc
396 2104 459 2168 loco
479 2102 638 2184 refellendi
655 2106 735 2179 sunt,
757 2101 813 2183 oui
833 2099 970 2165 diabolos
990 2097 1072 2163 uiliil
1089 2118 1183 2180 quarn
1236 2101 1364 2166 breuiter
1396 2103 1547 2183 apposita,
1581 2106 1609 2165 et
1640 2103 1799 2167 asanetis
1828 2102 1936 2167 deiude
1962 2103 2059 2181 uiris,
2087 2101 2216 2166 Basilio

204 2190 305 2256 malos
326 2190 454 2272 affectus
473 2193 529 2252 aut
553 2186 799 2270 perturbcdiones
819 2206 883 2251 esse
903 2189 1077 2268 nnpantur,
1105 2204 1184 2263 quae
1230 2188 1418 2271 praesertim
1446 2191 1473 2250 et
1498 2187 1676 2265 Ambrosia,
1705 2189 1859 2270 copiosius
1884 2188 2044 2253 illudrata
2064 2193 2116 2252 est.
2160 2187 2216 2253 Ea

205 2277 293 2342 natm
322 2276 505 2359 inperuntur
530 2295 552 2337 a
577 2293 669 2337 carne
695 2277 809 2337 nostra.
855 2271 898 2336 Id
925 2276 1028 2335 ouum
1054 2270 1184 2333 breuiter
1236 2295 1273 2338 ea
1295 2273 1461 2351 discemus,
1484 2271 1590 2337 Deum
1611 2273 1696 2338 uerbi
1723 2294 1760 2338 ac
1786 2275 1919 2356 spiitns
1943 2275 1996 2338 sui
2016 2273 2156 2356 potentia
2177 2295 2216 2338 eu

204 2363 306 2445 facere
327 2360 439 2441 licebit,
467 2361 543 2442 quia
563 2363 684 2423 eostam
703 2379 765 2422 non
783 2377 892 2441 pauca
912 2359 948 2421 in
968 2356 1048 2421 lanc
1070 2376 1135 2419 rem
1156 2360 1183 2419 et
1235 2359 1334 2424 uiliter
1355 2379 1474 2424 creasse
1493 2359 1606 2422 melum
1628 2364 1656 2423 et
1676 2365 1806 2439 terreum
1828 2359 1899 2424 linc
1920 2381 2007 2424 omine
2025 2379 2124 2443 penus
2144 2361 2216 2424 ani·

205 2448 287 2513 satis
318 2451 427 2529 aperta
464 2446 637 2526 scripturae
668 2445 851 2509 testimonia.
907 2442 1056 2508 Primum
1088 2461 1184 2523 quum
1235 2445 1333 2510 malm
1365 2464 1473 2526 respue
1505 2446 1699 2509 inanimatas
1725 2446 1930 2527 produxisse,
1963 2445 2103 2510 mirabili
2134 2447 2215 2510 serie

205 2534 361 2600 iunaundi
382 2533 516 2614 spiritus
535 2535 688 2609 vocantur,
711 2535 738 2595 et
759 2530 862 2612 anpeli
882 2533 1048 2611 apostatae,
1069 2527 1124 2608 qui
1145 2525 1184 2590 ab
1234 2532 1417 2597 distinxisse
1433 2532 1629 2595 innumeram
1648 2551 1754 2595 rerum
1774 2533 1961 2609 carimatem,
1983 2552 2075 2596 suam
2091 2532 2214 2595 unicui·

206 2620 326 2703 oripiue
355 2639 416 2682 sua
449 2618 683 2700 depenererunt,
711 2617 783 2697 ipsa
815 2617 943 2680 nomina
970 2614 1051 2678 satis
1081 2613 1184 2703 cupri·
1235 2637 1294 2699 que
1312 2617 1417 2700 peneri
1442 2622 1589 2681 naturam
1615 2617 1783 2696 indidisse,
1806 2618 1984 2699 assipnasse
2004 2617 2123 2698 officia,
2146 2615 2213 2680 mea

174 2741 190 2766 x
205 2710 307 2783 munt,
337 2724 399 2769 non
417 2704 562 2767 metimus
583 2707 639 2766 aut
665 2703 836 2783 affediones
860 2700 1022 2779 mentium,
1044 2700 1099 2764 sed
1119 2719 1185 2763 ma-
1236 2703 1414 2768 atiribuisse
1435 2707 1462 2767 et
1482 2704 1639 2782 stationes,
1661 2707 1688 2766 et
1708 2723 1805 2783 quum
1825 2705 1930 2768 omnia
1946 2704 2008 2768 sint
2025 2702 2213 2783 corruptioni

203 2792 257 2875 pis
276 2812 384 2855 reuera
403 2790 483 2870 quod
501 2789 663 2870 dicuntur,
691 2792 804 2851 utentes
824 2786 871 2851 vel
891 2787 1024 2869 spiritus
1043 2804 1136 2849 sensu
1158 2790 1186 2849 et
1236 2789 1380 2869 obnoxia,
1397 2789 1575 2870 prmidissc
1596 2793 1697 2853 tamen
1717 2794 1752 2852 ut
1772 2788 1914 2873 sinpulae
1935 2790 2048 2871 species
2069 2789 2110 2852 ad
2131 2788 2214 2852 diem

206 2876 407 2960 intellipentia
432 2874 602 2956 praeditos.
656 2872 810 2938 Similiter
839 2872 894 2936 ubi
924 2871 987 2953 filii
1019 2870 1083 2935 Dei
1116 2892 1185 2935 cum
1237 2881 1406 2940 eatremum
1434 2874 1538 2939 saluae
1570 2879 1789 2939 conserventur.
1841 2874 1979 2940 Proinde
2004 2874 2087 2939 alias
2113 2875 2214 2956 [mere

206 2962 324 3028 diaboli
342 2961 423 3042 filiis
443 2965 508 3024 tam
529 2980 550 3023 a
574 2959 697 3024 Christo
718 2979 813 3040 quam
834 2958 873 3023 ab
891 2958 1009 3024 Ioanne
1027 2957 1185 3039 cardoun-
1237 2962 1363 3026 areanis
1389 2961 1501 3039 undis,
1529 2965 1557 3024 et
1584 2981 1697 3024 norum
1723 2960 1852 3025 subinde
1871 2963 2006 3044 ciperem
2032 2960 2099 3024 illis
2121 2960 2214 3040 quasi

206 3052 260 3112 tur
286 3046 390 3133 (loon.
413 3049 442 3124 8,
462 3050 512 3108 44.
553 3045 677 3109 lIoun.
698 3049 727 3122 3,
749 3043 818 3194 1)),
852 3065 951 3110 nonne
977 3045 1081 3126 inepta
1109 3048 1185 3108 esset
1235 3047 1405 3126 instillare;
1433 3046 1509 3110 aliis
1530 3047 1594 3110 uim
1609 3047 1810 3131 propapandi
1832 3047 2008 3125 contulisse,
2032 3067 2070 3110 ne
2090 3066 2146 3110 sim
2168 3047 2215 3109 in-

207 3133 411 3214 mnnparatio,
433 3132 464 3195 si
479 3151 587 3195 neuneu
608 3130 724 3195 diaboli
745 3132 779 3193 n'
800 3131 826 3210 il
847 3151 942 3213 quam
962 3129 1064 3193 malas
1085 3129 1185 3211 irrspi
1237 3135 1329 3197 teritu
1359 3153 1495 3214 praesim
1526 3133 1684 3196 intereant.
1735 3132 1846 3214 Itaque
1884 3131 1998 3199 coelum
2029 3137 2059 3196 et
2089 3137 2214 3209 terram,

208 3220 344 3284 rationes
371 3216 567 3300 desipuerat?
619 3216 664 3280 Et
695 3216 830 3282 Ioannes
861 3216 986 3297 aliquid
1016 3216 1185 3280 etiamnum
1236 3239 1331 3301 qnam
1356 3219 1426 3299 fieri
1448 3218 1552 3299 potuit
1573 3217 1803 3283 absolutissima
1830 3240 1936 3283 rerum
1956 3219 2093 3282 onmium
2115 3219 2213 3300 copia,

208 3305 351 3388 apertius
379 3303 468 3368 addit
496 3301 528 3386 (1
553 3303 615 3384 Ep.
636 3305 703 3380 3,8
728 3327 737 3366 :
763 3302 920 3367 diabolum
941 3302 981 3366 alr
1008 3302 1098 3366 initio
1114 3319 1185 3384 peo-
1236 3306 1395 3383 oarietate,
1423 3303 1669 3387 pulchritudine,
1699 3324 1761 3368 non
1786 3325 1875 3370 secus
1901 3309 1990 3386 atque
2016 3304 2155 3386 amplam
2175 3323 2214 3368 ae

81 3449 88 3471 ,
207 3412 287 3458 aare.
333 3388 486 3454 Similiter
512 3408 608 3470 quum
637 3386 705 3452 Mic
847 3388 1065 3472 arclanpdum
1091 3388 1184 3452 indu·
1236 3390 1431 3473 splendidam
1456 3390 1580 3454 domum
1601 3390 1847 3471 exquisitionem
1874 3390 1969 3455 sinim
1990 3395 2018 3455 et
2037 3390 2213 3472 copiosissi

206 3478 248 3542 cit
270 3476 373 3540 Iudas
393 3473 439 3559 (v.
459 3473 495 3560 9)
516 3480 708 3558 pnpnantem
729 3494 799 3538 eum
820 3474 955 3553 diabolo,
982 3478 1057 3539 certe
1078 3473 1184 3557 anpelo
1236 3498 1289 3541 ma
1309 3475 1492 3557 murelledile
1512 3475 1696 3539 instructam
1716 3496 1753 3540 ac
1772 3476 1932 3558 refertam,
1957 3476 2142 3541 mirabiliter
2162 3495 2213 3540 eo·

207 3563 281 3628 bono
307 3562 433 3644 opponit
463 3561 582 3626 malum
602 3566 631 3625 et
652 3560 836 3644 desudarem.
883 3559 944 3625 Oui
969 3560 1130 3642 respondet
1149 3560 1185 3624 id
1236 3582 1384 3627 ornasset
1425 3560 1562 3625 Demum
1592 3560 1745 3626 hominem
1778 3563 1955 3644 formando,
1989 3582 2116 3642 euumue
2146 3566 2213 3625 tam

206 3648 287 3730 quoa
308 3647 420 3730 lepitur
441 3648 476 3710 in
494 3646 627 3713 historia
649 3646 705 3711 Iob
728 3646 773 3732 (1,
791 3649 895 3725 cetu,
911 3645 952 3730 1),
975 3646 1185 3728 computruisse
1236 3650 1371 3732 specioso
1400 3648 1516 3727 decom,
1543 3652 1641 3729 totque
1667 3667 1704 3712 ac
1739 3649 1835 3712 tantis
1862 3647 1983 3714 datiius
2008 3647 2211 3730 insimulando,

207 3738 352 3797 satanam
373 3752 443 3797 cum
469 3734 586 3797 sanctis
609 3732 728 3816 appelle
754 3752 859 3797 coram
880 3731 957 3798 Deo.
1003 3730 1185 3797 Clarissimi
1231 3734 1523 3817 praeclarissimum
1552 3735 1586 3797 in
1614 3753 1647 3798 eo
1675 3753 1802 3799 summu
1831 3755 1957 3816 operum
1977 3733 2127 3816 specimen
2148 3732 2213 3797 edi·

208 3823 310 3883 auten
331 3820 470 3881 omnium
502 3824 574 3883 sunt
601 3819 652 3883 illi
673 3818 745 3898 loci,
778 3819 834 3901 qui
862 3819 1043 3884 mentionem
1066 3837 1185 3899 poenae
1237 3821 1329 3886 disse.
1385 3819 1500 3885 Verum
1532 3820 1679 3901 quoniam
1709 3820 1820 3885 mundi
1851 3821 2033 3886 creationem
2064 3839 2213 3884 erearrare

206 3903 337 4002 faciunt,
359 3924 454 3984 qnam
475 3905 589 3969 sentire
610 3904 764 3986 irnipiunt
784 3903 887 3969 aDei
907 3904 1031 3982 indicio,
1053 3909 1081 3968 et
1092 3923 1186 3985 prae·
1237 3906 1316 3970 milri
1347 3926 1409 3970 uon
1435 3910 1478 3971 est
1499 3907 1706 3988 propositum,
1738 3906 1819 3971 satis
1845 3908 1888 3970 sit
1912 3906 1985 3971 laec
2010 3905 2151 3988 paucula
2176 3906 2213 3969 in
2328 3967 2330 3969 ,

208 4008 299 4071 cipue
319 3990 443 4052 sensuri
475 3995 548 4053 sunt
573 3991 608 4053 in
633 3991 871 4054 resurreetione:
897 3990 947 4071 tili
974 3988 1103 4068 Dauid,
1130 4008 1186 4053 our
1237 3993 1375 4056 transitu
1396 3990 1557 4076 libenter1)
1570 3992 1726 4076 ,matese
1763 3991 1890 4057 ‘Melius
1910 3993 1992 4056 enim
2014 3997 2070 4070 est,
2092 3997 2127 4056 ut
2146 3991 2212 4056 iam

82 4102 89 4119 ·
207 4074 319 4140 uenisti
337 4077 407 4138 ante
424 4079 541 4155 tenmm
559 4075 601 4139 ad
618 4077 818 4158 torquendum
834 4095 890 4140 nos
912 4074 1046 4161 (Mauh.
1059 4078 1089 4154 8,
1103 4074 1186 4159 29).2
1237 4078 1353 4157 monui,
1376 4077 1497 4143 lectores
1518 4098 1556 4142 ea
1577 4075 1667 4142 Mose
1687 4083 1715 4143 et
1736 4078 1819 4158 aliis,
1842 4079 1896 4160 qui
1915 4079 2028 4143 mundi
2049 4077 2213 4142 historiam

209 4158 306 4226 Item:
328 4160 369 4224 ite
389 4159 547 4224 maledicti
567 4161 602 4223 in
623 4162 724 4244 ipnem
746 4166 916 4238 adunam
938 4162 995 4243 pul
1010 4181 1186 4243 praepara
1235 4163 1367 4245 fideliter
1388 4183 1425 4228 ac
1445 4164 1606 4247 ildipenter
1626 4165 1790 4229 memmiae
1811 4164 2074 4242 mamuldarium,
2094 4163 2213 4246 plenio-

208 4251 259 4311 tue
286 4251 331 4311 est
357 4244 477 4311 atatam
505 4251 533 4310 et
560 4245 679 4328 anpelis
705 4247 774 4311 eius
796 4246 887 4330 (ibid.
908 4251 958 4326 25,
977 4245 1044 4332 41).
1089 4246 1185 4310 Item:
1237 4270 1303 4314 rem
1324 4249 1421 4314 lunius
1440 4249 1498 4314 loci
1518 4248 1749 4334 intellipentiam
1763 4256 1875 4333 petere.

208 4332 398 4415 sipropriis
419 4331 538 4414 anpelis
564 4352 626 4396 non
649 4333 800 4413 pepercit,
823 4333 877 4398 sed
898 4334 1014 4397 catenis
1036 4333 1185 4397 detractos
1323 4338 1374 4399 47.
1420 4335 1469 4399 Ac
1488 4355 1526 4399 ue
1546 4336 1583 4399 de
1603 4338 1842 4402 mnesideratmne
1863 4336 2000 4418 quidem,
2022 4335 2127 4417 qualis
2148 4353 2213 4399 esse

202 4418 334 4500 proiecit
361 4418 395 4481 in
421 4415 584 4499 calcpinem
613 4417 655 4482 ad
687 4423 842 4482 aeternam
868 4418 1097 4483 damnationun
1123 4436 1185 4481 ser-
1237 4426 1264 4486 et
1285 4442 1374 4502 quem
1395 4421 1431 4485 in
1459 4441 1584 4504 scopum
1610 4423 1723 4505 referri
1746 4422 1862 4501 debeat,
1889 4422 2065 4488 necessaria
2084 4425 2129 4485 est
2149 4420 2214 4485 lori·

208 4505 339 4584 candos,
366 4509 417 4569 cte.
445 4502 588 4588 (2Pet-r.
609 4507 637 4580 2,
656 4502 700 4588 4).
753 4503 856 4583 Quam
882 4505 1003 4586 ineptae
1024 4503 1185 4568 locutiones
1234 4507 1305 4591 pior
1325 4508 1510 4589 disputatio:
1537 4528 1633 4589 quum
1654 4514 1682 4573 et
1701 4509 1808 4590 primo
1830 4509 1929 4591 capite
1949 4528 1987 4572 au
2008 4512 2101 4588 parte
2117 4507 2215 4589 fuerit

207 4589 321 4672 forent,
350 4590 517 4655 desimatos
538 4594 658 4653 aderno
679 4588 966 4688 iudicioodialolos,
996 4589 1097 4686 i'pnem
1118 4589 1185 4654 illis
1237 4593 1379 4691 expedita
1399 4592 1473 4658 iaec
1493 4596 1637 4674 quaestio,
1660 4600 1696 4674 et,
1718 4598 1869 4675 quandum
1883 4594 2059 4675 praesentis
2078 4592 2214 4690 insidenti

209 4679 1186 4845 tenuerittcnuerit
1237 4678 2214 4848 inarescentia

209 4847 357 4931 quoniam
377 4845 451 4912 laec
477 4866 527 4912 res
548 4847 756 4936 disputatione
781 4867 846 4913 non
863 4852 926 4931 epol
952 4848 1039 4931 apud
1060 4849 1186 4928 eosqui
1231 4850 1370 4932 puilia,
1395 4853 1547 4933 potentia,
1576 4853 1715 4930 iustitia,
1738 4850 1858 4916 bonitas
1878 4852 1914 4914 in
1934 4850 2046 4916 mundi
2066 4849 2213 4932 composi

209 4931 298 4997 uerbo
318 4931 452 4997 Domini
480 4934 574 5015 fidem
600 4932 725 5012 ialem3
758 4933 843 5015 apud
876 4934 952 4998 istos
982 4954 1051 4999 uero
1078 4935 1186 4998 manes
1237 4936 1318 5000 tione
1338 4935 1481 5014 reluceat,
1509 4937 1615 5001 nullm
1641 4937 1792 5002 orationis
1812 4937 1969 5019 splendor,
1996 4935 2101 5001 mellus
2122 4955 2214 5001 mna

210 5017 421 5100 speculatores,
444 5017 557 5099 andus
577 5018 659 5084 nihil
669 5019 772 5102 placet
787 5019 853 5084 nisi
869 5039 989 5099 novum,
1012 5019 1186 5103 scriprmme
1236 5025 1288 5086 lus
1308 5026 1412 5087 tantae
1431 5023 1479 5087 rei
1495 5022 1705 5107 mapnitadini
1723 5024 1871 5106 paruit
1907 5021 1972 5088 Nec
1989 5021 2120 5089 dulium
2136 5021 2215 5105 quin

147 5210 149 5212 Ι
212 5191 385 5198 ’-·“’·““·
394 5193 415 5198 ”“
1239 5186 1453 5206 σ-ψ-ο--σ-Ι

283 5290 311 5357 1)
328 5292 432 5344 censeri
450 5288 519 5344 1550
535 5298 561 5346 et
578 5307 647 5363 seqq.
1307 5293 1337 5363 1)
1354 5296 1471 5348 libenter
1488 5296 1572 5350 amat.
1591 5293 1660 5350 1545
1678 5303 1701 5351 et
1724 5311 1794 5366 seqq.
