4732 6030
1147 316 1216 382 XV

176 510 318 593 factus
349 521 416 592 est
444 509 565 592 nobis
595 496 761 592 veteris
784 511 991 593 amicitiae
1021 509 1250 615 vinculum,
1282 507 1530 593 suavissima
1561 507 1754 592 laborum
1776 522 1821 593 et
1842 512 2042 595 itinerum
2065 543 2178 596 com-

176 646 377 730 munione
407 676 518 729 nunc
550 646 789 730 criticarum
820 648 1094 731 collationum
1123 647 1265 729 taedia
1301 676 1412 728 nunc
1449 646 1680 729 horrendas
1712 648 1902 731 codicum
1932 680 2075 733 cruces
2107 681 2178 732 su·

175 784 445 894 perentibus,
477 798 523 864 et
551 784 835 867 describendis
867 785 1146 896 autographis
1176 784 1328 866 misere
1373 782 1576 892 fatigatos
1615 813 1692 866 suo
1724 785 1873 868 afflatu
1903 787 2080 869 subinde
2109 817 2178 871 re-

175 949 320 1005 creare
350 921 485 1027 valet,
528 919 643 1003 varia
679 921 866 1031 alioquin
898 923 1136 1005 studiorum
1173 931 1416 1006 nostrorum
1454 920 1687 1003 intentione
1717 921 1921 1005 hactenus
1953 924 1997 1004 in
2026 925 2179 1007 frater·
2248 1008 2250 1016 ,

174 1088 276 1141 nam
306 1058 657 1168 conspirationem
687 1059 865 1142 collecta
895 1059 1184 1167 devinctaque.
1746 1151 1750 1158 ¹

333 1194 460 1300 Quod
495 1206 716 1306 praeterea
746 1197 798 1278 de
831 1196 1002 1279 consilio
1033 1207 1180 1278 nostro
1209 1194 1469 1278 monendum
1500 1205 1586 1301 est,
1617 1197 1762 1307 paucis
1792 1196 1919 1280 liceat
1949 1198 2178 1281 absolvere.

173 1333 353 1415 Initium
378 1333 512 1415 totius
543 1333 681 1445 operis
712 1334 849 1417 facere
873 1333 1227 1415 constitueramus
1261 1362 1287 1414 a
1307 1332 1413 1414 Vita
1436 1331 1600 1414 Oalvini
1622 1335 1837 1445 praeclare
1869 1335 1971 1417 olim
1992 1365 2017 1416 a
2038 1326 2178 1419 'Phed-

173 1471 280 1553 doro
302 1470 430 1576 Beaa,
462 1469 553 1552 eius
584 1471 753 1580 collega
783 1471 915 1554 amico
947 1482 993 1567 et
1015 1499 1267 1576 successore,
1300 1470 1532 1552 seeundum
1555 1499 1759 1554 annorum
1784 1473 1934 1556 seriem
1957 1472 2179 1556 delineata

172 1605 318 1713 Quam
348 1607 516 1717 saepius
540 1600 776 1718 'separatim
798 1637 1009 1714 excusam,
1041 1607 1284 1718 saepissime
1308 1606 1433 1689 variis
1460 1606 1713 1718 scriptorum
1740 1609 2067 1692 calvinianorum
2091 1611 2179 1694 edi-
2261 1595 2263 1601 ’

170 1745 360 1827 tionibus
394 1744 682 1855 praemissam,
715 1745 793 1828 hac
824 1745 923 1855 lege
955 1756 1000 1826 et
1031 1744 1194 1827 ratione
1230 1746 1368 1826 denuo
1401 1744 1654 1855 descripturi
1685 1775 1851 1828 eramus
1877 1758 1929 1828 ut
1954 1746 2179 1830 additioni-

168 1883 255 1965 bus
286 1911 370 1964 non
399 1881 553 2003 paucis
571 1893 696 1964 aucta
720 1882 917 1993 notisque
950 1912 1034 1964 non
1064 1882 1204 1964 minus
1235 1881 1481 1964 necessariis
1511 1881 1729 1965 illustrata
1757 1882 1957 1994 prodiret.
2014 1884 2179 1968 Verum

171 2018 378 2130 ampliore
408 2018 493 2100 iam
520 2047 665 2100 rerum
693 2019 846 2102 notitia
875 2020 1086 2125 instructi,
1118 2048 1166 2102 ac
1196 2019 1378 2100 maxime
1410 2019 1618 2102 ditissima
1648 2020 1925 2131 epistolamm
1951 2021 2088 2105 adhuc
2114 2022 2179 2105 in-

171 2157 386 2239 editarum
417 2156 536 2266 copia
565 2156 710 2267 potiti,
750 2155 972 2240 consilium
1010 2155 1293 2262 mutavimus,
1328 2156 1391 2238 ita
1420 2156 1592 2264 quidem
1623 2168 1673 2238 ut
1702 2155 1894 2240 Annales
1925 2158 2179 2242 calvinianos

170 2323 228 2377 ex
258 2303 379 2375 tanto
415 2304 589 2403 tamque
626 2293 839 2405 locuplete
876 2293 1078 2376 thesauro
1116 2292 1347 2403 diligenter
1379 2306 1424 2375 et
1461 2293 1623 2376 curiose
1657 2295 1865 2377 eruendos
1899 2295 2073 2378 editioni
2103 2327 2179 2381 no·

170 2444 289 2514 strae
322 2429 680 2541 complementum
717 2445 763 2512 et
801 2430 1041 2514 coronidem
1081 2429 1236 2512 addere
1276 2429 1397 2512 nobis
1434 2430 1700 2541 propositum
1738 2432 1804 2513 sit.
1867 2431 2005 2541 Bezae
2036 2445 2181 2516 tamen

168 2567 389 2673 libellum,
428 2568 503 2678 qui
539 2567 747 2650 lectorum
781 2569 1009 2651 commodis
1048 2567 1250 2650 inserviat
1280 2567 1396 2650 haud
1426 2567 1669 2678 indignum,
1710 2597 1736 2649 a
1765 2569 1921 2650 nostris
1954 2571 2178 2679 pomoeriis

172 2705 374 2788 exsulare
404 2705 576 2787 minime
606 2704 855 2788 iubebimus.

331 2841 649 2952 Subiuugemus
681 2843 831 2924 deinde
863 2842 1175 2925 Bibliothecam
1206 2843 1482 2926 calvinianam
1513 2871 1642 2952 quam
1676 2841 1910 2953 poterimus
1942 2843 2178 2955 copiosissi-

173 3009 308 3086 mam,
347 2978 434 3061 sive
464 2979 661 3062 notitiam
698 2979 931 3062 literariam
961 2980 1014 3061 de
1045 2979 1241 3061 omnibus
1273 2994 1318 3061 et
1357 2980 1538 3091 singulis
1570 2980 1824 3090 scriptorum
1854 2981 2014 3063 autoris
2044 2981 2179 3063 nostri

173 3117 429 3200 editionibus
464 3128 509 3198 et
541 3117 803 3200 versionibus
839 3128 1050 3226 quotquot
1088 3117 1209 3203 nobis
1241 3117 1515 3200 innotescent.
1577 3115 1652 3199 Ad
1682 3145 1810 3226 quam
1845 3119 2179 3229 praeparandam
2219 3187 2221 3192 .

171 3254 257 3365 ipsi
282 3254 418 3336 multo
446 3282 542 3336 aere
573 3255 762 3364 impenso
792 3255 1075 3364 undequaque
1107 3254 1238 3338 libros
1272 3256 1356 3338 huc
1382 3255 1645 3367 pertinentes
1672 3283 1901 3365 congerere
1933 3256 2177 3367 incepimus,

171 3391 245 3472 vel
271 3389 321 3472 iis
353 3421 437 3473 non
467 3392 675 3501 neglectis
708 3392 780 3501 qui
812 3392 864 3473 de
892 3390 1068 3474 Calvino
1100 3403 1176 3474 aut
1206 3402 1352 3475 contra
1384 3422 1482 3475 eum
1512 3393 1732 3502 hucusque
1764 3392 1867 3474 editi
1899 3402 2016 3498 sunt3
2048 3403 2177 3500 atque

171 3528 219 3609 in
249 3527 329 3610 hoc
359 3529 532 3638 negotio
563 3529 676 3610 intra
705 3529 933 3634 biennium,
965 3557 1018 3610 ex
1052 3559 1136 3638 quo
1168 3530 1280 3613 huno
1307 3560 1482 3643 scopum
1512 3530 1818 3640 persequimur,
1851 3540 1939 3610 tarn
1975 3558 2176 3640 prospere

173 3666 473 3772 successimus,
512 3677 562 3747 ut
593 3667 784 3749 collectio
815 3677 979 3771 nostra,
1011 3666 1099 3748 sive
1131 3697 1157 3748 a
1185 3669 1449 3750 voluminum
1478 3660 1675 3771 numere,
1708 3667 1794 3748 sive
1826 3694 1851 3747 a
1886 3666 2062 3748 raritate
2093 3695 2177 3749 non

173 3826 406 3919 paucorum
447 3804 672 3887 titulorum
711 3804 934 3886 aestimata
971 3804 1122 3910 fuerit,
1159 3834 1255 3887 cum
1293 3806 1440 3914 quovis
1480 3803 1562 3885 alia
1592 3801 1661 3884 vel
1701 3803 1867 3913 privata
1902 3802 1972 3884 vel
2007 3803 2178 3914 publica

173 3941 256 4023 hoc
286 3969 388 4023 aevo
423 3941 636 4023 celebrata
666 3942 844 4024 conferri
879 3941 1098 4047 sustineat,
1131 3942 1215 4023 imo
1247 3942 1402 4024 collata
1431 3940 1617 4052 palmam
1650 3939 1810 4021 tulerit.
1873 3938 2014 4044 Quam
2041 3968 2176 4050 usque

172 4106 332 4188 augere
365 4079 606 4184 studemus,
645 4108 778 4189 quum
806 4078 1134 4189 bibliopolarum
1164 4079 1370 4187 catalogis
1403 4077 1565 4160 curiose
1596 4076 1866 4187 perlustratis
1897 4089 1993 4160 tum
2023 4107 2174 4159 eorun-

172 4214 273 4296 dem
315 4226 559 4298 coacervata
590 4215 854 4326 supellectile
895 4245 972 4326 per
1009 4217 1180 4323 itinera,
1217 4217 1302 4298 iam
1334 4199 1498 4297 Oalvini
1535 4214 1670 4297 nostri
1702 4214 1844 4324 gratia
1875 4215 2173 4323 frequentiora,

173 4351 377 4434 curiosius
408 4353 652 4464 perquisita.
704 4353 767 4433 ut
798 4353 951 4462 quibus
982 4355 1192 4436 nobismet
1222 4355 1324 4464 ipsis
1351 4353 1479 4463 potiri
1504 4364 1701 4461 negatur,
1736 4381 1786 4433 ea
1813 4350 1964 4432 saltem
1992 4379 2044 4431 ex
2071 4348 2174 4431 alia-

171 4520 270 4571 rum
298 4489 652 4573 bibliothecarum
684 4490 997 4601 exemplaribus
1030 4492 1204 4603 propius
1243 4518 1415 4573 noscere
1447 4489 1689 4599 quaerimus
1721 4502 1766 4570 et
1795 4488 1999 4570 hactenus
2029 4498 2176 4569 nostra

172 4629 322 4709 facere.
387 4624 553 4731 Quibus
586 4627 751 4732 studiis,
783 4655 892 4735 quae
925 4628 1155 4712 lectoribus
1187 4629 1316 4711 etiam
1343 4627 1520 4710 eruditis
1555 4626 1671 4707 haud
1703 4624 1873 4735 ingrata
1903 4625 1992 4704 fore
2031 4653 2174 4736 spera-

172 4793 283 4869 mus,
313 4764 393 4847 hoc
419 4776 590 4875 praeter
616 4764 700 4846 alia
726 4764 934 4847 efficietur
960 4776 1011 4846 ut
1035 4767 1209 4878 plurimi
1235 4765 1522 4875 antiquiorum
1549 4757 1815 4874 scriptorum,
1844 4761 1895 4841 de
1921 4759 2080 4843 talibus
2106 4790 2174 4844 re-

172 4901 257 4981 bus
281 4931 366 4983 non
392 4929 559 5013 semper
584 4901 638 4983 de
664 4901 834 5013 proprio
861 4901 955 4984 visu
981 4902 1301 5014 disputantium,
1329 4903 1416 4984 late
1437 4900 1664 5013 propagati
1690 4925 1852 4981 errores
1883 4897 2056 4979 tandem
2084 4928 2175 4982 cor-

175 5037 381 5146 rigantur.
444 5038 673 5121 Caeterum
709 5038 1134 5150 experientiasedocti
1167 5040 1361 5123 notitiam
1395 5039 1548 5120 harum
1574 5067 1717 5120 rerum
1742 5035 1917 5118 nonita
1949 5035 2071 5118 facile
2106 5067 2175 5120 ac-

177 5174 287 5281 quiri
311 5202 436 5285 posse
463 5165 732 5259 affirmamus.
794 5176 918 5282 N'am,
955 5177 990 5258 si
1016 5177 1327 5261 institutionem
1353 5177 1484 5259 latine
1512 5175 1668 5258 editam
1695 5186 1740 5254 et
1773 5173 1929 5285 scripta
1955 5174 2176 5284 exegetica
