4732 6030
171 351 233 412 593
716 342 815 408 one.
838 341 934 406 unc
956 343 1047 428 (IV.)
1091 341 1304 409 emam
1321 341 1617 410 Exemofflo.
2102 349 2164 409 ou
2294 394 2296 403 .

170 461 282 528 8187;
301 458 402 512 0188.

171 557 209 600 ne
230 536 352 616 ineptus
396 535 402 546 ‘
440 554 486 597 ar.
531 532 668 596 Proinde
694 530 785 595 ruba
804 535 913 594 munere
933 530 1063 611 perdere
1082 551 1142 596 non
1193 532 1224 596 si
1249 531 1413 607 Aeolium,
1445 529 1476 592 si
1504 529 1723 608 Ambrosium,
1751 535 1808 593 aut
1828 529 1961 594 simimn
1990 533 2166 612 quempiam

172 620 249 686 libet.
297 621 416 701 Quaero
437 625 546 697 tamen,
569 619 599 682 si
620 618 692 697 quis
714 616 854 681 Iudaeus
873 617 945 680 istis
961 617 1143 682 testimoniis
1194 618 1323 681 excitari
1355 636 1376 679 a
1402 616 1533 679 mortuis
1559 617 1725 699 continpat,
1758 615 1909 695 quidnam
1936 616 2001 679 sint
2028 617 2167 681 diduri?

173 706 355 782 abuteretur,
375 726 470 785 mam
489 704 667 768 solutionum
687 703 793 768 daturi
809 703 930 766 essent?
964 701 1081 783 Nempe
1097 695 1143 767 rd-
1197 701 1280 767 Certe
1306 722 1368 766 reon
1389 699 1577 781 probabunt,
1611 703 1646 766 in
1671 707 1759 766 tanta
1786 721 1966 782 pauperum
1992 704 2167 768 necessitate

167 792 388 874 protenderent
411 792 479 855 eius
505 795 672 871 stuporem,
705 789 786 869 quod
810 808 890 869 quae
914 787 952 852 de
980 788 1144 869 spirituali
1194 789 1287 869 quasi
1305 788 1481 868 superfluos
1508 806 1578 867 opes
1605 787 1668 852 olio
1689 788 1863 869 tranmferri
1915 785 1955 851 Ut
1975 792 2092 852 taceam
2112 789 2167 856 bos

177 876 293 944 Christi
320 896 410 959 reqno
435 876 641 957 spintualiter
668 875 751 939 dicto
775 879 861 951 sunt,
896 873 938 937 ad
965 893 1088 938 carnem
1116 879 1144 938 ct
1193 894 1280 947 usus,
1302 872 1414 955 quibus
1429 873 1657 952 impenduntur,
1680 874 1803 938 etiarnsi
1819 871 1902 939 nulli
1918 873 1982 938 sint
1998 894 2164 956 pauperes,

174 963 326 1027 mundum
345 963 533 1042 transferret.
568 960 692 1024 Soirnus
712 960 793 1023 enim
809 958 976 1040 propbetas
991 959 1048 1023 sub
1065 960 1144 1023 ima
1195 959 1301 1024 multis
1327 958 1428 1023 modis
1455 958 1576 1037 motos,
1603 959 1695 1023 utilas
1721 980 1790 1024 oero
1816 957 1904 1024 nudo
1924 979 1962 1025 etc
1982 967 2074 1041 parte
2094 981 2166 1026 esse.

173 1050 244 1132 qine
269 1069 375 1112 rerum
401 1049 591 1111 terrestrium
617 1045 766 1110 coeluum
792 1044 856 1108 Dei
884 1043 1040 1127 qloriom,
1065 1066 1143 1125 quae
1197 1044 1259 1109 Sed
1284 1044 1420 1108 tortines
1444 1044 1552 1107 omido.
1601 1044 1694 1109 Bona
1722 1045 1795 1110 llaec
1818 1043 1942 1112 Obrista
1962 1052 2036 1110 sunt
2055 1049 2166 1113 duola.

174 1135 274 1198 lucere
299 1135 335 1196 in
361 1134 484 1197 eeclesia
506 1132 602 1210 debet,
630 1131 717 1195 imbis
744 1131 920 1194 delineasse.
965 1130 1029 1194 His
1060 1132 1144 1195 euim
1195 1130 1278 1195 Eius
1304 1130 1408 1210 itaque
1435 1128 1564 1194 arbitrio
1589 1131 1800 1211 dispensanda
1825 1135 1905 1196 mont.
1950 1130 2086 1201 Frustra
2111 1164 2167 1206 au-
2201 1198 2204 1207 ,

174 1218 435 1296 benedictionibus,
456 1238 535 1299 quas
552 1217 727 1299 mpmmunt
743 1237 847 1282 eorum
863 1215 962 1294 amba,
984 1236 1144 1297 nunqmm
1194 1221 1253 1280 tem
1268 1220 1392 1297 partem
1412 1214 1491 1278 banc
1511 1215 1683 1295 impensam
1701 1215 1824 1282 Obristo
1837 1217 1945 1297 ferent,
1968 1239 2063 1298 quam
2073 1248 2167 1306 prae.

174 1306 280 1369 minus
305 1304 474 1369 abundauit
498 1303 634 1380 cadesim
663 1322 758 1382 quam
777 1301 834 1365 sub
862 1301 1024 1383 apostalis;
1051 1306 1144 1367 etta·
1195 1306 1240 1366 ter
1260 1302 1329 1366 mus
1349 1301 1530 1365 mundaum
1544 1301 1759 1381 profuderunt.
1796 1304 1990 1384 Quanquam,
2011 1315 2047 1371 ut
2061 1333 2167 1380 aarum

174 1412 244 1455 men
264 1391 328 1454 uun
348 1391 434 1471 requi
459 1388 575 1453 Obristi
596 1394 667 1452 tune
692 1387 827 1452 maxim
852 1388 1022 1469 effloruisse
1042 1406 1145 1453 omnes
1193 1388 1311 1469 fatear,
1339 1407 1399 1450 narn
1425 1386 1555 1449 multum
1581 1387 1619 1450 de
1645 1388 1805 1454 ordinario
1832 1390 1973 1456 melenae
1993 1394 2095 1463 reditu
2116 1400 2167 1467 bis

172 1478 317 1558 suatur.
350 1476 433 1556 Quid
454 1496 523 1558 erqo
540 1473 601 1538 sibi
618 1473 721 1537 volunt
738 1472 811 1537 illae
828 1473 1014 1538 sententiae?
1050 1473 1145 1555 Quid-
1196 1472 1368 1555 sumptilnns
1387 1472 1547 1537 deciditur.
1593 1471 1685 1537 Nulli
1723 1475 1805 1539 enim
1830 1479 1905 1540 sum
1940 1483 2004 1543 tam
2034 1484 2168 1562 apulam

175 1561 251 1644 quid
273 1562 398 1641 uspiam
424 1566 468 1625 est
488 1560 673 1642 pransum
706 1557 848 1637 sublime,
869 1559 1082 1640 praeclarum,
1111 1559 1146 1623 id
1196 1559 1402 1640 episcopatus,
1431 1557 1535 1622 nullae
1562 1562 1627 1622 tam
1653 1560 1775 1640 opimae
1795 1562 1947 1642 abruma,
1976 1563 2063 1631 nullo
2084 1573 2168 1638 deni.

175 1651 310 1730 oportere
335 1646 471 1710 Domino
499 1645 618 1709 sncbiici.
666 1644 752 1724 omo
778 1649 879 1709 aulon
905 1645 1088 1709 nominatim
1108 1646 1146 1710 de
1196 1655 1261 1724 que,
1277 1664 1371 1724 neque
1380 1649 1445 1708 tom
1454 1643 1562 1722 moda,
1579 1650 1749 1725 aequatam
1765 1649 1871 1730 ampla
1887 1649 2066 1732 sacerdotia,
2089 1678 2169 1740 quae

94 1748 96 1754 ’
175 1732 297 1816 rcqibtcs
316 1732 443 1809 dicitror,
463 1734 564 1812 fasces
583 1729 792 1794 submissuros
815 1729 951 1809 Cliristo,
968 1731 1146 1795 dilemmate
1196 1731 1239 1795 od
1259 1730 1440 1812 eaplendam
1459 1729 1649 1794 sacerdotum
1666 1731 1832 1814 implumem
1848 1734 2013 1814 sufficiant.
2055 1741 2168 1809 Verum

175 1839 235 1882 sua
251 1819 441 1899 proiecturas
462 1817 504 1880 ad
524 1817 592 1880 eires
607 1815 710 1896 pedes,
732 1836 803 1895 opes
823 1836 901 1880 suas
920 1822 1145 1881 consuram
1197 1816 1271 1879 dum
1291 1815 1352 1879 sibi
1379 1814 1483 1879 volunt
1497 1835 1639 1896 parcere,
1661 1817 1814 1897 populum
1839 1823 2055 1898 superstitiose
2076 1830 2168 1894 indu·

175 1904 328 1981 calamae,
355 1904 478 1983 mondo
505 1904 611 1966 ouius
637 1921 674 1965 ac
696 1901 822 1982 plenius
853 1901 1020 1966 ecbibilum
1046 1903 1145 1984 fuisse
1196 1905 1280 1979 murt,
1314 1906 1349 1964 ut
1374 1900 1454 1981 quod
1483 1904 1548 1964 erat
1575 1901 1610 1964 in
1631 1923 1789 1982 pauperes
1816 1908 2017 1986 mapinium,
2050 1916 2093 1978 aa
2119 1936 2169 1980 ep.

174 1990 285 2067 diurn,
313 2009 407 2068 quam
432 2009 528 2069 quum
552 1987 757 2064 Theodosius,
785 1987 899 2052 wuda
915 2008 1077 2069 purpura,
1099 2008 1145 2052 re
1196 1986 1344 2051 struenda
1364 1985 1544 2066 temptaui
1564 1987 1726 2068 eriqmdas
1747 1994 1883 2068 mamas,
1907 1993 1951 2057 ad
1970 1999 2097 2063 mnenda
2117 2023 2170 2065 oa.

174 2074 257 2139 lictis
284 2075 409 2155 imperii
436 2073 625 2156 insiqnibus,
658 2077 807 2152 tanquam
837 2094 921 2137 unus
952 2073 1077 2153 quilibet
1108 2093 1146 2138 eu
1196 2091 1249 2151 so,
1276 2072 1318 2137 od
1339 2072 1493 2152 pretiosas
1519 2076 1614 2135 ocsus
1640 2077 1866 2153 conparandas
1891 2085 2071 2147 carantani.
2116 2086 2169 2152 Ito

169 2160 270 2242 plebe,
292 2174 395 2225 amaru
416 2159 484 2224 Dea
505 2165 533 2223 a
552 2158 677 2224 mdesio
702 2178 735 2221 se
756 2158 799 2222 ad
819 2159 971 2223 solennem
991 2159 1146 2240 poenicu
1196 2157 1250 2224 boe
1269 2159 1389 2240 qurqite
1413 2157 1611 2237 aemilianae
1631 2157 1833 2240 deonosquae
1853 2160 2065 2233 imminuatur.

174 2246 253 2310 tiam
277 2245 442 2310 munient?
472 2265 567 2326 quam
592 2264 689 2325 quum
715 2243 783 2324 ipse
811 2249 839 2308 et
864 2244 923 2308 atii
948 2245 1067 2309 similes
1094 2244 1146 2327 pii
1283 2248 1334 2306 85.
1378 2240 1429 2307 De
1448 2242 1563 2321 reditu,
1592 2263 1681 2322 quem
1702 2263 1740 2307 ec
1763 2249 1851 2327 aquis
1871 2253 1898 2310 et
1918 2256 2171 2327 possessionibus

169 2332 330 2413 prircmpes
357 2352 418 2395 suo
445 2331 551 2394 studia
572 2335 600 2394 et
620 2348 697 2393 suas
724 2349 817 2393 utros
843 2331 885 2395 ad
909 2351 1025 2411 puram
1046 2331 1082 2394 in
1102 2350 1147 2395 ec·
1193 2329 1383 2410 percipiunt,
1412 2327 1489 2409 quid
1515 2328 1605 2393 aliud
1632 2328 1750 2409 cluant,
1779 2352 1874 2411 quam
1899 2341 1982 2415 quoa
2002 2340 2069 2406 iam
2090 2343 2169 2424 diei,

174 2417 269 2481 alesia
292 2418 462 2482 doctrinam
490 2415 744 2493 conserendam,
772 2415 814 2478 ad
833 2416 977 2496 sumus
997 2421 1025 2480 ct
1046 2421 1147 2497 prote-
1197 2419 1289 2479 otest
1309 2418 1379 2478 ante
1404 2414 1541 2478 manium
1566 2413 1689 2478 mulas?
1731 2414 1910 2483 Mescinium
1932 2427 2105 2500 pontonem
2125 2431 2172 2495 vt.

174 2503 288 2586 qendos
308 2523 402 2566 sanos
420 2503 552 2567 doctores
573 2500 783 2564 aunuum?
815 2501 861 2565 At
881 2520 950 2565 aaa
971 2521 1066 2581 quam
1085 2523 1146 2566 non
1197 2501 1306 2565 deruus
1326 2520 1389 2580 qua
1407 2499 1469 2581 fide
1493 2501 1722 2578 administrent,
1743 2503 1798 2581 qui
1818 2506 1953 2584 episcopi
1974 2520 2121 2578 uocantur
2142 2523 2171 2582 et

176 2589 369 2653 luxuriarint
396 2593 466 2652 tunc
495 2587 696 2669 superuacuis
725 2586 834 2667 opibus
865 2587 1048 2666 sacerdotes,
1080 2608 1147 2651 una
1199 2585 1328 2650 abbates.
1375 2585 1609 2667 aemimonto
1625 2592 1683 2665 est,
1706 2587 1941 2654 ecdesmstm
1961 2596 2100 2663 ordinem
2120 2601 2171 2668 bic

176 2673 233 2737 illa
254 2695 312 2738 voe
338 2674 447 2755 synodi
473 2673 672 2754 aquileimuis
699 2673 751 2736 cui
778 2678 925 2754 praeerat
950 2672 1145 2752 Ambrosius,
1199 2671 1366 2752 mamae?
1407 2671 1463 2736 An
1484 2671 1519 2735 in
1539 2672 1678 2736 sanduli
1697 2693 1832 2753 numero,
1856 2675 1983 2742 aedium
2003 2683 2171 2766 splendore,

176 2760 256 2824 satis
282 2759 433 2823 Marci:
457 2759 593 2841 qloriosa
619 2759 655 2821 in
680 2758 886 2823 sacerdotibus
912 2756 1043 2822 Domini
1064 2779 1147 2840 pau-
1198 2759 1325 2822 uestitus
1341 2762 1369 2821 et
1385 2756 1548 2838 epulomm
1567 2757 1694 2836 deliciis,
1706 2759 1888 2841 principum
1911 2765 2054 2832 lautitias
2069 2771 2173 2836 aemio

170 2850 287 2926 pertas.
331 2843 491 2908 Habebunt
512 2849 588 2908 urle
609 2849 680 2907 tuuc
701 2845 834 2925 episcopi
862 2843 1027 2909 nonnullas
1049 2844 1148 2925 fond
1200 2843 1262 2907 lori
1289 2863 1338 2906 eos
1364 2843 1496 2922 decebat,
1530 2864 1661 2924 quormn
1687 2846 1783 2909 mmm
1811 2853 1987 2928 oportuerat
2014 2855 2174 2938 sinqulare

176 2935 265 3008 tates,
287 2930 397 3010 qncibus
418 2931 615 3011 conspicuum
641 2928 781 2993 ecclesiae
801 2931 893 2995 decus
919 2930 1045 2994 reddem
1065 2935 1148 3012 pote
1197 2929 1406 3012 smapolitotis,
1435 2929 1613 3008 omdestiae,
1646 2931 1860 3010 continentiae,
1894 2936 2083 3006 humilitatis
2109 2964 2174 3011 esse

177 3022 264 3095 rant,
285 3017 316 3079 si
331 3021 494 3097 putassent
521 3016 594 3080 baec
616 3034 680 3079 esse
701 3035 775 3079 aaa
800 3015 941 3080 eoclesim
960 3019 1148 3080 maurim.
1199 3014 1377 3097 exemplar?
1423 3015 1580 3095 &mutum
1600 3021 1628 3078 et
1648 3016 1702 3080 boc
1722 3017 1761 3080 ab
1782 3037 1887 3084 mrum
1913 3024 2013 3104 officio
2034 3027 2174 3096 abborre-

180 3101 242 3166 Sed
270 3122 366 3181 quum
393 3102 505 3166 scirent
524 3106 689 3183 postomm
717 3101 816 3182 officio
843 3101 923 3164 nibil
951 3120 1016 3166 esse
1046 3102 1149 3185 inopis
1199 3101 1262 3180 bot,
1290 3120 1367 3181 quos
1393 3105 1549 3164 odeum
1575 3101 1809 3184 inomlabilmue
1829 3104 1895 3170 Dei
1916 3110 2048 3175 edictum
2071 3117 2175 3198 turpis

178 3188 358 3266 adommin,
391 3208 485 3269 quam
516 3207 694 3251 nrensarum
721 3187 854 3265 deliciis,
886 3188 1016 3252 castium
1042 3189 1148 3267 rtimre,
1200 3187 1322 3254 lucrio
1493 3206 1557 3251 esse
1578 3192 1676 3270 „aaut
1704 3190 1892 3272 etsimplici
1918 3197 1999 3261 oiatu
2027 3205 2174 3268 canimus

178 3294 288 3357 nmqrio
311 3274 482 3356 famulitio,
510 3273 683 3357 maqnifieis
702 3272 838 3354 palatiis
864 3273 1020 3354 spbndem
1041 3294 1078 3339 ao
1097 3295 1149 3339 su·
1200 3272 1298 3338 essei
1371 3293 1462 3352 ,uon
1489 3272 1577 3337 modo
1598 3274 1677 3338 oiois
1696 3279 1724 3339 et
1744 3275 1868 3342 arcibus
1889 3300 2017 3346 manum
2039 3286 2173 3367 iniicere,

174 3359 312 3442 perbire,
339 3360 542 3424 barrilitatem
567 3379 604 3424 ao
627 3357 821 3438 modestiam,
850 3359 912 3424 imo
934 3365 1150 3443 paupertatem
1200 3359 1255 3425 sed
1272 3359 1308 3423 in
1326 3358 1539 3442 ammusimas
1555 3361 1715 3444 satrapias
1731 3362 1875 3442 involare,
1895 3367 2020 3434 danum
2040 3372 2174 3454 inperia

178 3447 295 3526 ipsam
321 3468 416 3527 quam
439 3444 582 3510 Obristus
607 3446 687 3509 inter
712 3465 785 3510 suos
811 3445 970 3512 mmumos
995 3466 1150 3512 eonsecra-
1200 3448 1274 3527 ipsa
1300 3446 1468 3527 occupare?
1517 3444 1555 3510 st
1574 3446 1698 3513 verbum
1719 3447 1783 3514 Dei
1803 3455 2007 3533 mmonnunt,
2031 3459 2108 3537 quid
2127 3480 2174 3526 re-

179 3532 231 3609 oit,
252 3532 455 3613 sequebantur
475 3537 503 3596 ct
523 3531 663 3597 colebant.
1200 3530 1388 3613 spondebant
1408 3532 1451 3596 ad
1471 3537 1588 3598 oetusm
1610 3534 1668 3598 illa
1687 3536 1872 3618 synodorum
1891 3541 2034 3604 decretff
2061 3544 2173 3625 quibus

265 3623 315 3682 84.
367 3617 481 3682 Verum
512 3638 549 3681 ne
580 3617 630 3681 bio
661 3619 761 3682 simus
786 3618 951 3701 bnpiores,
982 3618 1094 3682 n'lerurn
1115 3619 1150 3681 in
1202 3618 1351 3682 uoluitur
1361 3617 1385 3700 ¹)
1413 3622 1448 3681 ul
1467 3619 1628 3701 episeopus
1654 3641 1715 3684 omri
1735 3623 1846 3703 proetd
1867 3624 1905 3687 ab
1928 3625 2051 3692 ecclesia
2073 3629 2174 3713 bospi-

180 3703 296 3769 breoem
323 3725 478 3768 surnmam
507 3703 700 3785 eolliqamus,
739 3725 835 3785 quam
859 3703 970 3786 procul
999 3704 1078 3768 obsit
1103 3724 1149 3785 ea,
1201 3703 1309 3766 tiolum
1340 3703 1461 3782 imam,
1501 3705 1622 3784 citima,
1636 3706 1664 3789 ²)
1702 3727 1852 3786 manum
1892 3717 1920 3775 et
1951 3713 2172 3794 supellectilem.

180 3811 257 3871 quae
283 3810 365 3853 nuno
385 3794 441 3869 ast,
469 3809 562 3870 opum
589 3789 861 3854 eodesiostiearum
881 3790 927 3854 oel
952 3790 1148 3871 dispensatio,
1206 3789 1290 3869 Quia
1316 3789 1359 3854 od
1389 3789 1469 3854 illud
1494 3792 1604 3873 synodi
1638 3792 1837 3873 aquileiensis
1869 3795 2023 3880 eloqium?
2054 3821 2113 3883 quo
2139 3803 2174 3868 in

179 3876 226 3939 ool
244 3876 425 3955 dissipnolio,
454 3897 474 3938 a
495 3895 569 3938 ocra
591 3875 747 3953 diaconia,
776 3896 871 3956 quam
892 3881 920 3938 et
939 3875 1065 3939 uerbum
1085 3875 1150 3940 Dei
1201 3874 1408 3939 sacerdotibus
1434 3874 1566 3939 Domini
1595 3877 1729 3960 plumosa
1752 3887 1926 3961 paupertas
1948 3886 2175 3967 praedicatur?

180 3961 266 4025 rums
285 3962 480 4039 curemurdot,
503 3965 634 4024 doetus
656 3960 780 4026 udesio
800 3961 975 4026 absemacit.
1011 3961 1099 4042 Quod
1115 3962 1150 4024 in
1203 3960 1290 4024 Nam
1316 3960 1397 4024 illud
1420 3962 1498 4043 forte
1522 3964 1602 4043 quod
1629 3963 1838 4045 Hieronymus
1859 3967 2033 4050 Nepotiano
2054 3976 2174 4054 praeei-

179 4047 361 4128 lemmorum
381 4052 523 4110 mnatum
544 4045 707 4126 consetur,
724 4068 891 4129 perperam
911 4046 1052 4111 collocari
1073 4046 1148 4125 dica,
1195 4047 1262 4128 pit,
1289 4051 1324 4108 ut
1347 4047 1520 4111 aemulam
1548 4050 1617 4113 eius
1638 4070 1795 4131 pauperes
1816 4058 1844 4116 et
1862 4056 2035 4138 poreq-riui,
2057 4064 2084 4122 et
2104 4080 2174 4125 eum

179 4134 209 4196 si
229 4153 290 4196 uon
311 4132 685 4210 ammoneremus,
708 4153 798 4212 quem
824 4133 943 4214 etipsa
963 4137 1080 4196 natura
1100 4152 1150 4197 sa·
1201 4133 1267 4196 illis
1290 4130 1432 4196 Obrisins
1459 4135 1585 4199 conoioa
1610 4139 1739 4215 nocuit,
1770 4141 1919 4219 tanquam
1951 4141 2048 4207 nimis
2073 4150 2173 4209 auste-

179 4237 302 4282 ororum
322 4217 522 4299 praescribit,
548 4222 576 4281 ct
609 4218 737 4298 apostoli
770 4218 886 4299 aliique
911 4219 1011 4283 sancti
1031 4222 1149 4299 patres,
1200 4239 1281 4296 rum,
1302 4217 1514 4299 repudiabunt.
1561 4219 1675 4285 Verum
1695 4224 1776 4303 quad
1797 4227 1901 4290 statim
1921 4228 2058 4306 subiicit,
2075 4230 2173 4310 pude-

178 4309 244 4367 tum
264 4304 411 4382 moino,
435 4309 500 4367 tum
521 4304 669 4385 eaeniplis
684 4305 963 4386 promurpserunt.
1006 4303 1053 4368 Ar
1074 4304 1151 4384 quid
1202 4304 1245 4367 bit
1266 4323 1315 4367 eos
1334 4304 1478 4386 diffiteri:
1502 4305 1636 4389 qbniam
1657 4328 1722 4373 esse
1741 4310 1889 4393 episcopi,
1911 4334 2089 4394 pauperum
2110 4317 2174 4396 opi·

180 4390 239 4453 tale
260 4389 349 4453 bodie
370 4391 405 4452 in
424 4388 546 4471 templis
567 4390 777 4471 conspicitur?
813 4390 980 4471 Quidquid,
1001 4408 1063 4453 non
1084 4388 1150 4454 dico
1202 4390 1258 4454 bus
1273 4391 1452 4470 prouidere,·
1468 4388 1681 4475 ‘iqmminiam
1711 4398 1848 4461 munium
1875 4400 2076 4476 sacerdotum,
2100 4421 2173 4480 pro-

179 4475 222 4538 ad
238 4476 380 4555 priscaou
405 4475 494 4551 mom
519 4474 741 4557 fruqalitatem
769 4475 823 4538 sed
848 4475 890 4539 ad
916 4475 1072 4539 lunatam
1093 4474 1151 4538 oli-
1196 4476 1284 4559 priis
1309 4476 1429 4541 studere
1453 4477 1580 4542 diuitiis.
1632 4479 1699 4545 Hoc
1725 4488 1828 4547 autem
1856 4486 1988 4566 recipere
2015 4492 2172 4566 nequeunt,

179 4580 274 4640 quom
294 4562 531 4625 mediocritatem
551 4566 595 4626 est
616 4561 826 4643 compositum,
847 4561 1012 4642 respuitur.
1058 4559 1152 4625 Nibil
1202 4563 1279 4642 quin
1305 4582 1338 4626 se
1365 4582 1466 4627 omnes
1491 4564 1678 4647 memmiae
1704 4569 1903 4633 condemnent.
1954 4570 2016 4633 Sed
2041 4591 2100 4634 non
2129 4577 2174 4637 est

179 4646 301 4710 omnino
323 4647 438 4727 placet,
467 4647 533 4710 nisi
558 4648 640 4728 quod
660 4647 770 4710 lucum
790 4650 818 4710 et
838 4651 1006 4726 temporum
1028 4667 1151 4727 corrup-
1202 4667 1327 4727 necesse,
1349 4649 1463 4712 durius
1484 4649 1534 4714 bie
1554 4670 1604 4714 eos
1618 4655 1772 4734 persequi,
1796 4675 1891 4735 quum
1912 4654 1993 4718 rribil
2014 4655 2103 4721 aliud
2125 4678 2174 4723 oo-

179 4731 272 4795 lelam
292 4734 404 4813 sapiat.
449 4732 593 4811 Interim,
621 4738 740 4796 tantum
761 4731 843 4796 abest
864 4736 898 4794 ut
919 4732 1059 4795 uiuorum
1079 4738 1151 4795 tem-
1202 4732 1328 4811 luerim,
1362 4755 1458 4814 quom
1485 4736 1690 4802 dmrmistrare
1717 4739 1871 4803 sublatum
1897 4760 1961 4803 esse
1989 4741 2174 4822 iampridem

174 4817 300 4897 plnum
322 4820 437 4882 iustam
458 4817 588 4882 babearct
608 4840 725 4895 auram,
744 4823 780 4882 ut
795 4818 902 4899 polius
918 4818 1016 4880 mullo
1033 4837 1151 4898 paupe·
1202 4819 1354 4882 demedio
1372 4821 1560 4903 apudipsas
1577 4823 1747 4905 lepitimum
1764 4826 1944 4888 diacorcatus
1961 4828 2116 4891 ordinem.-
2136 4849 2175 4895 ne

180 4923 252 4966 rum
271 4903 374 4967 millia
392 4906 476 4984 same
493 4906 599 4984 perire
615 4905 749 4986 passuri
769 4905 846 4982 unt,
869 4924 963 4983 quom
985 4902 1151 4966 minimum
1203 4903 1341 4985 amplius
1367 4905 1421 4969 boc
1445 4907 1533 4971 titulo
1559 4908 1602 4972 ad
1629 4909 1771 4974 eulesim
1791 4930 1867 4973 sicae
1888 4914 2175 4979 commendationem

181 4988 303 5052 calicem
331 4995 386 5053 aut
413 4990 567 5053 urceolum
593 4992 798 5074 confruiqant,
826 4989 868 5053 ad
889 4989 1026 5070 inopiam
1046 5010 1151 5052 eorum
1202 4989 1387 5069 superbiam.
1432 4991 1518 5072 Quoad
1537 5013 1585 5057 me
1605 4993 1724 5058 munde
1743 4996 1851 5074 secisse
1871 4999 2019 5061 aristion.

180 5073 409 5139 sublevandam.
460 5075 510 5139 Ne
538 5076 614 5156 quid
637 5078 767 5160 qrooius
797 5097 818 5139 o
844 5095 891 5138 me
917 5076 986 5156 ipso
1014 5094 1150 5157 monum
1531 5078 1535 5089 '

180 5160 261 5237 tum,
283 5160 337 5224 boc
356 5165 476 5224 tantum
497 5163 570 5242 pios
590 5163 711 5227 lectores
731 5162 862 5245 coqitore
883 5161 990 5224 uelim:
1019 5162 1049 5224 si
1070 5181 1151 5224 rcunc

163 5242 380 5327 ‘Eeuperium
400 5247 490 5310 illum
513 5247 640 5312 Tolosae
660 5249 847 5330 episcopum,
870 5267 959 5328 quem
978 5246 1149 5325 retulimus,
1272 5262 1301 5329 1)
1318 5262 1417 5317 benail.
1436 5266 1555 5336 manag.
1572 5264 1597 5320 t
1616 5284 1637 5322 o.
1656 5266 1691 5321 14
1708 5275 1736 5321 et
1753 5267 1794 5322 15.
1875 5269 1905 5338 2)
1922 5273 2003 5324 vilem
2021 5268 2089 5325 1545
2105 5285 2175 5344 seqq.

251 5346 361 5401 Caluini
372 5363 466 5417 opera.
501 5348 560 5403 Vol.
577 5348 602 5405 1.
1940 5356 1975 5410 38

1205 5164 1334 5170 --—--
1347 5166 1406 5173 —..
