4770 6030
199 368 264 430 445
972 361 1072 429 OAP.
1094 362 1155 428 Iv.
1200 361 1265 428 DE
1287 359 1438 429 vom.
1833 425 1835 430 ,
2142 368 2206 431 446

201 555 273 620 latet
293 553 351 617 illa
372 465 539 634 elphartec
559 552 686 618 solutio:
714 575 775 618 nou
800 555 868 618 ideo
888 555 935 618 sic
955 554 1073 630 nocam,
1102 553 1179 632 pria
1229 550 1326 632 fatus
1347 571 1420 630 esse,
1443 552 1536 616 cende
1556 554 1661 618 omnin
1683 574 1763 634 arrae
1783 552 1877 617 babes
1896 559 1923 617 et
1944 555 1987 617 da
2003 555 2207 636 pauperibus.

194 640 413 723 perfectionem
432 640 466 702 in
487 658 520 701 se
541 640 703 717 corrtineat,
724 640 780 703 sal
796 641 873 722 quia
894 641 937 705 ad
958 639 1179 720 acquirendam
1231 636 1275 700 Id
1296 657 1337 700 an
1356 637 1477 718 faciant
1497 639 1569 718 ipsi,
1592 639 1729 703 nondum
1750 639 1881 721 dispum
1925 638 2047 704 Dauus
2067 640 2122 706 boc
2142 641 2209 707 illis

194 726 412 809 perfectionem
431 725 474 787 sit
493 726 632 788 omnium
653 726 794 806 optimus.
839 732 942 807 Qucum
962 746 995 789 se
1016 724 1102 805 apud
1112 724 1180 805 ple
1231 723 1266 785 in
1281 724 1471 803 praesentia.
1505 722 1659 806 Perfectus
1680 727 1778 808 ipitur
1798 745 1831 790 se
1850 726 1948 807 factos
1968 726 2084 789 iactant
2104 729 2209 793 onnia
2270 741 2275 753 '

200 812 266 876 bern
286 811 451 888 uenditare,
473 831 569 890 quum
589 811 721 875 mutibus
743 832 779 876 ae
800 814 922 895 iprccris
944 809 1179 876 adulescentulis
1231 827 1292 872 sua
1313 809 1518 890 relinquendo.
1564 809 1601 875 Si
1623 813 1658 874 in
1679 810 1733 876 boc
1757 811 1820 875 sita
1840 816 1885 875 est
1905 812 2104 893 perfectionis
2125 833 2208 878 33333-

201 898 347 978 laquemn
367 897 507 974 iniicere,
529 917 625 977 quum
641 898 812 982 priuilepia
833 918 894 962 sua
915 917 1060 974 asserere,
1083 915 1179 976 prum
1231 915 1292 972 rna,
1315 895 1392 976 quid
1412 895 1474 959 sibi
1495 895 1559 959 vult
1587 897 1670 978 qiua
1693 896 1818 961 Paulus
1838 898 1919 962 docd
1941 898 1972 978 (1
1995 896 2069 962 Cor.
2093 902 2141 976 13,
2162 898 2206 984 3),

200 985 236 1049 in
257 983 392 1048 aliorum
415 982 629 1046 emrtrrmeliam
655 1003 746 1047 suam
768 984 948 1066 dipnitatern
970 982 1109 1047 entollere
1130 1001 1180 1045 ao
1232 1000 1302 1043 erem
1323 983 1379 1062 qui
1400 983 1504 1045 omnia
1525 1002 1585 1046 sua
1607 983 1800 1048 distribuerit
1816 983 2020 1065 pauperibus,
2044 985 2108 1048 nisi
2129 986 2209 1049 cari·

201 1071 276 1148 lunt,
299 1069 414 1132 iactant
435 1088 468 1131 se
488 1088 553 1132 esse
573 1070 608 1132 iu
632 1073 716 1132 statu
732 1071 938 1151 perfeetionis.
986 1069 1089 1151 Quum
1105 1087 1179 1148 pro
1232 1070 1323 1130 taterrr
1350 1067 1474 1146 lrabeat,
1507 1069 1590 1132 nibil
1617 1071 1707 1133 esse?
1760 1069 1871 1150 Qualis
1903 1071 1965 1133 ista
1991 1075 2036 1133 est
2062 1071 2209 1152 perfectio

195 1158 275 1239 pius
306 1158 469 1235 urpentur,
510 1175 604 1234 quarn
635 1159 670 1217 ut
700 1156 823 1220 inanem
856 1155 936 1219 bane
967 1155 1180 1236 arropantiam
1231 1172 1324 1232 piae,
1348 1155 1377 1217 si
1397 1153 1481 1218 abest
1500 1156 1632 1233 caritas,
1655 1156 1690 1220 in
1709 1155 1844 1219 nibilum
1865 1175 1934 1219 curn
1955 1155 2075 1220 tramine
2096 1157 2209 1239 redipi-

201 1241 282 1306 tueri
303 1246 429 1321 queant,
457 1241 499 1304 acl
520 1242 615 1304 istum
636 1241 812 1305 acrriadum
833 1243 1023 1325 suffupiunt,
1052 1259 1085 1303 se
1105 1259 1179 1303 non-
1232 1239 1308 1302 tur?
1350 1238 1415 1303 Hic
1436 1241 1635 1321 respondeant
1656 1261 1772 1306 necesse
1793 1247 1855 1305 est:
1883 1262 2039 1305 uenenum
2062 1243 2116 1305 lroe
2140 1242 2208 1323 qui-

201 1330 278 1394 dum
293 1326 510 1408 perfectiorum
532 1346 596 1390 esse
623 1332 831 1407 coaequatos,
859 1329 894 1391 in
915 1347 948 1391 eo
975 1331 1076 1390 tamen
1096 1329 1179 1390 statu
1231 1325 1314 1403 dern,
1342 1327 1396 1390 scd
1417 1346 1478 1389 nou
1499 1328 1625 1391 unicum
1652 1347 1717 1391 esse
1737 1327 1936 1409 perfectionis
1957 1348 2042 1409 opus.
2095 1328 2209 1393 Verum

202 1434 279 1491 esse,
302 1431 361 1492 quo
383 1412 425 1476 ad
447 1413 551 1492 ipsam
566 1432 648 1492 prae
670 1413 745 1476 aliis
767 1415 916 1494 aspirant.
961 1412 1093 1477 Interim
1107 1416 1180 1475 ‘ura-
1231 1409 1281 1475 bie
1302 1431 1420 1492 qnoque
1441 1413 1587 1476 reclamat
1608 1412 1732 1477 Paulus
1753 1412 1838 1497 (Cal.
1859 1416 1887 1488 3,
1910 1410 1973 1497 14),
1994 1415 2049 1494 qui
2070 1434 2132 1478 uon
2153 1413 2209 1479 du·

201 1505 251 1565 net
272 1498 329 1562 illa
348 1497 385 1560 iu
405 1497 492 1578 plebe
512 1498 695 1577 admiratio,
720 1501 815 1579 ,quasi
835 1500 902 1563 sala
923 1501 988 1563 cita
1010 1499 1180 1564 marostica
1232 1496 1307 1560 bitot
1328 1498 1494 1576 caritatem,
1516 1500 1584 1562 sine
1600 1500 1752 1563 eiusmodi
1768 1500 2002 1576 renuntiatione,
2023 1500 2125 1581 facere
2141 1501 2208 1564 airr-

202 1587 243 1650 sr't
264 1583 415 1666 anpelica,
440 1584 593 1665 perfecta,
622 1584 660 1648 ab
685 1586 769 1648 omni
795 1586 869 1649 citio
891 1589 1067 1668 repurpata.
1112 1583 1180 1648 Hoc
1231 1583 1335 1647 ertum
1350 1584 1557 1665 perfectionis.
1600 1583 1637 1648 Si
1659 1589 1772 1649 certum
1795 1590 1852 1663 est,
1875 1587 1956 1648 inter
1975 1586 2209 1668 nrapr'strnmet

140 1686 145 1690 ·
195 1674 359 1755 praetentu
393 1670 684 1749 quaestuosissimae
720 1671 880 1734 nundinas
914 1675 1055 1735 ecuoerd
1111 1669 1180 1734 Illa
1230 1669 1421 1751 discipulum
1448 1669 1529 1734 uilril
1554 1691 1618 1734 esse
1644 1672 1862 1749 dissensionis,
1892 1670 1970 1734 alter
1997 1676 2098 1735 auum
2127 1671 2209 1736 clare

202 1762 303 1822 autern
324 1755 490 1818 moderatio
511 1756 547 1818 iu
563 1757 679 1836 paucis
700 1755 790 1820 libris
807 1757 927 1838 sepulta
944 1761 1053 1821 manet.
1086 1755 1180 1820 Hane
1231 1761 1319 1838 nepai
1329 1755 1465 1819 bonrinis
1470 1757 1685 1838 perfectionem
1699 1758 1732 1820 in
1744 1777 1777 1819 eo
1790 1758 1960 1834 consistere,
1981 1762 2015 1821 ut
2026 1758 2095 1820 suis
2111 1758 2208 1820 mnni-

202 1863 267 1909 esse
288 1841 514 1905 intolerandam
535 1841 772 1920 ludificationem
793 1844 865 1922 anis
886 1863 946 1906 uon
968 1842 1072 1906 uidet?
1117 1840 1179 1906 Sed
1231 1840 1287 1904 bus
1312 1842 1478 1919 renuntiet,
1508 1847 1535 1905 et
1561 1863 1690 1906 rursum
1711 1844 1779 1906 sine
1799 1863 1833 1906 eo
1852 1847 1989 1907 constare
2009 1844 2122 1907 usserit
2163 1844 2209 1908 oi·

196 1926 328 2012 perinde
351 1947 420 1990 cum
442 1927 522 2007 ipsis
545 1947 690 2009 apanens,
713 1949 749 1991 ae
770 1930 800 1991 si
821 1927 903 1992 uilril
917 1928 994 2010 plus
1015 1927 1180 1991 tribuerent
1231 1927 1365 1990 demtum
1387 1932 1431 1990 est
1457 1929 1591 2008 qualiter
1612 1930 1825 2010 aecipriendurn
1848 1929 1890 1992 sit
1914 1928 1993 1992 illud
2017 1928 2136 1993 Christi
2143 1930 2209 1993 :suf

201 2035 278 2079 suae
299 2012 489 2094 professioni
523 2033 619 2093 quam
650 2014 783 2078 vacando
816 2018 930 2078 staturu
962 2014 1180 2095 adipiscendae
1231 2014 1279 2076 eis
1301 2013 1456 2094 perfectus
1484 2034 1563 2092 esse,
1596 2016 1690 2079 rende
1717 2016 1822 2078 armna
1850 2036 1930 2095 arcae
1962 2014 2061 2078 trabes.
2108 2013 2209 2079 Porro

197 2100 402 2183 perfeetionis.
449 2097 533 2162 Sane
561 2098 614 2161 boc
635 2098 684 2161 illi
705 2120 813 2162 aaaron
833 2100 1008 2181 deferendo,
1030 2103 1179 2181 tartonam
1231 2099 1358 2162 minime
1379 2098 1526 2162 obscurus
1553 2101 1613 2164 erit
1633 2119 1755 2178 sensus,
1785 2101 2046 2183 sienpendamus
2073 2101 2152 2181 arcad
2174 2101 2208 2164 in

201 2185 328 2268 sprecidi
350 2189 422 2248 nata
448 2184 486 2248 ab
508 2182 584 2247 aliis
604 2184 685 2247 vitae
704 2184 866 2267 peneribus
888 2186 1089 2269 distinpuunt.
1136 2184 1180 2248 Et
1231 2183 1373 2248 erunibus
1395 2183 1513 2249 Christi
1533 2185 1726 2249 concionibus
1747 2186 1906 2251 observare
1927 2207 2047 2267 semper
2063 2186 2207 2265 conuenit,

202 2273 273 2354 qun
294 2271 348 2335 boc
368 2271 462 2353 ferat,
493 2274 528 2332 ut
553 2273 659 2333 tantus
679 2270 774 2334 lronor
799 2272 1007 2353 transferatur
1028 2272 1071 2336 ad
1093 2272 1181 2335 iusti
1232 2270 1274 2334 ad
1295 2290 1383 2350 auem
1404 2270 1583 2353 diripentur
1604 2271 1678 2335 boec
1696 2271 1795 2335 uerba.
1827 2272 2018 2336 Adrdescens
2036 2274 2096 2336 inte

2200 2323 2208 2352 t

202 2363 301 2423 tntum
327 2377 483 2437 nusquam
509 2355 556 2420 cel
581 2376 647 2419 una
674 2356 794 2438 syllaba
823 2357 1049 2438 approbatum?
1078 2358 1179 2422 eodem
1232 2355 1344 2436 qnibrns
1364 2355 1505 2437 operibus
1531 2355 1720 2441 iupredictur
1742 2358 1776 2420 in
1797 2358 1893 2420 uitam
1916 2362 2071 2421 aeternam
2078 2277 2207 2436 5&ss
2254 2368 2259 2388 ¹

202 2445 348 2526 indipnae
377 2446 556 2507 caueantur
577 2462 680 2506 annes
701 2441 766 2505 Dei
787 2445 971 2521 vocationes,
1002 2463 1090 2507 saera
1111 2445 1180 2508 eius
1231 2445 1311 2520 stus,
1340 2443 1417 2523 quia
1437 2442 1474 2505 de
1494 2443 1637 2524 operibus
1658 2442 1843 2525 repedatur,
1873 2463 1942 2505 eum
1959 2445 2085 2507 remittit
2106 2445 2148 2508 ad
2169 2445 2208 2508 le-

203 2551 254 2595 ore
273 2550 334 2592 non
355 2529 442 2593 nrada
463 2532 659 2609 praeceptae,
685 2528 740 2592 sed
767 2528 942 2612 insipnibus
963 2528 1069 2611 elopiis
1090 2550 1180 2593 orua-
1229 2548 1305 2611 pene.
1349 2527 1394 2591 Et
1412 2530 1534 2593 aurito:
1556 2534 1599 2593 est
1620 2529 1701 2592 enirn
1722 2529 1776 2592 aia
1797 2533 1936 2592 aeternae
1957 2529 2046 2607 uitae,
2069 2531 2154 2593 siin
2175 2548 2208 2594 se
2315 2564 2321 2576 =

201 2615 273 2680 tae?
311 2615 354 2679 Et
376 2619 501 2696 quanta,
524 2613 651 2692 obscero,
673 2614 797 2678 iniuria
814 2616 852 2697 fit
871 2613 948 2694 Deo,
970 2635 1067 2694 pirum
1084 2617 1180 2679 anui
1232 2613 1455 2692 eonsideretur;
1484 2636 1537 2679 uec
1559 2614 1684 2679 alinerrde
1705 2612 1846 2678 inualida
1871 2618 1915 2677 est
1936 2614 1979 2676 ad
2006 2614 2135 2678 salntem
2157 2636 2208 2680 no

201 2701 258 2765 bns
278 2703 359 2765 citae
378 2699 538 2783 peneribres
556 2699 595 2765 ab
612 2701 824 2779 coordinatis,
842 2701 1095 2765 eiustestimonio
1112 2701 1180 2766 lau·
1231 2699 1279 2762 bis
1306 2700 1509 2780 afferendam,
1539 2722 1633 2782 quam
1660 2721 1698 2764 en
1726 2704 1831 2765 nostra
1852 2700 2017 2780 pueritate.
2068 2700 2136 2763 Ha:
2162 2722 2209 2765 re·

201 2789 293 2864 datis,
314 2787 551 2852 commentitium
571 2785 806 2936 neseio‘qnidy
830 2787 1020 2868 antefertur?
1231 2805 1341 2866 sponso
1368 2785 1537 2851 declaravit
1565 2786 1721 2866 Christus,
1754 2805 1787 2849 se
1819 2805 1880 2849 uon
1914 2783 2012 2849 aliam
2041 2786 2121 2849 citae
2144 2787 2208 2867 for·

290 2877 338 2936 13.
384 2874 460 2956 Ape,
484 2873 674 2938 colurnuiam
694 2893 759 2936 esse
798 2873 888 2952 icant,
911 2872 992 2953 quod
1008 2876 1099 2936 antea
1116 2875 1179 2937 tra·
1230 2872 1363 2935 mundae
1389 2874 1538 2937 rationem
1560 2873 1693 2951 tradere,
1723 2893 1817 2953 quarn
1838 2891 1916 2952 quae
1937 2872 1972 2933 in
1993 2871 2055 2954 lepe
2076 2870 2209 2936 Domini

200 2960 279 3036 didi,
302 2979 362 3023 non
384 2979 448 3023 esse
469 2964 617 3023 contentos
632 2959 831 3041 praescripta
852 2958 952 3023 aDeo
973 2957 1089 3042 repeda.
1121 2959 1179 3023 At·
1231 2957 1348 3021 tradita
1376 2957 1449 3023 olim
1474 2958 1585 3040 fuerat.
1638 2957 1740 3021 Itaet
1769 2957 1973 3022 testimonium
2000 2957 2059 3040 lepi
2082 2957 2208 3024 diuinae

199 3047 265 3126 qui,
284 3046 376 3108 etiam
393 3046 422 3107 si
440 3049 564 3123 luceam,
583 3047 647 3127 ipsi
657 3045 736 3126 plus
752 3046 832 3109 satis
844 3064 877 3108 se
889 3049 1041 3110 comeam
1063 3045 1179 3126 Aperte
1231 3042 1386 3122 reddebat,
1409 3043 1490 3124 quod
1510 3049 1586 3107 esset
1601 3045 1755 3125 perfectae
1776 3045 1915 3108 irnstitiae
1934 3042 2089 3120 doctriua,
2118 3049 2145 3108 et
2165 3045 2208 3109 si·

200 3131 282 3195 enim
304 3131 406 3194 docent
427 3150 460 3193 se
474 3131 551 3212 plus
572 3133 674 3195 onais
695 3132 858 3212 suscepere,
881 3151 976 3212 quarn
996 3131 1065 3195 suis
1089 3128 1179 3195 Cleri·
1231 3129 1297 3193 mul
1316 3128 1482 3193 calumniis
1501 3129 1681 3207 occurrebat,
1703 3150 1741 3194 ue
1762 3129 1916 3194 rideretur
1938 3149 2017 3192 noea
2038 3129 2147 3209 aliqua
2163 3131 2208 3196 oi·

198 3221 266 3280 stus
288 3217 482 3296 imposuerit:
504 3219 651 3297 quoniam
670 3217 784 3282 seilicet
800 3216 975 3300 eoanpelica
994 3216 1125 3281 consilia
1141 3218 1180 3282 de
1230 3215 1322 3279 anuli
1349 3214 1457 3298 repula
1488 3216 1531 3280 ad
1562 3215 1639 3298 lepis
1672 3216 1865 3298 defectionem
1892 3216 2043 3297 papulum
2072 3216 2208 3281 incitare.

199 3302 367 3385 dilipendis
388 3302 534 3380 iniuricis,
562 3304 599 3368 de
620 3324 681 3367 non
703 3303 872 3385 appetenda
892 3303 1037 3382 uindicta,
1060 3305 1097 3368 de
1118 3323 1179 3369 non
1232 3300 1360 3364 Denaris
1382 3320 1442 3364 nou
1468 3301 1545 3365 mali
1566 3302 1690 3383 quidem
1711 3303 1825 3381 animi,
1852 3301 2008 3366 sedeam
2029 3301 2209 3382 confidentia

200 3387 335 3452 iurando
356 3392 406 3451 etc.
435 3407 468 3450 se
488 3394 663 3453 servaturos
678 3391 870 3472 promittant,
892 3388 1003 3472 quibus
1024 3409 1085 3453 non
1106 3394 1179 3454 sient
1231 3387 1377 3466 tumidus,
1400 3406 1433 3450 se
1454 3389 1559 3452 omnia
1578 3387 1654 3471 lepis
1669 3393 1836 3470 praecepta
1853 3409 1874 3451 a
1889 3406 1989 3469 puero
2006 3406 2146 3450 sanasse
2161 3407 2209 3452 re·

201 3467 397 3539 menander
418 3474 537 3538 astricti
560 3473 742 3539 Christiani.
776 3474 819 3539 Iu
845 3495 878 3539 eo
899 3496 995 3557 quam
1015 3475 1102 3540 nobis
1124 3496 1178 3540 an-
1229 3474 1361 3554 spondet.
1408 3471 1494 3537 Gerto
1515 3475 1627 3538 unius
1648 3479 1691 3537 est
1712 3475 1859 3537 immensa
1876 3472 2103 3553 spatioproeul
2121 3472 2208 3538 abeo

200 3562 371 3641 tiquitatem
391 3559 568 3624 obtendant?
612 3560 704 3625 Nulli
731 3581 870 3642 unvqrram
897 3566 1030 3626 ueterum
1056 3561 1178 3627 133333-
1230 3558 1375 3640 abferisse,
1398 3579 1457 3640 quo
1478 3579 1511 3623 se
1524 3561 1704 3642 3333333333
1722 3559 1861 3624 iactabat.
1895 3557 1939 3621 Et
1959 3559 1989 3621 si
2007 3579 2079 3622 aera
2097 3559 2209 3640 fuisset

199 3648 246 3710 nit
266 3647 458 3710 inmentem.
506 3645 617 3710 Omnes
638 3668 702 3713 una
729 3667 798 3712 uoce
819 3648 965 3727 clanmnt,
987 3647 1108 3712 nullam
1123 3669 1177 3730 pe·
1228 3644 1385 3727 ploriatio,
1407 3643 1487 3709 nibil
1504 3646 1553 3709 illi
1574 3645 1721 3727 defuisset
1743 3645 1785 3709 ad
1808 3664 1962 3707 sumniam
1984 3645 2207 3726 perfectionem.

199 3734 284 3797 nitus
305 3733 444 3796 coculam
465 3753 485 3796 a
510 3729 633 3797 Christo
660 3734 821 3814 eruissem,
851 3735 902 3798 eui
930 3755 991 3798 non
1017 3735 1059 3798 sit
1079 3754 1178 3800 neees-
1232 3730 1338 3813 Supra
1360 3733 1441 3794 enirn
1462 3731 1700 3795 demonstratum
1722 3735 1774 3808 est,
1797 3730 1877 3811 quod
1894 3730 1929 3792 in
1946 3749 1979 3793 se
1996 3730 2145 3794 contiueat
2159 3730 2209 3795 len

199 3819 284 3883 sario
306 3818 581 3900 obtemperandum.
626 3817 670 3881 Et
690 3819 763 3884 baec
784 3821 857 3902 ipsa
878 3822 1075 3900 nominatim,
1098 3841 1177 3902 quae
1224 3817 1393 3898 perfectam
1410 3817 1580 3897 iustitiam;
1602 3821 1629 3882 et
1648 3816 1702 3881 lcoc
1723 3818 1828 3897 ipsum
1849 3815 1920 3879 inde
1935 3820 2031 3896 patet,
2054 3816 2134 3896 quod
2154 3817 2208 3881 nia

199 3905 253 3968 isti
275 3904 345 3968 boni
367 3906 543 3986 interpretes
567 3901 726 3969 Olrristunr
747 3907 936 3971 consuluisse
953 3907 1105 3972 drentanat
1120 3927 1177 3971 uu·
1230 3908 1369 3968 aeternae
1396 3902 1508 3967 salutis
1532 3908 1656 3967 amatur
1684 3903 1761 3966 eius*
1778 3901 1952 3966 obseruatio.
2005 3901 2045 3966 Ut
2077 3902 2208 3967 edocere·

198 3995 325 4073 pantur,
361 3992 451 4055 iussa
478 4011 556 4068 esse,
587 3989 675 4055 nulla
707 3991 895 4057 dubitatione
922 3991 1034 4074 cibique
1066 3993 1176 4058 docent.
1229 3995 1281 4052 tur
1301 3989 1487 4070 quenulam
1507 3990 1543 4052 irr
1564 4009 1601 4052 ea
1622 3989 1744 4078 iustitia
1759 3989 1954 4070 prefecisset,
1983 4008 2078 4068 pcarrr
2097 4008 2130 4051 se
2149 3989 2206 4053 im·

201 4075 264 4141 Sed
289 4077 364 4157 quia
392 4077 472 4140 branc
494 4077 783 4158 pestilentissimum
811 4099 944 4143 errorem
979 4098 1043 4143 esse
1076 4099 1176 4163 supra
1224 4074 1358 4157 pleoisse
1385 4076 1482 4139 nimis
1513 4075 1659 4139 audacter
1691 4074 1901 4155 responderat,
1932 4094 2041 4155 operae
2068 4075 2206 4155 pretium

199 4163 375 4241 domuimus,
404 4164 484 4227 satis
510 4162 560 4226 bie
587 4164 630 4226 sit
655 4162 784 4227 breuiter
809 4171 943 4245 natasse,
971 4186 1008 4230 ea
1035 4166 1177 4246 opriniaue
1227 4161 1304 4243 fuit,
1331 4160 1492 4242 familiare
1519 4162 1587 4224 eius
1613 4161 1723 4225 uitium
1751 4164 1893 4224 eceutere.
1944 4158 2079 4224 Divitiis
2105 4163 2206 4223 arcum

197 4249 365 4329 fundatum
388 4269 452 4313 esse
473 4247 716 4313 mmaclrismum
738 4251 794 4330 qui
813 4271 895 4316 nunc
915 4256 973 4330 est,
1000 4272 1095 4333 quam
1116 4272 1177 4317 me-
1228 4268 1324 4328 quum
1346 4247 1523 4326 abundaret,
1546 4267 1597 4311 cor
1617 4247 1684 4311 illis
1705 4246 1838 4328 effecum
1859 4244 1993 4310 babebat.
2027 4245 2111 4327 Erpa
2129 4244 2205 4324 quia

198 4336 258 4398 rito
272 4334 325 4415 pii
347 4355 450 4399 ornnes
471 4335 627 4399 ecsecrari
648 4334 768 4399 debent:
790 4342 824 4399 ut
845 4337 958 4402 scilieet
969 4337 1176 4420 finpaturali-
1229 4333 1342 4398 uulnus
1363 4333 1417 4397 boe
1438 4338 1584 4398 secretum
1605 4353 1667 4396 narr
1689 4331 1849 4412 sentiebat,
1878 4354 1899 4396 a
1923 4330 2046 4396 Obristo
2068 4330 2206 4393 lancina-

199 4441 262 4500 333
284 4440 348 4485 esse
369 4423 536 4503 perfectior
557 4422 680 4486 uiuendi
701 4421 824 4504 reputa,
846 4444 941 4504 quarn
961 4424 1024 4487 ista
1045 4442 1177 4488 eorunm-
1228 4426 1287 4484 tur.
1340 4418 1433 4499 Vade,
1455 4420 1572 4501 inquit,
1595 4419 1689 4484 eerrde
1710 4420 1814 4483 annia
1837 4438 1916 4500 quae
1937 4417 2036 4481 babes.
2082 4413 2120 4479 Si
2141 4419 2206 4479 tam

198 4506 266 4583 nis,
294 4508 457 4572 universae
483 4507 625 4572 eeclesiae
646 4529 667 4571 a
690 4507 758 4572 Deo
786 4509 911 4573 tradita.
955 4508 1042 4574 Huic
1060 4509 1176 4590 fundu
1228 4507 1323 4570 bonus
1342 4506 1456 4588 fuisset
1476 4509 1575 4570 eustos
1596 4505 1672 4589 lepis
1691 4525 1785 4587 quam
1801 4504 1941 4586 putabat,
1962 4521 2022 4566 nou
2042 4501 2205 4565 discederet

197 4597 295 4656 mento
315 4594 468 4675 quidquid
489 4594 724 4676 superstruitur,
747 4595 874 4671 nonani
890 4594 1094 4660 abominabile
1111 4615 1175 4661 esse
1226 4597 1366 4671 uroestus,
1379 4591 1404 4677 ¹)
1433 4591 1488 4657 hac
1515 4590 1603 4656 uerbo
1625 4591 1739 4656 audita.
1786 4590 1872 4654 Nam
1901 4589 1955 4670 qui
1976 4586 2081 4651 Deum
2102 4587 2206 4671 dilipit

192 4682 300 4761 potest.
1227 4699 1264 4744 ea
1283 4683 1340 4742 toto
1362 4678 1458 4757 corde,
1479 4677 1633 4760 quidquid
1649 4697 1719 4742 curn
1740 4677 1807 4741 eius
1825 4674 1982 4740 dilectione
1992 4678 2123 4755 pupuat,
2145 4691 2205 4738 non

288 4768 335 4829 14.
388 4765 502 4830 Verum
529 4766 619 4832 aliud
640 4786 717 4832 suae
736 4766 934 4848 perfeetionis
962 4772 1175 4850 urpumentum
1225 4769 1344 4829 tantum
1366 4763 1454 4828 babet
1466 4785 1527 4846 pra
1548 4767 1685 4841 stercore,
1707 4762 1761 4828 sul
1782 4766 1930 4842 tanquam
1951 4758 2075 4822 exitiale
2092 4758 2206 4823 abomi-

198 4853 348 4933 afferunt,
382 4852 463 4932 qiud
489 4851 550 4916 sibi
578 4853 797 4934 firmissimum
823 4872 888 4917 esse
913 4857 1035 4934 putant.
1079 4853 1174 4918 Dicit
1226 4855 1327 4914 natur.
1376 4849 1463 4934 Drpo
1491 4850 1573 4932 quad
1606 4849 1731 4914 diuitem
1757 4865 1890 4910 auarum
1923 4843 2093 4925 relinquere
2124 4843 2205 4909 iubet

198 4939 279 5002 enirn
312 4936 470 5001 Dominus
503 4937 638 5022 (Manh.
666 4943 720 5018 19,
747 4942 795 5003 17.
831 4939 911 5004 Luc.
935 4944 982 5018 10,
1007 4938 1064 5024 26)
1097 4940 1175 5004 ader·
1229 4934 1372 5001 Omistus
1392 4937 1497 5002 omnia
1516 4955 1595 5018 quae
1615 4933 1711 5014 babet,
1731 4931 1864 5014 perinde
1885 4936 1929 4995 est
1957 4949 1993 4995 ae
2018 4931 2048 4994 si
2068 4929 2206 4995 anditio-

198 5021 318 5088 lescenti
339 5023 376 5087 de
391 5024 577 5105 perfectione
598 5026 737 5091 iustitiae
758 5026 974 5108 interropanti:
996 5025 1027 5089 si
1044 5026 1093 5090 eis
1103 5045 1176 5107 pen
1226 5041 1298 5086 sura
1318 5021 1460 5086 munibus
1480 5020 1660 5100 nomnibus,
1683 5019 1894 5100 voluptuosum
1915 5015 2055 5082 omnibns
2075 5015 2220 5096 inlicite·

269 5226 480 5295 1)1543.1545
502 5231 611 5282 vitiose:
634 5232 834 5286 commentitius
853 5272 858 5284 .
878 5271 885 5284 .
904 5270 911 5283 .
931 5271 937 5284 .
957 5232 1026 5300 quis.
1058 5227 1127 5284 1550
1149 5236 1176 5284 et
1813 5287 1818 5300 ,

198 5310 267 5366 seqq.
287 5299 364 5350 itera:
382 5299 596 5360 commentitiam
615 5338 621 5352 .
641 5339 648 5352 .
667 5340 673 5352 .
693 5340 700 5353 .
719 5301 799 5369 quod.
1296 5292 1326 5365 l)
1344 5292 1412 5348 154³
1429 5295 1512 5349 male:
1529 5311 1583 5349 non
1601 5296 1695 5348 iustus.
