4770 6030
183 352 244 414 111
344 370 347 375 ¹
749 344 848 414 111.
871 346 930 412 vr.
954 347 1046 433 (11.)
1090 345 1307 415 11111111
1327 347 1626 416 1111111111.
2132 359 2196 420 rsa

137 497 145 504 -
183 461 552 533 s1133131213orar.

184 538 540 622 Anthropcmorphitae
552 449 695 620 bneque,
717 539 774 620 qui
783 536 894 601 Deum
909 557 1101 619 corporeum
1122 559 1164 603 ex
1217 536 1328 603 derate
1349 537 1385 601 in
1405 537 1471 602 Dei
1491 539 1695 604 maiestatem
1716 540 1917 624 impingunt,
1947 543 2017 607 cius
2043 544 2195 610 substan-

111 653 145 679 ··
184 649 222 693 eo
250 635 328 691 sunt
354 625 540 708 imaginati,
569 623 656 706 quod
676 642 727 702 os,
757 644 866 700 aures,
900 623 1000 702 oculi,
1034 645 1162 703 manue,
1215 624 1281 688 tiae
1302 625 1510 690 novationem
1531 625 1697 707 quandam
1718 626 1912 709 affingendo.
1947 627 2034 695 Nam
2054 638 2092 695 ut
2113 652 2197 713 quae

184 712 297 797 pedes,
331 710 380 774 illi
413 731 509 795 saepe
542 709 764 787 ascribuntur,
802 710 905 773 nimia
934 709 1099 792 imperitia
1130 717 1163 774 et
1215 717 1389 774 externum
1415 730 1496 792 epus
1523 711 1701 793 respiciunt
1722 713 1787 776 Dei
1808 712 1956 790 nomina,
1985 716 2034 780 illi
2060 717 2194 783 attribui

184 797 327 865 ruditate
348 798 564 880 impegerunt.
610 793 694 874 Quis
716 796 818 873 enim,
849 795 902 860 vel
929 816 1046 877 parum
1068 796 1161 879 inge·
1216 802 1329 876 coepta
1357 803 1435 860 sunt
1461 797 1502 862 ab
1530 798 1637 879 operis
1664 799 1766 880 ipsius
1792 800 1966 864 existentia
1995 802 2105 885 (quale
2133 810 2192 882 est,

184 886 310 959 niosus,
340 904 405 947 non
427 881 581 965 intelligit
600 883 711 946 Deum
732 883 779 945 ita
799 880 982 958 nobiscum,
1006 902 1162 946 caucum
1215 880 1301 962 quod
1334 882 1414 948 coeli
1447 889 1481 946 et
1512 889 1619 948 terrae
1652 891 1779 949 creator
1805 885 1956 966 vocatur)
1990 888 2036 952 ita
2064 888 2194 954 nullum

183 970 363 1036 infantibus
386 974 625 1032 consuevertmt
646 969 803 1044 nutrices,
834 965 1070 1048 quodammodo
1092 966 1162 1031 bal·
1214 988 1333 1031 nomen
1355 969 1504 1051 agnoscit
1524 970 1641 1050 pietas,
1665 969 1751 1052 quod
1773 970 1845 1034 Deo
1868 970 1990 1052 aliquid
2012 996 2136 1039 novum
2157 975 2193 1039 in

184 1054 313 1122 butiro?
351 1053 494 1119 Proinde
521 1053 602 1118 tales
623 1053 776 1135 loquendi
797 1052 921 1117 formae
942 1072 1008 1115 non
1030 1059 1098 1117 tam
1121 1051 1163 1116 ad
1214 1075 1249 1117 se
1270 1054 1340 1135 ipso
1363 1053 1518 1119 accidisse
1539 1056 1708 1138 significet.
1754 1054 1823 1120 Sed
1846 1058 1955 1139 arguti
1983 1060 2106 1124 scilicet
2133 1061 2192 1125 ho·

183 1141 345 1224 liquidum
379 1139 568 1222 exprimunt
598 1139 704 1220 qualis
736 1139 779 1202 sit
811 1138 920 1216 Deus,
960 1158 1058 1219 quam
1091 1139 1161 1203 eius
1214 1139 1319 1202 mines
1341 1140 1591 1204 ratiocinantur:
1621 1162 1723 1223 quum
1746 1142 1856 1207 Moses
1883 1152 1998 1208 narrat
2024 1153 2104 1210 tunc
2126 1147 2193 1228 pri·

182 1228 333 1293 notitiam
361 1225 513 1289 tenuitati
541 1233 673 1290 nostrae
700 1223 954 1290 accommodant
1000 1222 1097 1303 Quod
1125 1230 1164 1287 ut
1214 1245 1306 1288 mum
1327 1225 1498 1307 loquutum
1518 1226 1629 1291 Deum
1645 1227 1754 1306 fuisse,
1777 1227 1875 1292 simul
1897 1229 2041 1308 innuere,
2065 1232 2193 1296 nullum

181 1315 249 1391 fiat,
271 1312 368 1396 longe
387 1312 473 1375 infra
490 1311 559 1375 eius
578 1312 781 1375 maiestatem
798 1309 1014 1374 descendatur
1030 1330 1162 1375 neccsse
1214 1317 1291 1375 ante
1317 1311 1352 1374 in
1381 1312 1451 1394 ipso
1483 1312 1582 1376 fuisse
1616 1333 1806 1377 sermonem.
1853 1312 1941 1393 Quid
1974 1317 2091 1381 audio?
2136 1318 2193 1383 An

183 1406 242 1464 est
276 1397 374 1463 Unde
396 1403 532 1478 apparet
553 1418 608 1461 eos
627 1392 841 1461 veliementer
863 1394 1002 1460 delirare
1024 1396 1080 1477 qui
1097 1396 1162 1460 Dei
1214 1397 1291 1478 quia
1312 1397 1515 1462 manifestari
1538 1397 1660 1479 aliquid
1681 1405 1768 1464 certo
1790 1407 1935 1481 tempore
1956 1402 2078 1485 incipit,
2103 1402 2192 1469 colli·

182 1485 360 1550 essentiam
383 1482 540 1547 eiusmodi
563 1481 834 1565 descriptionibus
861 1481 1049 1545 metiuntur.
1094 1481 1161 1546 Pro
1215 1480 1359 1564 gendum
1375 1490 1547 1565 propterea
1565 1490 1644 1562 orat,
1667 1506 1837 1567 nunquam
1853 1487 1945 1568 prius
1962 1487 2083 1554 fuisse?
2118 1490 2192 1572 Ego

184 1572 330 1636 confesso
348 1569 458 1652 igitur,
478 1569 559 1632 citra
577 1568 757 1651 longiorem
775 1566 1050 1649 disceptationem,
1069 1588 1161 1632 assu·
1215 1588 1291 1631 vero
1312 1568 1410 1652 longe
1432 1577 1524 1635 secus
1547 1567 1716 1634 concludo:
1745 1592 1846 1654 quum
1867 1573 1902 1636 in
1923 1573 1994 1654 ipso
2015 1583 2190 1654 momento,

184 1658 304 1721 mimus
332 1654 417 1737 quod
443 1655 483 1718 de
504 1674 570 1719 uno
591 1655 678 1733 Deo,
707 1654 910 1735 essentiaque
932 1653 1001 1718 eius
1022 1653 1159 1733 infinita,
1213 1674 1276 1735 quo
1298 1652 1382 1718 dixit
1403 1655 1508 1720 Deus:
1536 1656 1597 1719 tiat
1616 1656 1690 1734 lux,
1714 1658 1873 1722 sermonis
1894 1659 2000 1723 virtus
2021 1662 2192 1726 emerserit

184 1750 327 1819 aeterna,
350 1740 512 1824 spirituali
534 1739 658 1806 dictum
679 1746 737 1804 est.
1024 1762 1030 1772 ·
1214 1746 1247 1805 et
1267 1740 1438 1818 exstiterit,
1460 1742 1569 1822 ipsum
1589 1742 1693 1807 multo
1710 1744 1909 1808 antefuisse.
1939 1742 2050 1823 Quam
2067 1746 2191 1811 dudum

272 1832 300 1891 8.
336 1828 383 1890 Aa
399 1847 477 1891 vero
495 1847 578 1907 quac
595 1827 631 1889 in
648 1847 714 1890 una
732 1825 901 1889 divinitate
919 1825 1032 1890 subest
1047 1825 1159 1906 patris,
1213 1832 1338 1904 autem,
1367 1827 1394 1891 si
1417 1828 1488 1908 quis
1513 1828 1671 1909 inquiret,
1699 1828 1827 1893 nullum
1849 1829 2019 1894 exordium
2041 1832 2189 1914 reperiet

184 1914 244 1980 filii
266 1922 300 1978 11
321 1913 454 1994 spiritus
477 1910 650 1989 distinctio,
673 1933 733 1976 neo
756 1910 836 1975 adeo
858 1917 909 1975 est
929 1911 1061 1995 cognitu
1082 1911 1160 1975 faoi-
1212 1911 1328 1993 Neque
1345 1912 1434 1976 enim
1452 1920 1577 1977 certum
1594 1916 1750 1997 temporis
1768 1916 1910 1998 spatium
1924 1918 2080 1981 terminat
2089 1939 2192 2000 quum

184 1994 241 2079 lis]
270 2007 303 2064 et
330 1999 472 2082 ingeniis
500 1997 695 2080 quibusdam
716 1996 895 2079 plurimum
916 1996 1038 2080 negotii
1060 1996 1161 2060 mole-
1214 1996 1292 2063 dicit
1312 1998 1382 2079 ipse
1410 1998 1516 2080 (Ioan.
1540 2002 1594 2075 17,
1615 1998 1664 2082 5);
1694 2010 1788 2082 pater
1808 2001 1938 2066 illustra
1960 2002 2065 2066 filium
2087 2004 2191 2086 gloria

184 2088 329 2168 stiaeque
350 2085 487 2148 lacessit.
520 2082 620 2149 Hanc
638 2103 715 2166 ergo
737 2082 960 2164 quaestionem
980 2083 1162 2165 partiamur
1213 2104 1313 2165 quam
1340 2081 1427 2166 apud
1453 2091 1486 2148 te
1513 2084 1607 2149 initio
1632 2086 1774 2166 possedi,
1804 2094 1981 2169 antequam
2007 2089 2192 2154 iacerentur

183 2175 220 2237 in
243 2172 306 2236 duo
328 2172 448 2253 capita:
472 2177 506 2234 et
526 2171 631 2253 primo
653 2168 785 2251 quidem
806 2189 900 2233 suam
921 2167 989 2232 filio
1011 2175 1045 2232 11
1065 2168 1160 2250 spiri-
1213 2167 1429 2234 fundamenta
1459 2169 1589 2248 mundi;
1629 2169 1687 2235 scd
1718 2173 1806 2236 ultra
1838 2193 1934 2237 omne
1967 2181 2096 2256 tempus
2130 2195 2212 2241 nos-

184 2260 233 2323 tui
256 2258 460 2323 divinitatem
478 2276 671 2333 asseramus,
695 2253 811 2318 deiude
828 2254 962 2318 modum
983 2253 1162 2319 distinctio·
1214 2261 1353 2319 revocat
1398 2254 1636 2321 Censtituimus
1657 2277 1735 2339 ergo
1757 2280 1904 2335 rursum,
1928 2277 2112 2325 sermonem
2133 2283 2191 2326 ex·

184 2346 237 2410 nis
254 2344 397 2409 brevitor
419 2341 650 2426 expendamus.
684 2340 798 2422 Neque
820 2361 898 2405 vero
921 2338 962 2404 ad
983 2349 1161 2421 utrumque
1213 2347 1266 2404 tra
1287 2342 1442 2424 temporis
1463 2342 1594 2406 initium
1615 2363 1637 2406 a
1657 2341 1729 2407 Deo
1752 2351 1950 2425 conceptum,
1975 2346 2062 2427 apud
2082 2348 2191 2429 ipsum

184 2429 444 2495 confirmandum
477 2427 596 2492 desunt
628 2426 732 2490 solida
758 2427 938 2509 scripturae
965 2425 1160 2490 testimonia.
1213 2433 1370 2510 perpetuo
1408 2426 1576 2492 resedisse.
1621 2427 1718 2493 Unde
1751 2437 1784 2493 ct
1817 2430 2006 2507 aeternitas,
2047 2439 2080 2495 ct
2112 2453 2191 2499 vora

184 2517 271 2581 Nam
303 2536 404 2598 quum
436 2515 499 2578 Dei
534 2514 680 2579 verbum.
704 2512 772 2576 illic
804 2510 954 2576 audimus
986 2511 1160 2588 nominari,
1214 2514 1365 2592 essentia,
1389 2520 1422 2578 et
1443 2512 1597 2578 divinitas
1619 2515 1689 2578 eius
1712 2515 1947 2595 comprobatur.

184 2602 454 2667 absurdissimum
480 2599 592 2664 fucrit
605 2598 779 2681 imaginari
800 2598 925 2661 fluxam
947 2597 1108 2661 duntaxat
1129 2603 1162 2661 et
1304 2603 1351 2663 10.
1397 2595 1466 2664 Sed
1486 2600 1641 2681 quoniam
1662 2621 1704 2665 ex
1727 2599 1906 2664 divinitatis
1927 2600 2117 2682 probatione
2137 2624 2190 2670 re-

184 2688 358 2753 ovanidam
385 2708 515 2765 vecom,
545 2707 627 2769 quae
648 2685 684 2748 in
711 2704 820 2748 acrem
847 2683 1030 2761 emittatur,
1053 2683 1161 2747 cuius·
1213 2684 1302 2766 liqua
1323 2691 1579 2767 consequuntur,
1602 2686 1637 2750 in
1659 2708 1732 2751 eam
1754 2685 1963 2752 asserendam
1984 2686 2191 2768 potissimum

183 2774 283 2838 modi‘
295 2784 328 2838 et
350 2772 480 2837 oracula
500 2772 647 2854 patribus
675 2770 762 2835 edita
783 2774 817 2833 et
838 2768 1027 2851 prophetiae
1048 2788 1160 2832 omnes
1214 2771 1401 2835 insistemus
1407 2795 1416 2850 ;
1443 2772 1471 2835 ei
1496 2770 1592 2835 modo
1613 2773 1705 2854 prius
1727 2772 1767 2837 de
1791 2771 2005 2855 appellatione
2026 2773 2086 2836 filii
2108 2794 2190 2837 non-

128 2884 134 2895 ·
183 2859 330 2938 fuerunt;
364 2880 464 2941 quum
515 2866 649 2941 erpotua
675 2856 781 2939 magis
809 2855 969 2937 sapientia
999 2853 1162 2919 indicetur
1214 2856 1299 2920 nihil
1332 2856 1455 2922 dictum
1487 2857 1593 2922 fuerit.
1639 2858 1793 2936 Veteres,
1829 2857 1885 2939 qui
1918 2865 2052 2922 aeterna
2084 2858 2191 2923 filium

184 2945 271 3028 apud
289 2946 398 3008 Deum
418 2880 574 3021 residens,
597 2942 686 3007 unde
708 2948 742 3006 et
763 2941 895 3006 oracula
916 2948 950 3006 et
970 2939 1160 3023 prophetiae
1214 2942 1425 3025 generatione
1445 2963 1465 3006 a
1481 2950 1575 3025 patre
1593 2944 1755 3010 exstitisse
1772 2943 1965 3022 sentiebant,
1990 2966 2062 3009 eam
2081 2950 2190 3010 osten-

183 3051 298 3095 omnes
325 3030 523 3111 prodierunt.
567 3030 642 3094 Non
675 3028 764 3092 enim
795 3028 904 3092 minus
926 3027 1024 3110 (teste
1050 3025 1159 3105 Petro,
1215 3027 1292 3092 dere
1314 3049 1357 3092 ex
1378 3028 1503 3092 Iesaiae
1526 3029 1710 3093 testimonio
1732 3031 1936 3095 conabantur
1963 3029 2187 3181 (Ι11.53,8);
2295 3087 2300 3097 .

187 3116 317 3180 lPetr.
347 3119 377 3193 1,
412 3116 466 3201 11)
495 3116 619 3199 loquuti
646 3120 723 3178 sunt
751 3114 868 3194 spiritu
889 3111 1013 3178 Christi
1034 3118 1161 3176 veteres
1215 3114 1459 3197 generationem
1486 3114 1556 3178 eius
1582 3115 1654 3196 quis
1681 3114 1868 3181 enarrabit?
1913 3115 2039 3199 Inque
2062 3117 2190 3181 citano

183 3201 377 3285 prophetae,
404 3222 503 3283 quam
530 3201 679 3284 apostoli,
709 3200 943 3281 etquicunque
964 3204 1077 3281 postea
1097 3198 1162 3261 Dei
1215 3199 1430 3264 hallucinatos
1458 3193 1558 3264 fluisse
1584 3200 1694 3282 palam
1715 3208 1772 3267 ost.
1817 3201 1891 3266 Non
1914 3203 2002 3266 enim
2024 3201 2090 3267 illic
2112 3224 2190 3284 quo·

184 3289 357 3354 veritatem
390 3287 576 3351 homiuibus
609 3286 888 3351 administrarant.
933 3286 980 3348 Et
1011 3284 1040 3347 si
1073 3283 1162 3348 onim
1214 3284 1310 3350 modo
1340 3292 1434 3367 pater
1465 3285 1571 3350 filium
1599 3289 1764 3369 genuerit,
1797 3287 1856 3352 sod
1888 3308 1986 3369 quam
2016 3309 2191 3353 numerosa

184 3375 295 3438 Moses
317 3373 396 3437 satis
418 3371 570 3451 declarat,
593 3394 660 3436 non
681 3372 782 3436 fuisse
804 3371 1038 3453 temporarium
1059 3390 1161 3450 quen·
1213 3371 1402 3454 posteritate
1434 3392 1575 3456 regnum
1607 3373 1676 3438 eius
1709 3380 1863 3438 aucturus
1895 3380 1995 3450 osset,
2014 3372 2039 3456 ¹)
2072 3379 2190 3438 tractat

185 3459 261 3524 dam
288 3459 352 3523 Dei
378 3466 509 3537 nutum,
543 3480 607 3541 quo
640 3457 769 3523 condita
797 3464 875 3521 sunt
901 3457 1070 3533 universa,
1104 3454 1162 3520 sed
1213 3457 1380 3540 propheta.
1414 3457 1484 3522 Nec
1502 3457 1598 3522 valde
1616 3459 1714 3524 etiarn
1731 3461 1864 3523 firmum
1882 3458 2034 3541 estquod
2051 3457 2190 3524 subinde

183 3546 288 3609 fixum
306 3551 539 3626 aeternumque
557 3544 737 3621 consilium,
762 3551 803 3621 et,
827 3544 854 3606 si
876 3543 923 3606 ita
944 3542 1033 3623 loqui
1054 3541 1159 3618 liceat,
1214 3548 1385 3608 assumunt
1402 3563 1443 3607 ex
1460 3543 1609 3625 psalmis:
1632 3566 1675 3608 ex
1691 3551 1785 3609 utero
1803 3558 1879 3609 ante
1896 3545 2068 3608 lucilerum
2090 3544 2192 3627 genui

183 3639 296 3713 pectus
336 3631 442 3712 ipsum
475 3630 539 3694 Dei
568 3636 723 3712 perpetuo
757 3629 819 3693 sibi
848 3634 1000 3693 constans
1033 3634 1068 3691 et
1096 3626 1160 3691 im-
1213 3636 1261 3707 tc;
1288 3649 1389 3711 quum
1416 3631 1524 3694 versio
1550 3631 1615 3695 ista
1635 3651 1840 3712 nequaquam
1867 3630 2038 3694 hebraicae
2059 3631 2192 3697 veritati

183 3716 355 3795 mutabilo;
389 3717 434 3779 si'
450 3716 502 3780 cui
535 3723 646 3779 tamen
679 3714 713 3778 id
742 3715 878 3780 dubium
904 3713 957 3778 vel
986 3713 1161 3778 obscurum
1213 3715 1409 3792 consentiat,
1439 3736 1521 3797 quae
1543 3715 1589 3780 sic
1616 3716 1716 3781 habet
1743 3715 1845 3801 (Psal.
1871 3721 1945 3794 110,
1966 3713 2014 3798 3);
2039 3715 2190 3782 abutere

184 3801 292 3866 adhuc
313 3802 405 3879 11111,
428 3802 532 3865 multo
554 3801 748 3883 explicatius
770 3822 791 3865 a
808 3798 982 3865 Solomone
1004 3799 1160 3882 exprimi·
1213 3821 1350 3865 aurorao
1376 3800 1435 3864 tibi
1463 3822 1517 3866 ros
1546 3801 1727 3867 nativitatis
1748 3809 1832 3866 tuae.
1879 3799 1975 3882 Quod
1997 3822 2075 3886 ergo
2096 3823 2191 3884 prae-

185 3895 239 3952 tur
267 3887 380 3972 (Prov.
400 3892 435 3967 8,
462 3886 534 3972 22),
558 3886 636 3951 dum
666 3887 862 3969 sapientiam
892 3884 1020 3950 inducit
1041 3907 1062 3950 a
1087 3884 1160 3949 Deo
1212 3886 1343 3968 cipuam
1359 3887 1499 3969 speciem
1517 3886 1638 3952 habere
1660 3886 1792 3953 videtur
1813 3896 2053 3972 argumentum,
2076 3896 2126 3953 111
2146 3909 2190 3957 ex

186 3981 262 4038 ante
281 3973 410 4038 saecula
428 3976 581 4058 genitam,
604 3979 638 4037 et
654 3993 765 4036 rerum
782 3971 938 4037 creationi
959 3978 993 4035 et
1009 3970 1160 4035 omnibus
1211 3972 1321 4038 verbis
1342 3972 1478 4055 apostoli
1505 3973 1623 4056 quibus
1655 3972 1801 4052 docetur,
1832 3995 1891 4057 per
1923 3973 2028 4038 filium
2060 3973 2191 4040 condita

186 4060 251 4124 Dei
277 4060 428 4141 operibus
453 4059 703 4142 praesidentem.
747 4058 854 4123 1111111
882 4064 993 4122 autem
1013 4057 1161 4120 omnium
1211 4058 1311 4123 fuisse
1343 4059 1513 4138 universa;
1545 4059 1609 4124 nisi
1639 4059 1728 4125 enim
1756 4060 1824 4125 iam
1849 4067 1920 4124 tum
1948 4060 2064 4124 fuisset
2091 4061 2187 4139 filius,

186 4144 365 4210 clarissime
397 4146 538 4210 Ioannes
570 4144 674 4230 (Ioan.
701 4149 733 4222 l,
760 4142 807 4228 1),
843 4165 945 4227 quum
977 4163 1160 4207 sermonem
1212 4144 1368 4210 virtutem
1401 4165 1496 4209 suam
1526 4164 1594 4209 non
1620 4145 1816 4227 protulisset
1862 4144 1931 4211 Sed
1957 4146 2034 4212 huic
2062 4165 2188 4228 quoque

183 4231 288 4309 illum,
310 4232 365 4314 qui
388 4233 428 4297 ab
450 4232 543 4296 initio
565 4230 651 4313 apud
671 4231 780 4294 Deum
802 4236 881 4308 erat,
904 4230 1014 4294 Deum
1033 4248 1160 4310 quoque
1212 4230 1332 4295 rationi
1353 4251 1471 4312 parum
1492 4230 1599 4296 inesse
1619 4231 1781 4313 ponderis,
1805 4253 1846 4297 ex
1864 4231 2023 4297 similibus
2041 4231 2188 4297 formulis

185 4338 257 4382 esse
278 4323 425 4382 testatur.
467 4317 614 4399 Utraque
636 4317 725 4380 enim
746 4316 907 4398 particula
928 4314 1066 4380 solidam
1086 4334 1160 4396 por·
1211 4315 1321 4398 liquet.
1366 4315 1472 4381 Nemo
1494 4324 1581 4381 certe
1602 4324 1751 4383 nostrum
1772 4314 1966 4395 moiebitur,
1988 4319 2016 4382 si
2038 4317 2108 4397 quis
2131 4336 2189 4380 vo·

55 4452 61 4459 .
185 4410 438 4484 manentemque
464 4404 565 4469 verbe
591 4403 767 4467 essentiam
794 4402 950 4467 attribuit
994 4401 1100 4484 Ergo,
1123 4405 1161 4464 ut
1212 4401 1366 4467 cabulum
1394 4400 1520 4468 Christi
1545 4402 1587 4468 ad
1614 4402 1649 4467 id
1676 4411 1806 4486 tempus
1839 4404 1969 4468 trahere
1999 4402 2090 4477 velit,
2124 4423 2188 4483 quo

186 4508 300 4551 omnes
340 4488 495 4554 divinitus
531 4489 693 4571 profectae
725 4487 940 4552 revelationes
972 4486 1065 4551 verbi
1095 4485 1161 4550 Dei
1213 4486 1384 4553 Christum
1416 4509 1436 4552 a
1467 4486 1599 4554 Iudaeis
1631 4496 1796 4555 tentatum
1826 4492 1925 4555 fuisse
1959 4488 2036 4553 dicit
2063 4487 2188 4554 Paulus

186 4572 280 4638 titulo
300 4575 361 4639 rite
378 4576 608 4658 insigniuntur,
631 4575 679 4638 ita
694 4574 832 4639 verbum
848 4572 931 4637 illud
948 4571 1161 4637 substantiale
1213 4572 1245 4658 (1
1267 4572 1340 4639 Cor.
1369 4579 1423 4654 10,
1449 4573 1492 4660 9).
1536 4575 1747 4641 Notationem
1775 4578 1863 4640 enim
1890 4576 2003 4645 habet,
2037 4594 2119 4654 quac
2146 4573 2189 4639 ad

185 4661 328 4744 cogitare
349 4662 502 4726 convenit
523 4660 727 4725 oraculorum
746 4659 893 4723 omnium
919 4659 1159 4741 scaturiginem,
1213 4659 1451 4725 humanitatem
1478 4663 1609 4743 proprie
1636 4663 1787 4744 pertinet
1834 4660 1993 4727 Similiter
2014 4680 2116 4740 quum
2138 4658 2186 4724 di·

185 4745 286 4828 qucd,
321 4747 404 4811 nulli
436 4748 611 4812 variationi
643 4746 834 4824 obnoxium,
867 4749 1025 4826 perpetuo
1055 4765 1160 4808 unum
1212 4746 1297 4809 citur
1328 4745 1445 4826 (Hebr.
1468 4750 1521 4824 13,
1541 4745 1593 4830 8),
1626 4748 1738 4813 Iesum
1769 4746 1939 4812 Christum
1971 4746 2070 4809 fuisse
2104 4745 2185 4824 heri,

185 4841 297 4895 manet
319 4832 406 4915 apud
427 4834 545 4911 Deum,
569 4833 714 4897 11])111
736 4832 884 4914 ipseest.
1212 4852 1283 4896 esse
1311 4830 1421 4911 hodie,
1449 4839 1483 4896 11
1509 4833 1657 4897 futurum
1683 4834 1719 4897 in
1746 4832 1888 4897 saecula:
1919 4832 1947 4896 si
1976 4832 2049 4913 quis
2077 4853 2119 4895 ex
2148 4853 2192 4900 eo.

273 4922 301 4981 9.
346 4919 423 4983 Non
455 4918 573 4984 desunt
604 4925 715 4982 tamen
746 4918 818 4999 qui,
851 4937 952 4998 quum
985 4936 1079 4980 suam
1110 4914 1160 4980 illi
1211 4916 1393 4994 contendat,
1412 4939 1532 4982 nomen
1550 4917 1674 4983 Christi
1692 4939 1820 4999 semper
1837 4918 1865 4981 ei
1884 4917 2083 4995 convenisse,
2101 4916 2187 4981 nihil

187 5001 391 5070 divinitatem
411 5005 521 5088 palam
542 5005 667 5086 eripere
688 5024 755 5068 non
782 5004 905 5081 ausint,
934 5001 1160 5067 aeternitatem
1212 5003 1337 5067 efficiet
1389 5001 1479 5082 Quid
1517 5001 1606 5068 uliud
1644 5024 1743 5085 quam
1782 5003 2021 5068 haereticorum
2059 5002 2185 5069 cavillis

187 5088 372 5155 clanculum
398 5091 610 5155 suffurantur.
655 5090 781 5154 Dicunt
807 5091 909 5168 enim,
936 5097 1007 5152 tum
1029 5086 1161 5150 demum
1185 5104 1188 5149 1
1213 5143 1221 5148 .
1246 5144 1251 5148 .
1295 5145 1416 5150 m„

187 5195 368 5272 ⁸,ffl'm0nem
391 5198 461 5241 ⁰⁸³⁰
483 5177 634 5258 ⁰⁰⁰Pl⁸⁸⁰2
657 5197 758 5275 quum
775 5175 867 5240 Deus
885 5171 1053 5273 in,¹¹¹‚unfli
1070 5193 1159 5273 01'991'
1282 5207 1310 5276 1)
1354 5226 1415 5260 uam
1445 5210 1572 5263 diuturno
1600 5215 1723 5276 tempore
1756 5225 1869 5276 rrgnruu
1901 5209 1958 5261 eius
1989 5216 2187 5278 propagaturus

186 5266 273 5323 11111
294 5284 424 5327 sacrum
445 5284 541 5327 suum
562 5283 599 5327 os
621 5270 755 5344 aperurt.
800 5259 870 5326 Sed
895 5280 992 5325 1111111
1018 5279 1161 5324 moonsr·
1213 5284 1292 5329 esset.
1313 5275 1346 5329 15
1399 5284 1510 5347 areqq.

257 5362 368 5419 Caluini
378 5381 470 5436 opera.
507 5364 564 5418 Vol.
582 5363 607 5418 1.
1106 5398 1113 5415 .
1947 5362 1980 5416 31
