4770 6030
181 368 223 431 ιι
879 359 1112 428 urrsrons
1132 316 1537 428 ιιιιιιοιιιιιιιιιιιι,ἱ
2068 333 2072 345 “
2154 368 2197 457 22

182 555 246 621 alia
272 561 351 620 nota
376 556 547 634 eontineri,
578 551 618 640 [p.
639 540 694 639 aa]
718 574 848 636 nempe:
876 574 960 634 pura
984 550 1078 616 verbi
1098 551 1163 614 Dei
1216 557 1514 632 repraesentassent
1523 551 1812 635 quadringentiilli
1834 553 2012 636 prophetae
2023 554 2191 637 qniAhah
2220 567 2229 585 ⁰

181 667 421 751 praedieatione
440 674 473 730 et
494 665 640 750 legitima
656 673 934 732 saoramentorum
952 663 1161 728 administra·
1215 663 1456 727 mentiebantur
1488 662 1521 748 (l
1546 665 1629 748 Reg.
1655 662 1733 748 22)?
1791 665 1839 728 At
1864 664 2000 730 eoelesia
2032 667 2140 732 stabat
2173 687 2194 732 a

182 781 277 844 tione.
301 779 556 857 Fremuntnisi
566 777 702 844 eeclesia
713 797 841 858 semper
851 775 951 859 digito
962 773 1161 839 ostendatur.
1215 775 1361 855 partibus
1383 775 1505 854 Micha,
1527 775 1627 840 solius
1649 775 1781 858 quidem
1802 782 1836 840 et
1856 778 2116 860 eontemptibilis,
2140 777 2198 843 sed
2329 780 2332 784 ’

182 890 250 956 Sed
271 912 370 973 quam
392 911 488 972 saepe
510 890 545 953 in
566 889 684 972 populo
706 888 904 953 Iudaeorum
924 889 971 952 sio
989 886 1162 951 deformari
1216 907 1258 949 ex
1279 887 1371 951 ouius
1392 908 1447 951 ore
1469 909 1585 952 verum
1605 887 1841 971 egrediebatm.
1886 889 2004 954 Nonne
2026 897 2060 955 et
2075 910 2196 954 nomen

182 1004 326 1085 oontigit‚
349 1010 386 1065 ut
407 1001 498 1065 nulla
516 1002 638 1083 speeies
660 998 837 1064 emineret?
882 998 992 1080 Quam
1010 1006 1163 1080 putamus
1216 1005 1249 1062 et
1269 999 1386 1063 faeiem
1410 999 1564 1064 eeclesiae
1580 1020 1659 1081 prae
1680 1022 1716 1064 se
1737 1001 1887 1065 ferebant
1909 1001 2096 1083 prophetae,
2119 1023 2196 1066 eum

180 1116 321 1179 formam
343 1112 595 1200 resplenduisse,
623 1134 698 1177 eum
718 1112 810 1176 Elias
830 1111 935 1176 solum
956 1132 991 1174 se
1013 1110 1163 1175 relietum
1215 1132 1281 1174 uno
1307 1111 1431 1193 impetu
1458 1109 1615 1176 adversus
1641 1111 1817 1176 Ieremiam
1843 1114 2052 1196 insurgerent
2075 1120 2109 1177 et
2134 1113 2197 1176 mi·

182 1223 366 1307 deploraret
388 1224 421 1309 (l
443 1225 524 1307 Reg.
548 1222 624 1308 19)?
658 1222 825 1304 Quamdiu
844 1223 885 1287 ab
903 1222 1047 1287 adventu
1064 1222 1162 1287 Chri·
1216 1245 1313 1289 naees
1334 1223 1508 1288 iaetarent:
1530 1224 1604 1287 fieri
1623 1244 1691 1287 non
1714 1244 1817 1305 posse,
1839 1233 1878 1289 ut
1896 1226 2019 1307 periret
2034 1224 2090 1288 lex
2108 1246 2128 1288 a
2145 1245 2198 1289 sa-

182 1338 226 1402 sti
253 1314 406 1400 deformis
434 1335 553 1400 latuit?
604 1334 739 1416 Quoties
766 1335 866 1399 abeo
893 1341 1038 1416 tempore
1060 1333 1162 1413 bellis,
1216 1334 1354 1414 eerdote,
1384 1335 1554 1400 eonsilium
1581 1357 1602 1399 a
1629 1336 1792 1418 sapiente,
1825 1337 1963 1401 verbnm
1995 1357 2016 1400 a
2039 1335 2200 1418 propheta

182 1447 408 1526 seditionibus,
437 1447 626 1512 haeresibus
654 1447 701 1512 sie
731 1467 885 1528 oppressa
913 1453 975 1524 est,
1005 1453 1044 1510 ut
1074 1445 1165 1510 nulla
1217 1447 1294 1532 (Ier.
1329 1446 1404 1531 re)?
1459 1446 1629 1511 Adversus
1668 1454 1772 1512 totam
1814 1448 2048 1530 prophetarum
2091 1448 2196 1512 natio·

182 1570 277 1643 parte
304 1558 465 1644 fulgeret?
502 1560 571 1637 An,
595 1560 623 1624 si
644 1581 683 1623 eo
702 1566 847 1642 tempore
868 1559 1036 1637 vixissent,
1060 1557 1164 1622 eredi·
1216 1581 1293 1623 nem
1313 1559 1400 1624 solus
1426 1558 1583 1623 Ieremias
1604 1560 1760 1638 mittitur,
1787 1561 1843 1643 qui
1865 1581 1885 1624 a
1905 1560 2048 1623 Domino
2070 1559 2197 1625 denun-

184 1672 308 1736 dissent
340 1672 443 1736 ullam
470 1688 541 1735 esse
568 1669 758 1736 ecelesiam?
809 1668 877 1736 Sed
911 1669 1036 1734 audivit
1060 1669 1162 1747 Elias,
1217 1672 1292 1736 eiet:
1315 1672 1384 1735 fore
1405 1679 1443 1735 ut
1463 1672 1518 1735 lex
1538 1678 1652 1753 pereat
1672 1692 1693 1735 a
1713 1670 1888 1749 saeerdote,
1911 1669 2082 1736 eonsilium
2103 1693 2123 1735 a
2144 1692 2197 1736 sa·

183 1783 275 1849 salva
297 1805 368 1848 esse
390 1790 515 1865 septem
535 1781 639 1846 millia
659 1783 818 1861 virorum,
836 1782 898 1871 ¹qui
918 1803 985 1845 non
1006 1802 1164 1846 curvave-
1215 1785 1338 1866 piente,
1365 1783 1503 1848 verbum
1530 1805 1550 1848 a
1576 1784 1744 1866 propheta
1793 1782 1912 1847 Nonne
1939 1783 2014 1847 talis
2041 1782 2194 1865 splendor

183 1904 261 1961 rant
283 1917 369 1978 genn
391 1902 467 1959 ante
484 1894 577 1959 Baal.
612 1894 681 1959 Nee
704 1893 839 1959 dubium
859 1894 953 1959 nobis
970 1914 1041 1958 esse
1059 1891 1162 1970 debet,
1215 1895 1397 1980 refulgebat
1416 1897 1451 1960 in
1469 1917 1507 1960 eo
1524 1896 1667 1973 coneilio,
1690 1894 1776 1978 quod
1793 1895 1979 1977 pontifiees‚
2003 1895 2136 1971 scribae,
2160 1900 2194 1958 et

184 2008 264 2090 quin
290 2004 419 2089 semper
444 2007 479 2070 in
505 2006 602 2070 terris
628 2007 816 2088 regnaverit
843 2004 1010 2084 Christus,
1037 2025 1164 2087 exque
1214 2006 1386 2072 Pharisaei
1407 2007 1616 2090 eollegerrmt,
1639 2006 1774 2072 consilia
1795 2005 1835 2070 de
1857 2005 2081 2071 interficiendo
2099 2004 2198 2070 chri·

184 2119 312 2184 eoelum
333 2104 486 2183 aseendit
520 2116 705 2181 Notabilem
726 2117 869 2199 aliquam
887 2118 1026 2182 formam
1046 2117 1073 2181 si
1092 2123 1164 2180 tum
1215 2126 1264 2183 sto
1287 2121 1447 2201 oaptaturi
1469 2116 1573 2202 (Ioan.
1597 2116 1672 2203 ll)?
1710 2118 1801 2183 hiant
1820 2139 1908 2182 nune
1935 2125 1968 2181 et
1993 2119 2029 2181 in
2054 2125 2193 2183 externa

185 2232 234 2313 pii
258 2230 360 2296 oeulis
386 2230 610 2312 requisissent,
639 2250 747 2294 nonne
773 2231 920 2311 protinus
949 2227 1165 2294 eonoidissent
1216 2231 1309 2296 larva
1338 2230 1512 2309 haereant,
1544 2239 1583 2294 ut
1611 2228 1782 2295 Christum
1824 2238 1858 2294 et
1889 2250 2002 2294 omnes
2029 2230 2095 2293 Dei
2123 2229 2193 2294 vivi

187 2341 325 2407 animis?
357 2343 592 2407 Permittamus
614 2342 715 2425 igitur
736 2341 958 2419 hoeDomino,
976 2348 1015 2405 ut
1035 2339 1165 2422 quando
1219 2340 1260 2428 [p.
1282 2340 1336 2428 31]
1365 2342 1541 2437 prophetas
1564 2341 1685 2406 faciant
1705 2341 1942 2420 sehismatieos,
1966 2347 2100 2405 satanae
2132 2340 2196 2404 mi-

185 2455 274 2519 solus
290 2455 359 2536 ipse
371 2453 592 2535 novitquisui
608 2454 675 2518 sint
693 2451 728 2537 (2
740 2453 822 2516 'lim
833 2450 877 2536 2),
889 2451 1054 2516 interdum
1066 2453 1164 2517 etiam
1214 2456 1335 2538 nistros
1356 2455 1478 2520 faeiant
1499 2454 1632 2536 spiritus
1654 2455 1759 2518 saneti
1780 2474 1912 2536 organa.

185 2566 340 2632 eoelesiae
378 2586 456 2629 suae
501 2565 696 2629 exteriorem
730 2564 880 2628 notitiam
914 2565 955 2628 ab
994 2563 1164 2628 hominum
1302 2565 1399 2647 Quod
1420 2567 1448 2631 si
1470 2589 1513 2631 ex
1534 2567 1641 2630 animo
1663 2566 1854 2647 loquuntur,
1877 2564 2095 2646 respondeant
2116 2563 2199 2628 mihi

185 2686 319 2760 aspeetn
332 2678 465 2742 auferat
501 2677 573 2754 Est,
586 2677 698 2754 fateor,
714 2675 879 2741 horribilis
902 2671 942 2761 [p.
957 2672 1011 2760 29]
1025 2673 1083 2740 illa
1099 2676 1163 2739 Dei
1216 2679 1302 2743 bona
1332 2678 1412 2743 fide:
1447 2680 1582 2744 ubinam
1608 2678 1755 2762 gentium
1786 2697 1824 2740 ao
1852 2676 1998 2740 looorum
2024 2674 2195 2741 eoelesiam

184 2789 331 2855 vindicta
356 2810 455 2871 super
480 2796 611 2852 terram
661 2786 729 2854 Sed
756 2789 785 2853 si
816 2790 863 2851 ita
888 2793 1033 2851 metetur
1059 2785 1164 2850 homi-
1216 2791 1359 2856 residere
1384 2792 1584 2869 existiment,
1613 2812 1656 2854 ex
1681 2811 1744 2873 quo
1764 2788 1957 2853 Basiliensis
1980 2786 2117 2852 Oonoilii
2141 2785 2197 2851 de-

185 2924 267 2966 num
294 2902 458 2983 impietas,
492 2922 551 2965 cur
578 2900 707 2965 divinae
732 2899 875 2964 iustitiae
906 2899 1062 2963 Obsistere
1088 2898 1164 2962 niti·
1216 2912 1304 2970 ereto
1327 2903 1469 2969 deiectus
1493 2910 1527 2968 et
1548 2903 1715 2967 abdicatus
1734 2909 1785 2966 est
1805 2900 1994 2982 pontifieatu
2016 2898 2196 2981 Eugenius,

184 3013 280 3077 mur?
326 3010 382 3078 Sie
405 3013 563 3080 anteactis
583 3012 720 3077 saeoulis
741 3012 903 3075 Dominus
925 3010 1095 3074 hominum
1114 3011 1165 3074 in·
1216 3016 1391 3100 subrogato
1415 3017 1450 3080 in
1475 3016 1544 3080 eius
1565 3015 1673 3080 loeum
1695 3012 1882 3078 Amedaeo‘l
1927 3011 2071 3094 Negare,
2093 3007 2148 3074 vel
2169 3008 2199 3074 si

185 3123 418 3208 gratitudinem
439 3124 527 3188 ultus
547 3130 604 3187 est.
634 3123 723 3187 Nam
743 3124 819 3206 quia
839 3123 970 3188 veritati
991 3143 1069 3187 suae
1090 3122 1165 3186 obe=
1216 3135 1422 3210 rumpantur,
1451 3133 1630 3209 nequeunt,
1664 3125 1849 3203 eonsilium,
1878 3131 2039 3207 quantum
2066 3121 2108 3186 ad
2135 3142 2194 3186 ex·

184 3235 255 3301 dire
281 3236 455 3301 noluerant
476 3242 510 3299 et
530 3235 636 3301 lueem
657 3256 751 3299 suam
773 3235 997 3311 extinxerant,
1025 3255 1079 3299 eos
1107 3256 1165 3299 ex·
1216 3247 1325 3305 ternos
1352 3241 1435 3303 ritus
1462 3239 1591 3316 attinet,
1619 3238 1719 3302 fuisse
1744 3237 1942 3320 legitimum,
1968 3256 2029 3300 neo
2057 3235 2097 3298 ab
2124 3252 2191 3296 uno

183 3355 314 3414 eaeoato
342 3369 455 3426 sensu,
483 3353 516 3411 et
543 3346 692 3412 absurdis
718 3346 897 3411 mendaeiis
924 3345 1007 3424 ludi,
1035 3352 1069 3410 et
1090 3346 1165 3411 altis
1216 3359 1345 3417 tantum
1366 3351 1519 3434 pontifice
1540 3349 1598 3415 sed
1620 3371 1640 3414 a
1661 3349 1786 3414 duobus
1807 3348 1975 3413 indioturn
2007 3346 2195 3409 Damnatus

183 3460 328 3524 tenebris
355 3460 507 3542 immergi
533 3480 649 3540 passus
678 3465 741 3536 est,
769 3465 807 3522 ut
833 3457 924 3522 nulla
942 3479 1041 3523 verae
1063 3458 1164 3523 eeole-
1216 3472 1267 3530 est
1297 3463 1364 3529 illio
1390 3463 1560 3546 Eugenius
1590 3461 1789 3539 schismatis,
1822 3457 2021 3534 rebellionis,
2049 3456 2195 3537 pertina-

183 3573 252 3636 tiae
273 3573 372 3637 fwies
394 3578 528 3636 extaret
561 3541 706 3634 Interim
722 3577 834 3634 temen
855 3591 930 3634 SUOS
952 3577 986 3633 ei
1002 3568 1164 3652 dispersos
1214 3579 1292 3656 eiae,
1316 3597 1392 3642 eum
1420 3583 1487 3640 toto
1515 3574 1742 3640 Oardinelium
1768 3579 1801 3636 et
1828 3570 2054 3652 episcoporum
2081 3587 2191 3651 grege,

183 3691 218 3747 et
245 3683 469 3748 delitescentes
494 3684 529 3747 in
550 3681 667 3747 mediis
688 3682 852 3747 erroribus
874 3689 907 3754 et
932 3683 1075 3747 tenebris
1096 3704 1164 3747 ser-
1215 3690 1272 3772 qui
1303 3710 1379 3755 oum
1406 3708 1444 3752 eo
1472 3686 1609 3754 concilii
1640 3684 1884 3749 dissolutionem
1917 3679 2064 3745 admoliti
2090 3686 2194 3744 erent

184 3795 284 3860 vovit
320 3795 390 3859 Nee
411 3794 541 3859 mirum
574 3793 700 3859 Didicit
720 3794 808 3858 enim
830 3814 961 3858 servare
973 3801 1018 3858 et
1036 3795 1072 3858 in
1093 3795 1165 3877 ipsa
1215 3802 1335 3866 Postea
1355 3807 1481 3877 tamen,
1502 3799 1688 3881 prinoipem
1708 3797 1820 3861 favore
1842 3793 2045 3870 sublevatis,
2066 3791 2196 3857 salvum

184 3891 372 3971 eontrsione
393 3905 582 3990 Babylonis,
606 3912 640 3969 et
659 3906 793 3970 flamma
813 3906 955 3970 fornaeis
976 3905 1128 3972 ardentis.
1215 3900 1440 3996 pontideatum
1461 3911 1590 3992 reoepit
1635 3908 1699 3974 Illa
1716 3905 1875 3973 Amedaei
1892 3905 2015 3983 eleotio,
2034 3902 2197 3987 generalis

273 4016 370 4098 Quod
398 4024 507 4081 autem
527 4017 666 4082 formam
687 4016 840 4082 eeclesiae
862 4017 970 4082 neseio
992 4038 1057 4099 qua
1079 4039 1166 4083 vana
1217 4040 1250 4090 et
1281 4029 1505 4089 saerosanetae
1537 4020 1652 4106 synodi
1685 4019 1858 4084 autoritate
1890 4017 1953 4081 rite
1984 4023 2132 4098 peraeta,
2164 4013 2201 4078 in

185 4149 305 4212 pompa
322 4130 448 4195 censeri
465 4129 588 4206 volunt,
610 4127 645 4192 id
661 4150 761 4211 quam
776 4128 994 4212 periculosum
1015 4130 1066 4207 sit,
1084 4152 1165 4212 pau·
1215 4139 1343 4202 fumum
1365 4135 1458 4212 abiit,
1480 4134 1545 4199 nisi
1565 4131 1651 4216 quod
1671 4133 1741 4214 ipse
1764 4130 1875 4214 galero
1896 4127 2115 4204 oardinalitio,
2139 4145 2199 4191 eeu

186 4241 234 4306 eis
264 4240 413 4305 indieebo
444 4241 550 4323 magis
581 4262 680 4323 quom
711 4242 884 4320 enarrabo,
913 4262 956 4306 ne
987 4243 1167 4306 orationem
1218 4253 1308 4316 oanis
1329 4247 1455 4312 latrans
1476 4246 1596 4310 iniecta
1615 4243 1697 4323 offa,
1723 4241 1872 4325 placatis
1893 4248 1951 4306 est
1995 4240 2051 4303 Ex
2070 4237 2202 4301 illorum

186 4353 224 4416 in
243 4353 441 4418 immensum
463 4352 644 4417 extraham
679 4354 781 4435 Papa,
803 4354 963 4435 inquiunt,
987 4353 1165 4432 Romanus,
1217 4361 1469 4437 haeretieorum,
1491 4357 1676 4435 rebellium,
1698 4354 1915 4437 pertinaoium
1936 4351 2060 4434 gremio
2088 4344 2128 4432 [p.
2144 4343 2198 4432 32]

188 4465 244 4545 qui
265 4463 376 4530 sedem
407 4463 616 4547 apostolieam
636 4471 739 4543 tenet,
767 4472 801 4528 et
821 4465 962 4547 episeopi
988 4463 1045 4529 alii
1066 4465 1167 4531 eeele-
1216 4472 1345 4556 prodiit,
1371 4469 1527 4554 quidquid
1548 4467 1848 4552 posteaPaparum,
1871 4461 2105 4537 Oardinalium,
2127 4458 2195 4541 epi·

187 4577 272 4641 siam
293 4584 554 4659 repraesentant,
588 4585 622 4640 et
650 4598 710 4659 pro
736 4574 872 4642 eoelesia
898 4576 1013 4641 haberi
1039 4576 1166 4656 debent,
1218 4605 1397 4668 sooporum,
1422 4585 1584 4660 abbatum,
1606 4579 1872 4664 presbyterorum
1891 4575 1961 4639 fuit
1994 4571 2060 4635 Hie
2081 4568 2196 4652 depre-

187 4687 260 4752 1deo
288 4709 349 4755 nee
376 4710 487 4753 errare
514 4696 658 4771 possunt
704 4686 772 4768 Qui
797 4687 863 4754 sio?
909 4687 997 4769 Quia
1023 4697 1169 4771 pastores
1218 4697 1313 4761 hensi
1334 4695 1495 4760 haereant
1514 4713 1647 4759 neeesse
1668 4698 1726 4756 est
1757 4688 1878 4755 Utram
1898 4685 1988 4748 enim
2009 4684 2044 4746 in
2070 4691 2199 4764 partem

188 4810 267 4864 sunt
293 4800 462 4877 eoelesiae,
495 4808 529 4865 et
557 4801 737 4867 oonseerati
763 4800 914 4865 Domino.
968 4801 1016 4865 Et
1045 4801 1167 4880 Aaron,
1219 4809 1374 4875 eoelesiae
1399 4825 1520 4872 nomen
1545 4800 1732 4872 eonferent?
1776 4798 1995 4881 Negabuntno
2025 4794 2200 4859 eoneilium

190 4912 373 4994 caeterique
405 4913 561 4995 praefecti
591 4910 631 4998 [p.
657 4909 712 4998 30]
741 4912 859 4991 Israel,
892 4918 1038 4995 pastores
1065 4922 1167 4978 erant
1220 4920 1372 5004 generale
1392 4919 1506 4997 firisse,
1530 4918 1584 4982 eui
1604 4914 1688 4980 nihil
1710 4912 1753 4978 ad
1773 4909 1969 4975 exteriorem
1995 4907 2203 4972 maiestatem

191 5024 304 5088 Am
325 5021 445 5107 (¹3³1OEL
471 5027 508 5088 3¹
530 5032 564 5088 ei
586 5022 643 5107 32)
664 5033 698 5088 Oi
717 5023 777 5088 filli
798 5024 877 5102 flius,
899 5024 967 5088 iam
987 5025 1170 5094 saoerdotes
1221 5031 1353 5097 deerat?
1398 5030 1524 5112 Nempe
1545 5026 1631 5110 quod
1653 5025 1777 5089 duobus
1797 5018 2027 5101 diplomatibus
2048 5016 2201 5082 solemni·

191 5132 366 5218 designati,
390 5143 583 5201 erraverunt
602 5143 714 5201 tamen
734 5155 810 5200 eum
829 5135 970 5201 vitulum
991 5135 1171 5206 fabrieare-
1221 5153 1272 5209 tor
1292 5142 1460 5219 indiotum,
1482 5137 1687 5223 praesidente
1698 5135 1868 5199 Romanae
1889 5128 1976 5194 sedis
1992 5129 2102 5213 legato
2124 5149 2201 5194 oon·

192 5253 277 5310 ”ml
323 5245 395 5326 (Μ,
418 5247 598 5313 mundum
622 5247 708 5312 hunss
726 5247 894 5325 fflfiffiem,
918 5246 1089 5314 molosiam
1105 5275 1172 5320 non
1221 5263 1399 5334 seoretum,
1425 5273 1537 5318 rerum
1562 5249 1710 5315 omnium
1731 5243 1845 5311 ordine
1870 5241 2199 5397 bene2eompositnm,
2226 5243 2230 5249 '
