4770 6030
199 340 262 415 aas
535 376 544 386 ,
777 332 1044 401 mommerlo
1066 335 1170 400 aar..
1194 333 1375 431 enarer.
1401 336 1633 398 nso-1554.
2145 337 2207 399 arc

200 530 273 597 Per·
295 550 377 612 quas
403 528 460 592 ubi
486 525 572 589 nihil
600 528 782 609 profectum
810 534 876 606 est,
907 526 948 592 ad
977 525 1115 590 insidias
1143 546 1178 589 se
1231 523 1484 601 contentionem,
1508 544 1569 588 nec
1591 523 1717 588 sincere
1739 523 2208 607 evangelium‘praedicabant,

203 641 381 720 convertit3
410 638 546 704 dissidia
568 644 602 702 et
629 639 822 722 dogmatum
852 639 1092 716 contentiones,
1120 659 1179 720 per
1229 635 1392 701 malitiose
1424 636 1540 714 etiam,
1570 626 1753 718 cogitantes
1781 656 1815 699 se
1837 655 2025 718 pressuram
2052 636 2210 702 suscitare

200 751 446 835 Catabapti‘stas
466 760 542 816 suos
564 756 598 815 et
620 751 685 815 alia
704 751 907 816 nebulonum
928 756 1096 833 portenta,
1121 770 1178 812 ex·
1230 747 1372 814 vinculis
1396 748 1475 811 eius.
1527 746 1659 811 Alicubi
1694 767 1761 810 non
1792 746 1918 810 multus
1945 753 2017 812 erat
2044 747 2209 831 evangelii

199 864 329 941 citavit,
358 861 477 945 quibus
504 883 577 926 eam
604 862 806 940 obscuraret,
835 868 869 925 et
895 860 1031 926 tandem
1053 861 1178 926 exstin-
1229 859 1402 943 profectus.
1448 857 1575 923 Omnes
1596 879 1679 941 quae
1701 878 1761 922 sua
1783 864 1879 923 erant
1900 859 2116 940 quaerebant,
2139 880 2208 924 non

201 985 326 1060 gueret.
377 975 424 1038 llt
450 982 540 1038 n'unc
566 973 704 1055 utraque
735 973 890 1039 maehina
915 974 1023 1056 ipsam
1049 979 1179 1038 tentare
1229 993 1313 1055 quae
1337 971 1413 1035 Iesu
1436 969 1572 1035 Christi.
1625 970 1693 1035 Alii
1722 977 1904 1035 retrorsum
1932 970 2081 1050 abibant,
2111 993 2208 1037 canes

199 1094 404 1172 perseverat;
437 1086 598 1168 siquidem
630 1093 664 1148 et
690 1106 807 1150 verum
834 1084 918 1148 illud
950 1105 1061 1148 semen
1084 1086 1118 1148 vi
1140 1106 1179 1150 ae
1231 1083 1273 1148 ad
1294 1085 1466 1160 vomitum,
1491 1088 1525 1146 et
1547 1103 1621 1146 sues
1642 1081 1684 1146 ad
1705 1083 1917 1147 volutabrum
1936 1083 2008 1147 luti.
2053 1083 2208 1167 Plerique

195 1220 301 1272 manu
329 1199 501 1263 hominum
527 1198 666 1263 evellere
694 1203 845 1273 conatur,
886 1203 920 1260 et
947 1196 1016 1260 suis
1043 1197 1178 1261 zizaniis
1230 1196 1417 1262 libertatem
1452 1195 1589 1278 spiritus
1624 1195 1797 1278 rapiebant
1826 1194 1868 1258 ad
1896 1195 2064 1260 licentiam
2091 1197 2209 1262 earnis.

200 1309 378 1397 (quantum
398 1311 435 1373 in
455 1331 492 1375 se
514 1310 579 1394 est)
600 1310 720 1373 nititur
741 1328 920 1386 occaecato,
944 1328 986 1371 ne
1004 1315 1128 1373 crescat
1145 1314 1179 1372 et
1233 1307 1455 1372 Insinuabant
1484 1328 1556 1371 sese
1582 1305 1682 1370 multi
1709 1307 1836 1385 fratres,
1856 1306 1880 1390 ¹)
1909 1328 1929 1370 a
1955 1307 2073 1389 quibus
2095 1306 2213 1375 deinde

198 1423 345 1488 fructum
365 1421 489 1486 reddat.
534 1420 575 1485 Id
596 1427 708 1485 tamen
729 1421 839 1504 ipsum
861 1420 998 1494 frustra,
1022 1421 1050 1485 si
1071 1421 1179 1484 moni·
1232 1421 1296 1504 piis
1316 1420 1537 1484 imminebant
1558 1417 1716 1502 pericula
1748 1418 1843 1483 Inter
1858 1419 1948 1502 ipsos
1964 1419 2083 1484 fratres
2101 1422 2213 1486 variae

201 1543 307 1599 torem
328 1534 511 1598 Dominum
538 1532 704 1612 audimus,
732 1534 787 1615 qui
816 1537 850 1596 et
873 1533 944 1598 eius
965 1540 1053 1596 artos
1074 1531 1179 1595 multo
1204 1596 1207 1611 ,
1233 1532 1491 1597 concertationes
1534 1531 1786 1595 suscitabantur.
1847 1527 1936 1610 Quid
1971 1531 2026 1595 hic
2058 1533 2214 1615 apostolis

140 1723 144 1731 ι
201 1652 280 1711 ante
306 1645 401 1710 nobis
430 1645 573 1728 apenrit,
602 1666 645 1709 ne
671 1646 821 1711 incautos
850 1643 1122 1727 deprehenderet,
1146 1650 1180 1707 et
1233 1644 1399 1728 agendum
1420 1642 1512 1708 erat?
1551 1645 1607 1708 An
1628 1663 1697 1706 non
1719 1643 1773 1707 vel
1794 1643 1837 1707 ad
1854 1650 1985 1725 tempus
2003 1642 2214 1709 dissimulan-

203 1765 319 1823 contra
341 1777 455 1822 omnes
477 1757 547 1822 eius
568 1757 755 1834 machinas,
778 1758 859 1822 satis
881 1757 986 1820 firmis
1008 1754 1181 1838 praesidiis
1234 1756 1329 1834 dum,
1358 1756 1410 1821 vel
1439 1756 1549 1839 potius
1577 1755 1797 1819 omittendum
1830 1754 1913 1819 illud
1941 1755 2148 1840 evangelium
2176 1777 2214 1821 ae

203 1870 353 1935 armavit.
406 1867 596 1946 Caeterum,
629 1869 667 1932 in
699 1870 808 1952 ipsum
835 1869 900 1932 Dei
927 1868 1066 1933 verbum
1093 1866 1181 1929 invi·
1234 1868 1451 1933 deserendum
1472 1874 1558 1945 erat,
1581 1873 1661 1949 quot
1688 1874 1739 1930 tot
1759 1866 1869 1930 litium
1889 1867 2047 1932 videbant
2070 1889 2140 1933 esse
2161 1888 2214 1934 se·

204 1981 294 2046 diam
316 1980 472 2058 conferre,
496 1988 554 2044 aut
574 1980 782 2057 seditionum,
808 2001 890 2062 quas
911 1979 1053 2063 improbi
1075 1985 1108 2043 et
1130 2000 1181 2042 re-
1234 1981 1427 2057 minarium,
1450 1985 1501 2042 tot
1522 1979 1743 2063 periculorum
1764 1979 1953 2057 materiam,
1974 1986 2025 2042 tot
2044 1980 2213 2046 scandalo·

203 2077 319 2171 belles,
349 2099 407 2156 aut
429 2100 607 2170 sectarum,
637 2114 717 2174 quas
739 2093 934 2175 impostores
957 2098 1073 2158 contra
1094 2092 1182 2155 exci-
1235 2102 1310 2156 rum
1332 2090 1555 2156 occasionem?
1602 2091 1650 2156 At
1678 2091 1715 2155 in
1742 2090 1932 2155 huiusmodi
1958 2092 2120 2174 angustiis
2141 2113 2225 2187 suo·

204 2210 288 2283 tant,
311 2212 436 2286 quanta
457 2210 508 2267 est
527 2203 738 2287 malignitas?
783 2204 916 2269 Novum
937 2210 1051 2267 tamen
1071 2223 1182 2267 exem·
1237 2206 1402 2283 currebat,
1426 2203 1599 2270 Christum
1628 2224 1698 2267 esse
1725 2200 1869 2286 lapidem
1891 2202 2082 2268 offensionis
2104 2211 2138 2269 et
2158 2227 2215 2289 pe·

203 2315 298 2399 plum
319 2335 387 2379 non
409 2322 467 2380 est.
512 2315 783 2399 Interrogabatur
809 2316 903 2381 Elias
926 2337 969 2379 an
991 2335 1060 2378 non
1081 2314 1110 2379 is
1133 2335 1184 2378 es·
1237 2324 1324 2382 tram
1346 2315 1501 2401 scandali,
1523 2316 1668 2398 positum
1686 2315 1722 2378 in
1740 2315 1873 2378 ruinam
1892 2321 1925 2383 et
1942 2318 2215 2382 resurrectionem
2268 2339 2270 2343 ’

205 2433 257 2493 set
278 2428 335 2508 qui
354 2427 509 2492 turbabat
529 2427 642 2491 Israel.
686 2426 841 2492 Christus
859 2426 1034 2492 seditiosus
1052 2425 1184 2490 Iudaeis
1237 2428 1433 2506 multorum,
1464 2427 1556 2492 etin
1579 2427 1786 2510 signumeui
1809 2426 2095 2493 contradiceretur.
2140 2428 2216 2510 Qua

184 1853 196 1889 Ι

145 2539 149 2547 ’
204 2545 285 2605 erat
330 2538 498 2621 Apostolis
530 2539 655 2605 crimen
683 2538 929 2622 impingebatur
957 2537 1184 2602 commotionis
1236 2540 1358 2606 fiducia
1384 2540 1503 2605 armati
1532 2561 1593 2623 per
1614 2540 1726 2603 omnia
1751 2539 1955 2603 tumultuum
1981 2539 2214 2605 offensionum·
2294 2581 2311 2594 κ

205 2649 383 2734 popularis.
429 2648 518 2730 Quid
540 2650 630 2714 aliud
652 2657 758 2733 agunt
779 2649 835 2731 qui
858 2649 955 2713 hodie
977 2670 1092 2714 omnes
1114 2657 1185 2712 tur-
1237 2675 1300 2736 que
1329 2651 1519 2718 discrimina
1547 2650 1703 2716 audacter
1735 2650 2038 2734 progrediebantur.
2087 2651 2214 2716 Eadem

204 2763 273 2841 bas,
297 2762 474 2839 tumultus,
497 2763 740 2839 contentiones,
768 2781 852 2843 quae
874 2761 909 2825 in
931 2782 991 2826 nos
1014 2761 1184 2839 ebulliunt,
1238 2772 1271 2830 et
1292 2785 1354 2829 nos
1376 2764 1575 2848 cogitatione
1593 2763 1773 2828 sustentari
1791 2762 1891 2842 decet,
1914 2761 2044 2845 quando
2062 2763 2123 2829 hoc
2140 2786 2214 2847 per-

205 2874 300 2939 nobis
334 2868 524 2957 imputant?
575 2873 710 2938 Talibus
741 2879 851 2967 autem
878 2873 957 2957 quid
985 2872 1185 2956 responden·
1238 2885 1376 2962 petuum
1408 2875 1573 2961 evangelii
1586 2876 1616 2961 ²)
1648 2881 1791 2940 testatur
1822 2875 1962 2954 Pardus,
1997 2883 2036 2939 ut
2066 2877 2110 2939 sit
2135 2876 2215 2941 odor

205 2985 287 3051 dum
308 2987 360 3062 sit,
385 2985 495 3050 docuit
513 3006 574 3050 nos
595 2984 697 3062 Elias,
718 3005 777 3049 nos
799 3006 866 3050 non
889 3006 959 3051 esse
980 2986 1037 3066 qui
1059 2985 1111 3049 vel
1133 3007 1185 3049 er·
1238 2990 1355 3053 mortis
1376 2990 1412 3052 in
1430 2995 1571 3054 mortem
1593 2989 1635 3052 iis
1657 2978 1713 3071 q'ni
1732 2995 1881 3071 pereunt,
1904 2986 1985 3052 odor
2004 2987 2094 3053 vitae
2111 2987 2148 3052 in
2164 2989 2215 3054 vi·

207 3117 298 3161 rores
326 3097 529 3180 spargimus,
562 3096 615 3161 vel
647 3095 810 3162 tumultus
838 3117 1080 3162 commovemus
1087 3119 1095 3175 ;
1127 3096 1185 3161 sed
1238 3109 1307 3166 tam
1340 3101 1382 3165 iis
1407 3102 1464 3184 qui
1492 3100 1576 3165 salvi
1602 3101 1697 3164 fiunt.
1712 3099 1742 3184 δ)
1790 3099 1877 3180 Quod
1897 3100 2003 3180 ipsam
2022 3118 2079 3163 aes
2099 3119 2216 3182 qaoqece

207 3226 263 3271 eos
284 3207 387 3291 ipsos,
416 3208 472 3290 qui
494 3208 559 3272 Dei
571 3208 697 3271 'virtut
719 3206 936 3273 obluctantur.
982 3208 1124 3286 Verum,
1147 3215 1186 3272 nt
1238 3217 1314 3277 certe
1335 3201 1560 3294 caperemur,
1588 3213 1654 3276 aiei
1675 3216 1783 3276 costra
1802 3211 2026 3294 ingratitaedbre
2046 3230 2217 3292 sermome-

158 3308 161 3315 ’
206 3317 290 3383 illud
311 3340 415 3384 unum
439 3319 480 3384 ad
502 3318 742 3384 retundendam
760 3341 874 3384 eorum
892 3320 1113 3385 temeritatem
1132 3340 1184 3384 sa·
1237 3345 1340 3390 remae
1361 3324 1416 3390 boo
1436 3329 1501 3391 tom
1522 3324 1682 3408 aepulare
1698 3323 1762 3389 Dei
1779 3322 1964 3404 benefidae,
1983 3343 2019 3388 oo
2036 3325 2071 3388 ia
2088 3324 2216 3387 cattam

207 3430 250 3495 tis
272 3438 337 3510 est,
366 3433 415 3497 ita
437 3430 570 3497 rursum
597 3431 737 3495 aliorum
764 3431 984 3497 imbecillitati
1011 3451 1184 3496 occurren-
1237 3442 1376 3502 moeson
1402 3441 1601 3515 voraremus,
1624 3436 1706 3517 qaod
1731 3433 1819 3499 cobis
1839 3436 1967 3499 acinon
1987 3435 2102 3500 salutis
2122 3456 2215 3516 prce
2324 3489 2329 3493 .

207 3541 300 3623 dum,
329 3565 409 3625 quos
438 3544 560 3609 talibus
581 3543 787 3609 offendiculis
810 3544 1022 3622 commoveri,
1052 3565 1089 3608 ao
1109 3565 1183 3627 per-
1235 3551 1354 3616 so'diom
1376 3570 1441 3614 esse
1460 3546 1611 3615 ᾱεὺαεναέ.
2097 3591 2102 3599 =

206 3655 354 3719 turbatos
375 3657 530 3721 vacillare
551 3677 619 3720 non
649 3676 723 3721 raro
746 3655 918 3752 contingit
963 3655 1018 3718 Illi
1039 3677 1118 3720 voro
1140 3677 1183 3721 ne
1322 3661 1391 3729 Sed
1412 3662 1454 3727 ad
1477 3669 1510 3727 te
1531 3671 1696 3739 revertor,
1719 3679 1739 3726 o
1760 3658 1973 3745 magnanime
1992 3661 2075 3724 Rex.
2118 3659 2214 3723 Nihil

205 3764 268 3829 hae
293 3769 540 3849 perturbatione
566 3767 747 3848 labescant,
777 3789 814 3832 ac
837 3766 877 3832 de
900 3766 1005 3851 gradu
1027 3767 1183 3834 delician-
1235 3786 1268 3844 to
1289 3761 1445 3842 morcant
1466 3795 1572 3840 vanae
1592 3773 1668 3839 illae
1692 3772 1884 3852 delationes,
1914 3773 2032 3854 quibus
2053 3778 2214 3837 terrorem

204 3882 269 3954 tur,
291 3878 398 3941 sciant
418 3881 533 3945 eadem
554 3887 706 3965 expertos
726 3901 797 3946 csse
818 3900 879 3944 suo
900 3878 1030 3944 saeculo
1053 3888 1183 3963 aposto-
1235 3890 1295 3957 tibi
1325 3889 1461 3954 iniicere
1488 3887 1645 3951 nituntur
1678 3885 1783 3950 nostri
1805 3884 1997 3951 adversarii:
2032 3905 2101 3948 non
2123 3882 2213 3949 aliud

203 3987 269 4067 los,
293 4009 376 4071 quae
400 4012 489 4056 nunc
516 4014 578 4056 usu
605 3994 700 4059 nobis
722 3994 871 4061 veniunt.
922 3993 1032 4057 Erant
1058 3991 1183 4055 indocti
1236 4003 1297 4066 hoo
1318 4022 1403 4067 novo
1428 3998 1601 4084 evangelio
1625 3998 1687 4083 (sic
1705 3998 1794 4063 enirn
1812 3995 2003 4081 appellant),
2027 3997 2152 4079 captari
2175 4017 2213 4060 ac

204 4106 238 4165 ot
264 4100 452 4179 instabiles,
480 4104 537 4185 qui
564 4103 605 4168 ad
632 4126 726 4169 suam
749 4107 897 4188 ipsorum
924 4103 1105 4186 perniciem
1126 4101 1183 4167 de-
1236 4113 1357 4197 quaeri
1380 4114 1446 4178 nisi
1467 4112 1666 4178 seditionum
1687 4109 1974 4195 opportunitatem,
1997 4128 2036 4173 ac
2055 4109 2214 4174 vitiorum

202 4219 383 4294 pravarent
403 4233 487 4294 quae
509 4236 529 4278 a
550 4214 655 4279 Paulo
677 4215 837 4279 divinitus
865 4214 988 4298 scripta
1009 4222 1121 4292 erant,
1144 4221 1183 4277 ut
1235 4228 1381 4291 omnium
1403 4214 1645 4308 impunitatem,
1680 4224 1795 4305 Neque
1817 4221 1906 4287 onim
1927 4219 2099 4285 divisionis
2116 4221 2213 4284 Deus

202 4323 251 4388 811
272 4323 394 4389 Petrus
416 4322 451 4410 (2
469 4325 559 4389 Pell'.
580 4328 608 4403 3,
630 4324 694 4410 16).
744 4327 853 4391 Eranli
882 4327 947 4391 Del
978 4331 1182 4408 Contempto·
1234 4345 1329 4404 autor
1349 4345 1407 4420 est,
1430 4336 1488 4402 sed
1508 4335 1615 4420 pwig3
1638 4341 1671 4400 et
1690 4335 1778 4401 filius
1795 4333 1860 4398 Dei
1882 4354 1951 4397 11011
1971 4332 2095 4416 peceafi
2111 4331 2210 4396 mini..

200 4454 268 4515 ¹⁰⁸,
297 4436 354 4518 (lui
381 4456 483 4519 quum
510 4436 688 4501 audiebant
722 4438 905 4503 abundffiflss
927 4442 1113 4521 P⁰⁰0²¹l¹111b
1139 4408 1182 4524 'ut
1234 4458 1302 4515 ster
1334 4457 1398 4528 est,
1432 4448 1489 4532 qui
1517 4449 1610 4514 venit
1637 4447 1679 4513 ad
1711 4439 1923 4511 dissolvenda
1950 4465 2049 4528 opera
2082 4442 2209 4508 diaboli

200 4548 310 4630 gratia
332 4546 524 4628 exundaret,
545 4549 659 4614 statim
680 4548 890 4633 ingerebant:
913 4548 1121 4613 manebimus
1143 4549 1180 4612 in
1231 4565 1279 4628 Et
1310 4582 1371 4626 nos
1403 4559 1521 4627 talium
1553 4560 1772 4644 eupiditatum
1810 4556 1975 4622 immerito
2009 4575 2209 4632 accusamur,

199 4666 346 4741 peccato,
369 4668 408 4724 ut
429 4660 537 4744 gratia
564 4659 717 4726 abundet.
763 4659 876 4741 Quum
899 4660 1077 4725 audiebant
1098 4659 1179 4724 fide-

199 4769 248 4835 les
268 4789 337 4834 non
358 4792 428 4836 esse
446 4773 507 4838 sub
527 4772 609 4856 lege,
632 4773 783 4856 protinus
800 4773 1007 4839 occinebant:
1030 4771 1178 4856 peccabi·
1234 4758 1243 4762 ⁵
1435 4836 1451 4861 ὰ

198 4902 289 4959 mus,
318 4883 395 4966 quia
429 4904 497 4948 non
527 4862 652 4976 sumus¹
668 4885 730 4951 sub
758 4884 845 4968 lege,
879 4884 936 4949 sed
965 4883 1027 4949 sub
1059 4883 1176 4967 gratia
1300 4890 1330 4956 1)
1347 4889 1415 4959 hoe:
1432 4866 1533 4943 batres
1547 4889 1622 4953 sobi,
1641 4886 1747 4941 aomo
1758 4889 1907 4939 correctore
1920 4881 2068 4936 caracam
2078 4880 2119 4933 aa
2133 4878 2210 4932 15³6.

198 4992 310 5058 Erant
330 4995 386 5076 qui
407 4994 502 5059 fflum
523 4996 602 5061 malj
624 5017 793 5062 suasorem
814 4996 1006 5080 arguebant·
1053 4994 1178 5062 subin,
1230 4975 1261 5045 2)
1278 4976 1349 5074 hunc
1366 4980 1527 5072 perpetuum
1546 4974 1682 5042 evangelii
1699 4972 1807 5069 genium
1826 4987 1884 5067 esse
1903 4967 1978 5066 1543Ι
1988 4965 2058 5038 seqq.
2119 4965 2149 5030 3)
2168 4972 2208 5017 ta-

1230 5069 1310 5114 metsi
1327 5080 1356 5114 m
1374 5061 1445 5113 bunc
1462 5067 1553 5130 potrus
1573 5077 1649 5111 usum
1670 5058 1747 5112 vobis
1767 5054 1891 5124 [noted]
1910 5056 2075 5108 destinatum
2092 5058 2160 5116 erat,
2178 5057 2211 5102 ut

199 5104 334 5170 trabant
354 5106 451 5170 multi
472 5108 731 5193 pseudapostoli,
757 5109 815 5192 qni
835 5107 1006 5172 diruerent
1027 5106 1177 5173 90018βί38
1231 5148 1298 5202 odor
1316 5154 1388 5200 esset
1407 5147 1479 5199 vitae
1498 5148 1526 5199 in
1544 5146 1629 5198 vitam
1648 5160 1679 5196 ae
1697 5143 1819 5212 potentia
1837 5143 1887 5195 Dei
1905 5142 1931 5196 iu
1951 5142 2064 5193 salutem
2080 5138 2208 5190 fidelium.

200 5235 282 5298 quas
309 5217 380 5299 ipse
408 5218 647 5286 aedificaverat
695 5218 840 5301 Quidam
868 5241 929 5304 per
955 5218 1117 5284 invidiam
1143 5223 1179 5282 et
1231 5231 1299 5285 1543
1315 5247 1386 5303 seqq.
