4770 6030
237 340 380 407 XXXII
776 334 1040 402 nvsmruvlo
1062 334 1338 401 RELIGIONIS
1361 333 1687 401 CHRISTIANAE.

239 530 366 596 avidim
387 537 541 615 tantoque
560 527 709 592 uberiore
731 548 806 592 cum
827 526 936 590 fructu
957 526 998 591 ab
1020 525 1059 590 iis
1081 526 1229 591 omnibus
1251 546 1352 608 usque
1374 525 1515 607 legetur,
1538 526 1593 606 qui
1613 529 1684 587 tum
1706 524 1778 588 aliis
1799 530 1870 588 tum
1891 523 1968 589 huic
1989 524 2132 588 maxime
2153 522 2233 588 Cal·

239 644 315 708 vino
336 640 456 708 vindici
478 661 586 719 suam,
614 660 679 720 qua
700 640 736 702 in
758 637 854 703 rebus
876 636 918 702 ad
939 637 1050 702 Deum
1071 645 1104 701 et
1123 636 1223 702 fidem
1242 636 1479 720 pertinentibus
1501 640 1653 713 utuntur,
1681 634 1865 700 libertatem
1887 641 2052 717 acceptam
2075 636 2230 700 referunt.

1098 944 1288 1026 EDITIO
1310 942 1364 1024 Π.

771 1111 1478 1181 111111111111111111111111
1505 1117 1595 1178 1539.
1618 1112 1689 1178 111.

391 1289 547 1372 Sequitur
576 1287 719 1353 secunda
746 1286 924 1351 editionum
953 1286 1077 1350 familia
1103 1287 1172 1377 sive
1199 1287 1304 1368 operis
1326 1285 1485 1364 recensio,
1513 1305 1596 1367 quae
1618 1284 1722 1349 tribus
1751 1284 1991 1367 exemplaribus
2017 1286 2104 1350 inter
2125 1307 2160 1350 se
2182 1286 2232 1350 di·

236 1403 340 1469 versis
357 1375 569 1482 ¹totidemque
596 1420 712 1464 eorum
741 1396 936 1481 apographis
964 1396 1154 1479 simpliciter
1178 1397 1304 1462 iteratis
1331 1401 1625 1479 repraesentatur„
1652 1396 1787 1461 Habent
1808 1396 2025 1463 illaeomnes
2052 1397 2113 1463 hoc
2142 1419 2232 1463 com-

236 1535 335 1579 mune
356 1519 394 1578 ut
415 1512 518 1577 multo
540 1511 656 1575 maiori
677 1510 820 1592 capitum
846 1529 981 1573 numero
1005 1509 1216 1574 absolvantur
1244 1515 1278 1573 et
1299 1507 1397 1573 simul
1418 1508 1489 1590 ipsa
1510 1529 1620 1571 rerum
1642 1507 1806 1588 tractatio,
1830 1508 1857 1572 si
1879 1529 1954 1573 eum
1975 1508 2117 1574 editione
2139 1511 2232 1591 prin-
2280 1552 2294 1567 -,

237 1627 308 1708 cipe
329 1624 518 1702 contuleris,
548 1623 584 1687 in
605 1621 707 1687 multo
735 1619 925 1703 ampliorem
946 1620 1065 1684 molem
1086 1628 1266 1698 excrescat,
1295 1600 1579 1683 nondum'tamcn
1599 1620 1635 1684 in
1656 1620 1841 1704 systematis
1869 1620 2022 1700 formam,
2051 1642 2150 1703 quam
2171 1642 2233 1686 nos

238 1737 385 1815 dicimus,
407 1736 539 1811 redacta
561 1735 611 1798 sit.
656 1733 792 1810 Verum,
815 1732 940 1796 utiam
960 1733 1154 1809 monuimus,
1177 1730 1324 1813 pluribus
1341 1731 1486 1795 numeris
1505 1731 1593 1795 inter
1612 1753 1647 1796 se
1668 1731 1832 1810 differunt,
1855 1751 1953 1813 quam
1975 1732 2015 1797 ob
2037 1753 2169 1796 causam
2190 1732 2232 1798 de

237 1848 375 1933 singulis
396 1849 462 1911 iam
484 1847 509 1911 1”
536 1846 542 1858 “
590 1846 650 1908 tim
672 1842 835 1927 agendum
855 1843 924 1907 erit

338 2024 340 2028 ,
391 1958 550 2023 Proxima
569 1957 661 2022 venit
680 1975 740 2038 pro
762 1961 945 2037 temporum
965 1954 1090 2018 ratione
1112 1954 1400 2037 Argentoratensis
1421 1954 1528 2035 prima
1549 1954 1641 2018 euius
1660 1952 1714 2018 hic
1737 1961 1786 2018 cst
1806 1953 1935 2018 titulus:
1965 1952 2231 2021 INSTITUTIO

238 2068 533 2158 canusinum
555 2075 767 2132 RELIGIONIS
782 2075 888 2130 NVNC
900 2064 905 2150 Ι
919 2087 996 2130 uere
1018 2064 1150 2129 demum
1172 2086 1230 2129 suo
1252 2064 1346 2128 titulo
1368 2064 1576 2147 respondens.
1598 2065 1602 2148 1
1622 2064 1740 2129 Aatore
1757 2064 1875 2130 Iocone
1899 2064 2233 2148 011111111111111111·

237 2180 447 2263 11111.Ιῦ1111
472 2179 584 2244 Indice
611 2175 1014 2260 locupletissimolHabac.
1039 2178 1082 2260 1.Ι
1095 2174 1239 2258 Quousq,
1266 2175 1428 2240 Domine?
1456 2176 1461 2261 Ι
1486 2176 1686 2260 Arperrtoroti
1709 2197 1769 2258 per
1794 2176 2017 2242 Vaendcle'aam
2047 2176 2232 2265 naletam}

167 2357 172 2367 ,
238 2294 353 2357 Mense
377 2293 528 2375 Augusto
541 2288 546 2380 Ι
560 2299 660 2353 ANNO
683 2300 721 2352 Μ.
733 2298 899 2353 mmlx
942 2288 1129 2353 Exhibetur
1156 2287 1252 2352 simul
1275 2287 1424 2352 officinae
1451 2288 1631 2352 rihelianae
1657 2289 1821 2372 usquead
1847 2289 1949 2353 finem
1971 2289 2092 2355 saeculi
2115 2288 2233 2355 decimi

238 2405 322 2469 sexti
343 2404 380 2467 in
403 2402 525 2466 incluta
546 2401 735 2484 Argentina
752 2400 898 2464 florentis
920 2399 1095 2477 emblema,
1124 2399 1219 2480 quale
1241 2404 1328 2464 certe
1350 2406 1423 2463 tum
1444 2405 1529 2478 erat,
1552 2420 1669 2481 nempe
1690 2401 1797 2483 figura
1817 2400 1965 2466 mulieris
1986 2401 2105 2481 alatae,
2129 2401 2233 2468 altera

237 2536 338 2580 manu
360 2534 510 2580 normam
538 2513 782 2596 geometricam,
806 2511 909 2577 altera
930 2511 1080 2575 fraenum
1101 2511 1255 2593 equinum
1277 2510 1427 2575 tenentis.
1471 2509 1581 2591 Quam
1600 2510 1816 2594 bibliographi
1837 2512 1994 2577 Nemesin
2015 2534 2086 2578 esse
2106 2513 2231 2578 volunt

331 2610 334 2619 ¹
392 2624 493 2689 Tituli
515 2623 590 2688 folio
612 2644 706 2689 verso
727 2622 843 2688 incidis
864 2624 899 2687 in
927 2623 1059 2688 brevem
1081 2620 1211 2687 Oalvini
1233 2620 1409 2703 Epistulam
1431 2622 1473 2687 ad
1501 2622 1654 2687 Lecturam
1681 2624 1835 2705 scriptam
1856 2624 2068 2707 Argentorati
2089 2623 2233 2691 calendis

237 2738 384 2822 augustis
406 2757 505 2818 supra
526 2734 604 2800 dicti
626 2735 719 2814 anni,
741 2756 804 2816 quo
825 2735 861 2797 in
883 2734 945 2798 hac
967 2740 1078 2798 nostra
1098 2734 1178 2799 urbe
1198 2733 1399 2799 versabatur.
1443 2734 1495 2798 De
1516 2756 1581 2816 qua
1603 2755 1689 2799 nova
1709 2735 1909 2817 praefatione
1930 2757 2008 2800 mox
2028 2735 2125 2819 plura
2145 2736 2233 2802 dice-

237 2840 319 2914 mus.
365 2846 521 2930 Sequitur
551 2847 713 2928 antiquior
733 2845 791 2909 illa
811 2844 852 2909 ad
874 2846 1001 2928 Regem
1030 2844 1107 2909 data
1128 2844 1185 2909 sed
1207 2844 1285 2909 hine
1314 2843 1390 2908 inde
1411 2852 1552 2925 mutata;
1579 2845 1625 2908 ita
1652 2853 1762 2909 tamen
1783 2853 1820 2910 ut
1841 2867 1884 2910 ex
1904 2846 2053 2912 lectionis
2074 2847 2233 2914 varietate
2360 2870 2363 2875 ’

237 2959 290 3024 111
312 2959 561 3042 diligentissime
584 2979 734 3035 excussa,
762 2956 846 3022 nihil
869 2955 911 3021 ad
936 2956 1105 3021 historiam
1127 2957 1232 3037 operis
1254 2955 1496 3021 dilucidandam
1518 2957 1663 3022 conferre
1689 2957 1801 3038 possis.
1847 2955 1939 3037 Quas
1959 2959 2056 3024 huius
2079 2959 2234 3025 historiae

238 3069 391 3135 studiosis
411 3070 572 3133 maximas
601 3068 699 3133 tricas
721 3089 831 3134 creare
853 3069 923 3133 visa
949 3076 999 3132 est
1020 3068 1229 3150 praefationis
1253 3068 1397 3132 eiusdem
1420 3069 1612 3151 subscriptio
1636 3067 1784 3133 Baetae
1813 3067 1957 3134 Calendis
1979 3070 2118 3154 Augusti
2139 3071 2235 3137 Anao

242 3183 322 3244 1536
342 3179 436 3258 data,
465 3199 520 3243 111
546 3180 613 3243 iam
641 3200 740 3261 supra
762 3180 937 3263 attigimus.
983 3177 1139 3262 Sequitur
1159 3200 1190 3261 p.
1215 3183 1263 3243 15.
1287 3180 1394 3245 media
1418 3179 1550 3245 Sarma
1570 3200 1675 3245 marem
1696 3200 1776 3262 qaae
1796 3182 1831 3245 ta
1852 3180 1906 3246 boc
1927 3201 2014 3263 opere
2035 3183 2235 3264 contincatur,

238 3293 387 3374 quisunt
408 3290 496 3355 tituli
516 3290 720 3374 singulorum
740 3291 883 3373 capitum
900 3311 975 3356 eum
996 3289 1063 3355 suis
1081 3292 1226 3355 numeris
1244 3298 1277 3355 et
1297 3293 1492 3376 paginarum
1514 3293 1630 3374 quibus
1652 3294 1813 3375 incipiunt
1833 3292 1947 3358 indice.
1986 3295 2119 3378 Agmen
2139 3315 2235 3378 prae·

237 3401 473 3467 mittendorum
500 3401 624 3468 claudit
652 3401 754 3466 11111
780 3402 952 3485 insignium
979 3401 1111 3466 tomrum
1137 3402 1192 3483 qai
1213 3402 1266 3466 doe
1293 3423 1380 3485 opere
1407 3407 1578 3468 tractentur
1599 3403 1868 3488 theologicorum,
1898 3405 2100 3487 alphabetico
2121 3405 2236 3472 ordine

237 3520 424 3596 septemque
446 3514 575 3597 paginis
604 3514 673 3577 sive
698 3512 942 3595 quatuordecim
971 3512 1130 3578 columnis
1152 3514 1332 3592 absolutus,
1359 3514 1502 3599 adeoque
1523 3515 1587 3595 illo,
1611 3515 1666 3599 qui
1687 3515 1812 3598 primae
1834 3516 1984 3582 editionis
2006 3517 2086 3584 calci
2104 3517 2235 3585 additus

238 3625 354 3702 fuerat,
378 3633 411 3690 et
432 3625 543 3690 utilior
565 3632 598 3689 11
619 3623 817 3706 locupletior.
863 3621 956 3702 Quae
977 3625 1085 3688 emnia
1107 3624 1186 3690 duos
1214 3627 1377 3691 terniones
1401 3627 1469 3692 sive
1491 3626 1660 3693 duodecim
1680 3627 1758 3692 folia
1779 3649 1845 3692 non
1867 3634 2039 3693 numerata
2060 3629 2234 3713 complent

240 3732 359 3816 Operis
382 3737 484 3818 ipsius
512 3758 630 3818 eorpus
650 3735 853 3801 ternionibus
883 3735 1019 3818 triginta
1038 3756 1097 3800 sex
1123 3757 1198 3801 cum
1226 3736 1357 3802 dimidio
1387 3739 1510 3803 formae
1531 3740 1695 3805 maximae
1718 3738 1857 3820 (A-Z.
1881 3739 1988 3822 a-o)
2011 3748 2153 3821 constat,
2175 3762 2234 3824 pa·

240 3845 333 3928 ginas
360 3851 423 3910 434
452 3846 734 3930 quadragenorum
758 3854 791 3910 et
812 3853 1002 3912 octonorum
1024 3845 1076 3912 vel
1098 3848 1198 3913 etiam
1225 3869 1427 3914 novenorum
1453 3871 1609 3916 versuum
1637 3851 1937 3933 complectentibus,
1965 3853 2001 3916 in
2027 3872 2090 3934 quo
2123 3859 2236 3919 11111111

245 3978 381 4021 numero
407 3956 487 4021 latet
513 3979 618 4035 error,
645 3979 746 4039 quum
768 3958 906 4041 paginae
927 3961 998 4022 224.
1027 3965 1060 4023 et
1089 3962 1160 4023 225.
1188 3960 1239 4025 bis
1266 3967 1470 4043 computatae
1497 3964 1571 4028 sint.
1616 3963 1657 4026 In
1680 3964 1746 4027 fine
1774 3962 1897 4028 accedit
1923 3964 2031 4029 brevis
2053 3972 2237 4030 erratorum

126 4070 127 4075 ’
244 4066 344 4131 index
373 4089 448 4133 eum
474 4069 591 4133 iterata
619 4070 782 4132 mentione
810 4070 1006 4153 typographi
1031 4078 1064 4134 et
1090 4072 1212 4136 mensis
1233 4071 1309 4137 libri
1330 4073 1457 4138 natalis.
1508 4074 1592 4159 Typi
1613 4075 1692 4140 satis
1713 4074 1869 4158 grandes,
1899 4074 2001 4139 nihilo
2029 4076 2137 4141 minus
2159 4096 2236 4158 ope-

242 4201 354 4244 rarum
382 4179 500 4244 menda
520 4179 662 4261 plmima
683 4187 900 4243 correctorum
921 4180 1030 4244 oculos
1049 4182 1212 4266 fugerunt

397 4291 472 4354 Iam
496 4312 537 4354 cx
558 4288 629 4371 ipsa
656 4288 830 4353 voluminis
858 4289 1070 4371 amplitudine
1092 4314 1170 4385 eum
1201 4295 1318 4376 prioris
1342 4296 1443 4362 libelli
1464 4295 1594 4386 modulo
1616 4298 1733 4362 collata
1753 4297 1847 4363 facile
1875 4297 2052 4381 intelliges,
2075 4319 2137 4381 quo
2159 4299 2232 4365 iure

239 4422 359 4468 novam
380 4401 477 4484 plane
505 4401 725 4464 recensionem
752 4398 894 4482 adeoque
916 4422 1038 4466 novum
1066 4424 1146 4485 opus
1168 4403 1355 4472 dixerimus.
1399 4408 1471 4473 Imo
1494 4406 1651 4474 Calvinus
1677 4410 1746 4492 ipse
1767 4408 1859 4472 nobis
1880 4408 1955 4474 talis
1976 4409 2086 4475 iudicii
2107 4408 2235 4474 ferendi

241 4521 334 4578 autor
356 4519 413 4576 est
464 4512 600 4576 Leviter
629 4512 730 4590 enim,
760 4511 876 4575 maiori
897 4533 938 4576 ex
959 4519 1068 4594 parte,
1091 4523 1128 4579 ut
1149 4516 1184 4579 in
1205 4517 1339 4583 minutis
1361 4519 1510 4601 operibus
1532 4520 1603 4584 fieri
1625 4520 1740 4597 soleat,
1771 4541 1805 4583 se
1827 4520 1862 4582 in
1883 4520 1990 4601 prima
2004 4518 2152 4586 'editione
2178 4519 2236 4585 de-

240 4622 389 4688 functum
410 4644 480 4689 esse
501 4624 635 4702 fatetur3
657 4645 744 4688 nunc
765 4623 899 4688 minime
921 4632 1106 4706 exspectato
1128 4648 1278 4692 successu
1298 4631 1465 4695 firmatum
1487 4637 1520 4696 et
1538 4633 1630 4714 quasi
1652 4632 1842 4697 obstrictum
1862 4630 1959 4712 plura
1979 4632 2097 4697 conari
2138 4629 2237 4711 Quod

241 4736 402 4801 matiuius
430 4757 465 4801 se
491 4736 653 4801 iacturum
680 4735 779 4800 1111111
808 4735 938 4814 asserit,
973 4736 1036 4800 nisi
1062 4758 1121 4819 per
1148 4746 1253 4803 totum
1279 4741 1448 4807 biennium
1466 4744 1628 4808 Dominus
1649 4743 1756 4825 ipsum
1784 4742 1876 4806 miris
1902 4742 2014 4813 modis,
2027 4744 2234 4809 exercuisset.

239 4845 292 4909 De
314 4847 552 4928 genevensibus
573 4847 677 4912 turbis
698 4846 779 4912 haec
802 4846 865 4911 diei
886 4847 1050 4912 neminem
1072 4850 1164 4933 fugit.
1209 4851 1282 4916 Iam
1302 4854 1404 4917 otium
1422 4854 1552 4936 aliquod
1572 4861 1687 4920 nactus
1704 4861 1875 4935 postquam
1893 4876 1979 4919 anno
2004 4856 2235 4939 1538111111-

238 4961 381 5022 toratum
413 4959 517 5036 venit,
552 4957 777 5023 retractandae
809 4978 887 5023 suae
919 4958 1121 5025 Institutioni
1150 4983 1285 5027 manum
1312 4963 1464 5030 admovit.
1515 4963 1627 5045 Quum
1654 4964 1732 5029 olim
1759 4966 1838 5030 satis
1866 4966 2017 5031 habuerit
2048 4966 2236 5032 rudimenta

240 5066 400 5149 quaedam
420 5069 557 5149 tradere,
579 5070 694 5151 quibus
716 5069 757 5133 ad
779 5091 892 5135 veram
913 5071 1067 5153 pietatem
1089 5073 1238 5138 homines
1260 5075 1366 5157 aliquo
1387 5075 1553 5160 religionis
1571 5076 1675 5141 studio
1697 5078 1776 5142 tacti
1792 5077 2019 5156 formarentur,
2037 5100 2125 5145 nunc
2142 5077 2235 5142 theo·

240 5175 346 5261 legiae
366 5180 507 5244 maxime
529 5179 715 5245 candidatos
738 5179 778 5244 ad
800 5181 893 5247 verbi
916 5180 1018 5248 divini
1040 5182 1210 5249 lectionem
1226 5186 1273 5250 ita
1290 5207 1485 5271 praeparare
1506 5197 1540 5251 et
1556 5189 1716 5253 instruere
1733 5187 1872 5267 volebat,
1895 5196 1932 5251 ut
1949 5189 2106 5255 inoffenso
2129 5189 2236 5274 gradu
