4732 6030
780 329 1046 395 INSTITU'PIC
1068 330 1172 394 REI..
1195 325 1376 394 OHRISr.
1402 331 1636 391 1539-1554.
2139 331 2202 394 800

1767 428 1806 516 [ι
1819 444 1879 496 ιιι
1897 449 1953 510 aa
1970 442 2082 510 aare,
2100 441 2203 496 cara.

205 522 247 587 ad
277 535 405 602 tempus
438 519 601 583 consistat.
652 516 689 583 Si
723 517 1178 598 excellentiam'spectamus,
1232 536 1293 596 que
1320 516 1462 597 primum
1491 516 1623 580 obvium
1651 538 1685 581 se
1706 517 1794 594 tulit,
1822 518 2008 581 testimonia
2029 517 2204 583 adversum

204 609 319 673 merito
342 605 405 670 Dei
427 604 555 668 dilectio
584 604 706 684 primas
728 611 851 667 teneat:
883 603 922 666 de
943 624 1008 684 qua
1036 603 1089 668 hio
1112 624 1179 667 ser·
1231 621 1290 665 nos
1319 600 1509 665 iaculantur.
1562 599 1651 665 Sunt
1678 603 1766 665 enim
1795 603 1954 684 quaedam
1982 604 2028 667 ita
2055 603 2202 682 ridicula,

205 691 382 758 moPaulo
404 698 549 753 nonest.
590 687 760 770 Siquidem
782 711 885 752 unum
906 688 993 753 istud
1015 699 1119 770 urget,
1144 696 1179 752 ut
1231 694 1269 750 ut
1291 708 1351 751 nco
1373 708 1625 750 commemorare
1647 688 1716 769 ipsc
1737 690 1867 770 possim,
1891 690 1953 753 uisi
1973 689 2072 753 velim
2088 689 2202 754 haberi

204 785 320 843 mutua
342 776 477 840 caritate
499 796 558 839 nos
581 776 617 838 in
634 776 776 838 Domino
794 775 938 839 vicissim
961 773 1176 838 aedificemus.
1230 772 1347 835 merito
1374 773 1511 854 ineptus.
1561 772 1675 855 Itaque
1704 775 1804 837 finem
1830 774 1963 849 faciam,
1992 776 2048 839 ubi
2077 774 2203 840 Christi

204 862 272 929 Sed
293 864 472 945 fingamus,
496 860 599 924 modis
621 861 772 924 omnibus
793 860 963 924 caritatem
984 859 1060 923 fidei
1082 880 1176 941 prae-
1231 858 1427 922 sententiam
1457 858 1656 940 explicuero,
1684 881 1749 941 qua
1773 861 1894 923 mirum
1921 861 1957 923 in
1982 861 2115 925 modum
2141 863 2203 927 sibi

204 948 333 1014 cellere:
364 949 436 1028 quis
461 957 571 1009 tamen
596 967 674 1010 sano
702 945 834 1021 iudicio,
863 947 928 1009 imo
950 946 1023 1026 quis
1046 946 1178 1009 omnino
1230 942 1367 1024 placent.
1435 943 1623 1026 Respondet
1669 946 1757 1008 enim
1801 945 2029 1027 legisconsulto
2073 949 2204 1030 roganti

203 1055 283 1099 sano
311 1033 442 1097 cerebro
465 1054 506 1096 ex
529 1054 566 1095 co
594 1032 817 1108 ratiocinetur,
848 1032 953 1113 magis
980 1030 1176 1095 iustificare?
1231 1028 1308 1109 quid
1330 1036 1415 1093 esset
1435 1029 1476 1093 ad
1498 1029 1637 1093 salutem
1657 1033 1890 1094 necessarium:
1915 1033 1942 1095 si
1964 1033 2014 1096 vis
2036 1032 2077 1096 ad
2099 1035 2202 1097 vitam

203 1120 264 1183 Vis
286 1117 491 1194 iustificandi,
515 1138 597 1199 quae
615 1139 715 1198 penes
737 1117 833 1180 fidem
854 1125 911 1194 est,
934 1138 1001 1180 non
1018 1118 1053 1179 in
1071 1116 1178 1199 digni·
1231 1114 1373 1197 ingredi,
1402 1136 1497 1179 serva
1524 1116 1679 1180 mandata
1701 1116 1835 1200 (Matth.
1858 1123 1906 1193 19,
1929 1117 1991 1202 17).
2038 1116 2126 1197 Quid
2151 1119 2202 1183 ul-

203 1211 270 1270 tate
298 1205 403 1287 operis
431 1203 564 1267 locatur.
610 1200 689 1267 Sola
715 1203 780 1266 Dei
807 1202 1029 1266 misericordia
1056 1210 1089 1265 ot
1110 1224 1178 1265 rne-
1230 1206 1296 1276 tra,
1324 1201 1491 1281 inquiunt,
1520 1201 1684 1279 volumus,
1712 1223 1813 1284 quum
1835 1203 1875 1267 ab
1903 1204 1973 1284 ipso
2000 1205 2123 1285 gratiae
2143 1226 2201 1269 au-

202 1292 266 1355 rito
292 1289 416 1356 Christi
447 1297 574 1354 constat
602 1298 713 1352 nostra
740 1288 940 1370 iustificati03
974 1309 1071 1370 quam
1099 1288 1178 1351 dum
1230 1293 1299 1349 tore
1323 1307 1382 1366 per
1415 1286 1643 1351 mandatorum
1672 1286 1931 1352 observationem
1959 1290 2126 1370 acquirere
2151 1291 2201 1352 iu-

202 1376 284 1441 fides
311 1373 540 1459 apprehendit,
569 1375 744 1438 iustificare
772 1373 897 1438 dicitur.
950 1373 1047 1437 Nunc
1070 1373 1097 1437 si
1120 1372 1176 1436 ad·
1229 1371 1364 1435 beamur
1402 1393 1543 1453 regnum
1573 1372 1658 1437 Dei?
1714 1371 1818 1452 Quasi
1849 1396 1927 1438 vcro
1965 1396 2031 1438 non
2069 1384 2201 1453 constet,

203 1463 364 1527 versarios
383 1462 580 1542 interroges,
604 1482 666 1541 quo
689 1481 788 1523 sensu
810 1460 1073 1524 iustificaticnern
1094 1459 1177 1523 cari·
1229 1454 1401 1521 Christum
1424 1459 1463 1521 iis
1485 1479 1642 1538 responsa
1664 1480 1723 1522 sua
1744 1466 1986 1541 attemperassc,
2010 1461 2203 1543 quibuscum

203 1549 265 1612 tati
286 1547 468 1630 assignent,
491 1545 746 1627 respondebunt,
776 1545 854 1625 quia
875 1546 1017 1609 officium
1037 1552 1087 1607 est
1104 1545 1176 1608 Deo
1229 1543 1396 1625 negotium
1418 1564 1487 1607 esse
1510 1544 1571 1608 sibi
1592 1543 1733 1608 videbat.
1767 1544 1832 1609 Hic
1855 1567 1874 1608 a
1895 1545 1977 1628 legis
1999 1545 2129 1611 doctore
2151 1547 2201 1609 in-

203 1641 348 1717 gratum;
375 1632 445 1696 eius
468 1633 598 1708 merito,
628 1652 670 1694 ex
697 1631 827 1694 divinae
853 1630 1007 1694 bonitatis
1030 1639 1176 1711 accepta·
1228 1634 1413 1710 terrogatur
1447 1629 1487 1692 de
1514 1630 1639 1693 ratione
1668 1630 1860 1694 obtinendae
1893 1631 2116 1709 beatitudinis;
2144 1654 2203 1696 ne·

203 1719 306 1795 tione,
334 1717 492 1782 iustitiam
514 1718 606 1781 nobis
629 1717 792 1797 imputari.
838 1716 926 1780 Hinc
948 1715 1054 1792 vides,
1078 1737 1177 1797 quam
1229 1735 1290 1796 que
1312 1713 1346 1776 id
1367 1714 1570 1795 simpliciter,
1594 1715 1651 1780 sod
1672 1715 1750 1796 quid
1771 1715 1918 1780 faciendo
1941 1717 1982 1780 ad
2004 1719 2109 1800 ipsam
2126 1739 2201 1799 per-

202 1804 285 1869 belle
312 1802 475 1886 procedat.
491 1810 729 1885 argumentum.
778 1801 895 1865 Fidem
924 1802 1099 1866 iustificare
1128 1800 1176 1865 di·
1228 1799 1363 1864 rcniant
1393 1799 1548 1865 hominos.
1604 1801 1650 1864 Et
1679 1801 1840 1883 loquentis
1874 1824 2027 1884 persona,
2061 1811 2093 1866 et
2130 1803 2202 1885 ipsa

203 1891 314 1967 cimus,
337 1910 403 1953 non
421 1890 497 1970 quia
514 1889 672 1952 iustitiam
689 1887 781 1951 nobis
799 1908 858 1951 sua
876 1886 1035 1970 dignitate
1052 1907 1177 1951 merca·
1229 1886 1456 1968 interrogatio,
1483 1887 1664 1951 Dominum
1685 1886 1873 1967 inducebat,
1900 1900 1937 1951 ut
1960 1889 2006 1954 sic
2028 1888 2201 1969 responde-

209 339 271 400 799

202 1982 270 2052 tur;
302 1973 358 2038 sed
386 1975 463 2056 quia
489 1975 746 2038 instrumentum
768 1974 825 2051 sit,
855 1994 918 2054 quc
940 1970 1064 2036 Christi
1083 1973 1177 2037 iusti-

202 2062 283 2125 tiam
309 2060 411 2143 gratis
440 2060 632 2123 obtinemus.
676 2058 751 2136 Isti,
781 2058 1011 2140 praetermissa
1029 2058 1094 2121 Dei
1115 2059 1176 2120 mi-

203 2145 391 2222 sericordia,
420 2143 615 2226 Christoque
637 2145 826 2226 praeterito,
856 2145 912 2208 ubi
935 2164 1063 2208 summa
1083 2143 1176 2207 iusti-

203 2233 266 2296 tiae
293 2239 356 2308 est,
392 2232 536 2296 caritatis
563 2230 718 2295 beneficio
740 2251 799 2294 nos
821 2230 989 2294 iustificari
1016 2240 1174 2312 pugnant,

203 2318 279 2399 quia
301 2337 399 2399 supra
418 2315 517 2380 fidem
539 2315 685 2380 excellat.
715 2314 858 2379 Perinde
879 2337 917 2379 ac
938 2315 1056 2396 siquis
1074 2314 1176 2397 aptio-

202 2423 274 2467 rem
301 2423 371 2467 esse
398 2423 509 2484 regem
536 2401 680 2483 disputet
701 2400 899 2465 conficiendo
927 2400 1048 2477 calceo,
1078 2420 1176 2482 quam

204 2495 363 2563 sutorem,
398 2489 473 2570 quia
504 2487 547 2550 sit
573 2488 701 2550 infinito
730 2487 955 2568 praestantior.
1000 2485 1065 2549 Hic
1092 2506 1176 2549 unus

204 2573 410 2658 syllogismus
444 2573 551 2654 amplo
585 2572 777 2637 documento
810 2580 873 2649 est,
909 2571 1036 2637 scholas
1064 2591 1176 2634 omnes

203 2659 387 2737 sorbonicas
408 2681 450 2722 ne
471 2659 607 2723 summis
629 2657 760 2741 quidem
782 2657 881 2721 labris
905 2656 1077 2740 degustare
1099 2656 1177 2739 quid

203 2745 246 2808 sit
265 2744 342 2808 fidei
366 2745 559 2809 iustificatio.

288 2834 339 2893 85.
390 2828 428 2894 Si
457 2831 530 2911 quis
557 2837 665 2894 autem
695 2829 820 2893 rixator
847 2828 954 2893 adhue
980 2827 1174 2910 interpellet,

202 2937 261 2981 our
287 2915 364 2980 fidei
397 2936 517 2979 nomen
549 2914 675 2978 tantulo
707 2915 881 2979 intervallo
915 2913 1001 2996 apud
1033 2913 1175 2977 Paulum

202 3002 293 3066 varie
316 3002 487 3083 accipiam,
514 3001 613 3064 huius
632 3000 911 3082 interpretationis
933 3021 1000 3065 non
1021 2999 1102 3063 levis
1124 3020 1176 3063 ra·

202 3087 248 3150 tio
269 3085 351 3149 mihi
373 3093 509 3151 constat.
555 3084 666 3165 Quum
688 3087 776 3149 eninr
805 3086 891 3151 dona
917 3086 974 3149 illa
993 3106 1075 3167 quae
1097 3105 1176 3149 enu-

202 3179 309 3235 merat
340 3171 464 3235 Paulus
496 3171 573 3236 fidei
605 3177 638 3234 et
671 3173 741 3253 spei
771 3171 1006 3253 quodammodo
1040 3170 1175 3247 subsint,

202 3258 278 3363 quia
306 3256 349 3321 ad
374 3258 591 3340 cognitionem
621 3257 685 3320 Dei
707 3266 870 3338 spectant,
902 3279 940 3322 ea
962 3257 1084 3334 omnia,
1114 3254 1176 3318 κατ’

202 3347 482 3425 ανακιφαλαίωσιν,
510 3343 570 3408 sub
591 3343 722 3407 nomine
749 3342 825 3407 fidei
848 3354 881 3407 et
902 3343 971 3425 spei
992 3342 1176 3424 complecti·

201 3435 270 3507 tur;
299 3450 336 3492 ao
358 3430 385 3493 si
407 3428 542 3494 diceret:
572 3436 605 3493 et
631 3428 815 3509 prophetia,
843 3437 876 3492 et
897 3429 1043 3511 linguae,
1072 3439 1105 3492 ct
1126 3428 1177 3491 in·

201 3515 403 3596 terpretandi
424 3516 539 3598 gratia,
563 3522 596 3578 et
617 3514 762 3591 seientia,
790 3514 877 3578 hunc
899 3515 1023 3579 habent
1043 3534 1176 3594 scopum

202 3607 240 3663 ut
260 3621 319 3664 nos
340 3600 382 3664 ad
403 3601 621 3685 coguitionem
641 3600 706 3664 Dei
727 3599 896 3665 deducant.
937 3601 1046 3664 Deum
1068 3607 1176 3664 autem

202 3705 269 3748 non
287 3686 350 3749 nisi
370 3707 430 3766 per
451 3707 542 3769 spem
564 3696 597 3749 et
617 3685 717 3749 fidem
738 3686 773 3748 in
795 3686 857 3750 hac
872 3687 941 3750 vita
961 3686 1175 3768 agnoscimus.

1229 1977 1287 2035 ret
1332 1970 1393 2033 Ille
1419 1972 1627 2053 persuasione
1655 1972 1769 2054 legalis
1801 1973 1944 2037 iustitiae
1976 1974 2134 2052 imbutus,
2163 1975 2200 2037 in
2304 2024 2311 2037 .

1229 2077 1364 2139 operum
1385 2056 1506 2122 fiducia
1524 2057 1732 2122 caecutiebat.
1766 2059 1895 2124 Deinde
1913 2081 1979 2123 non
1997 2060 2086 2124 aliud
2102 2081 2201 2142 quae-

1228 2143 1335 2218 rebat,
1358 2143 1423 2206 nisi
1444 2164 1526 2224 quae
1547 2151 1656 2207 essent
1676 2165 1774 2225 opera
1795 2145 1952 2221 iustitiae,
1974 2146 2090 2227 quibus
2113 2145 2201 2210 salus

1229 2235 1442 2309 comparetur.
1492 2228 1583 2311 Ergo
1611 2229 1727 2293 merito
1755 2230 1933 2294 remittitur
1955 2230 1996 2294 ad
2018 2231 2140 2315 legem,
2166 2232 2201 2295 in

1228 2335 1292 2395 qua
1314 2325 1364 2378 est
1384 2314 1568 2378 absolutum
1595 2315 1738 2379 iustitiae
1765 2315 1940 2396 speculum.
1985 2317 2054 2382 Nos
2075 2338 2201 2400 quoque

1228 2398 1317 2464 clara
1338 2421 1417 2464 voce
1445 2399 1670 2482 praedicamus
1698 2400 1859 2466 servanda
1881 2423 1950 2465 esse
1978 2402 2149 2481 mandata,
2174 2404 2201 2467 si

1228 2485 1264 2549 in
1289 2485 1439 2566 operibns
1466 2486 1534 2550 vita
1567 2488 1743 2567 quaeritur.
1793 2489 1901 2569 Atque
1936 2487 2016 2552 haec
2055 2489 2202 2553 doctrina

1229 2573 1361 2653 cognitu
1388 2572 1571 2636 necessaria
1597 2583 1648 2636 est
1668 2571 1872 2641 Christianis.
1919 2572 2088 2653 Quomodo
2114 2575 2201 2638 enim

1229 2656 1271 2720 ad
1293 2655 1464 2721 Christum
1485 2658 1705 2740 confugerent,
1728 2659 1792 2722 nisi
1814 2680 1849 2723 se
1872 2666 2085 2741 agnoscerent
2105 2681 2124 2722 a
2145 2661 2200 2723 via

1228 2743 1315 2806 vitae
1342 2743 1376 2805 in
1403 2744 1517 2807 mortis
1547 2743 1773 2824 praecipitium
1803 2744 1982 2809 excidisse?
2032 2744 2200 2824 Quomodo

1229 2837 1339 2892 autem
1371 2828 1592 2910 intelligerent
1623 2850 1722 2910 quam
1747 2829 1859 2911 procul
1890 2831 2073 2895 aberrarint
2100 2852 2120 2894 a
2146 2831 2201 2895 ria

1228 2915 1330 2989 vitae,
1360 2914 1425 2978 nisi
1452 2915 1542 2996 prius
1569 2914 1673 2996 qualis
1700 2916 1743 2978 sit
1764 2915 1836 2991 illa,
1864 2915 2071 2998 intelligant?
2117 2917 2202 2980 rum

1228 3000 1328 3082 igitur
1348 2999 1480 3064 demum
1502 3000 1742 3081 recuperandae
1764 3000 1876 3065 salutis
1898 3001 2026 3085 asylum
2047 3003 2082 3066 in
2105 3001 2201 3067 Chri-

1230 3092 1279 3149 sto
1302 3107 1372 3150 esse
1395 3085 1625 3164 admonentur,
1648 3086 1728 3150 dum
1748 3093 1885 3150 cernunt
1906 3095 2066 3168 quantum
2088 3090 2130 3152 sit
2152 3088 2201 3152 vi-

1229 3179 1282 3234 tae
1310 3192 1388 3234 suae
1415 3193 1489 3235 eum
1517 3171 1629 3236 divina
1655 3172 1792 3248 iustitia,
1825 3193 1907 3253 quae
1939 3172 2022 3256 legis
2049 3174 2202 3238 observa·

1229 3257 1316 3320 tione
1342 3258 1542 3334 continetur,
1572 3256 1750 3321 dissidium.
1801 3256 1940 3322 Summa
1968 3259 2048 3324 hacc
2077 3266 2139 3324 est:
2173 3260 2201 3323 si

1229 3343 1265 3404 in
1286 3342 1437 3424 operibus
1458 3342 1546 3406 salus
1568 3344 1743 3424 quaeritur,
1767 3343 1928 3409 servanda
1949 3365 2019 3409 esse
2036 3345 2199 3421 mandata,

1229 3428 1345 3510 quibus
1362 3428 1564 3503 instituimur
1582 3427 1623 3491 ad
1644 3428 1821 3510 perfectam
1837 3430 2003 3493 iustitiam.
2049 3429 2117 3494 Sed
2135 3451 2201 3493 non

1229 3520 1280 3577 est
1302 3512 1355 3578 hie
1378 3513 1588 3590 haerendum,
1611 3513 1674 3578 nisi
1695 3514 1833 3579 velimus
1853 3515 1890 3578 in
1907 3514 2013 3579 medio
2031 3537 2128 3581 eursu
2145 3515 2201 3579 de-

1228 3601 1341 3664 ficere:
1365 3620 1460 3663 nemo
1483 3601 1571 3666 enim
1593 3607 1742 3664 nostrum
1764 3599 1934 3666 servandis
1954 3601 2118 3666 mandatis
2140 3623 2201 3683 par

1229 3694 1286 3749 est.
1333 3683 1496 3765 Quoniam
1528 3706 1606 3766 ergo
1638 3685 1720 3769 legis
1753 3687 1877 3750 iustitia
1905 3687 2123 3765 excludimur,
2159 3686 2202 3750 ad

204 3767 317 3848 Quum
339 3791 416 3853 ergo
437 3771 536 3836 fidem
558 3782 591 3835 et
613 3792 704 3852 spem
726 3772 872 3848 nomino,
900 3772 981 3836 haec
1002 3772 1112 3835 omnia
1133 3772 1175 3834 si·
1229 3770 1317 3835 aliud
1339 3771 1520 3835 subsidium
1542 3793 1601 3835 nos
1624 3771 1829 3836 conferamus
1850 3793 1981 3837 necesse
1998 3780 2059 3837 est:
2082 3793 2201 3852 nempe

202 3854 272 3918 mul
299 3856 545 3937 comprehendo.
590 3857 729 3921 Manent
758 3858 866 3938 itaque
889 3858 969 3922 haee
991 3858 1069 3933 tria,
1093 3878 1175 3939 spes,
1229 3855 1271 3920 ad
1303 3856 1402 3921 fidem
1429 3855 1564 3921 Christi.
1609 3856 1844 3937 Quamobrem,
1880 3869 1917 3922 ut
1949 3859 2001 3923 hio
2027 3857 2199 3934 Dominus,

174 3938 297 4018 fidae,
328 3942 462 4019 caritas,
491 3943 552 4008 hoe
580 3953 641 4006 est:
676 3951 925 4025 quantacunque
953 3945 995 4006 sit
1017 3943 1176 4007 donorum
1228 3963 1325 4023 quem
1347 3963 1433 4006 rana
1454 3963 1590 4024 operum
1617 3943 1812 4007 confidentia
1839 3952 1969 4027 turgere
1996 3955 2133 4007 noverat
2153 3942 2201 4006 le-

201 4027 361 4103 varietas,
390 4027 454 4092 huc
483 4029 592 4093 omnia
619 4028 812 4094 referuntur.
858 4029 950 4093 Inter
978 4029 1060 4093 baec
1081 4049 1176 4110 prae·
1228 4026 1279 4110 gis
1302 4027 1475 4104 doctorem,
1499 4028 1540 4092 ad
1562 4028 1668 4112 legem
1690 4038 1829 4107 revocat,
1852 4028 1939 4093 unde
1957 4028 2060 4093 discat
2078 4050 2112 4092 se
2130 4050 2201 4093 esse

202 4112 297 4194 oipua
323 4120 373 4176 est
399 4115 531 4189 caritas,
560 4121 619 4178 ete.
665 4115 720 4178 le
748 4116 841 4178 tertio
871 4115 939 4180 loco
961 4115 1119 4178 inferunt:
1149 4114 1176 4178 si
1228 4123 1431 4195 peccatorem
1457 4113 1576 4179 iudicio
1598 4115 1789 4192 obnoxium,
1812 4117 1871 4191 sio,
1895 4115 1950 4198 qui
1972 4114 2128 4179 eiusmodi
2151 4115 2202 4178 sui

201 4198 407 4280 perfectionis
433 4199 601 4264 vinculum
629 4207 678 4265 est
705 4201 839 4277 caritas,
862 4221 940 4284 ergo
963 4211 996 4265 et
1022 4201 1175 4276 iustitiae,
1229 4199 1345 4262 notitia
1365 4199 1432 4262 iarn
1454 4199 1618 4265 humiliati
1640 4208 1724 4279 sunt,
1749 4200 1841 4277 alibi,
1864 4202 1985 4265 omissa
2005 4200 2088 4283 legis
2110 4221 2200 4264 men·

173 4280 284 4366 ’quae
318 4283 402 4347 nihil
433 4284 523 4348 aliud
556 4292 606 4350 est
637 4306 734 4367 quam
767 4288 930 4369 perfectio.
982 4287 1111 4363 Primo,
1140 4292 1177 4349 ut
1229 4285 1326 4361 tione,
1340 4285 1465 4367 gratiae
1477 4287 1689 4367 promissione
1701 4286 1837 4350 solatur:
1851 4287 1959 4350 venite
1972 4285 2078 4350 adme
2090 4306 2200 4349 omnes

201 4369 389 4435 omittamus
417 4371 648 4452 perfectionem
675 4371 741 4436 illic
767 4393 787 4436 a
813 4373 918 4437 Paulo
945 4373 1070 4449 vocari,
1097 4369 1177 4435 dum
1229 4372 1285 4453 qui
1312 4370 1466 4435 laboratis
1494 4379 1527 4436 et
1555 4372 1678 4436 onerati
1707 4371 1799 4450 estis,
1822 4379 1856 4436 et
1877 4392 1937 4456 ego
1961 4372 2105 4436 reficiam
2132 4391 2199 4448 vos,

200 4455 300 4537 probe
332 4456 527 4522 constitutae
559 4457 712 4522 ecclesiae
739 4459 887 4523 membra
914 4459 1001 4521 inter
1033 4477 1068 4521 se
1093 4456 1176 4519 bene
1230 4478 1258 4525 et
1275 4473 1422 4525 invenietis
1441 4474 1562 4540 requiem
1580 4474 1720 4527 samatus
1738 4473 1837 4526 vestris
1846 4475 1868 4540 ¹)
1896 4457 2030 4542 (Matth.
2062 4456 2200 4538 11‚28).

201 4540 385 4621 cohaerent,
409 4564 447 4607 ae
464 4544 633 4620 fateamur,
657 4544 791 4607 caritate
808 4565 868 4607 nos
886 4563 996 4609 eoram
1013 4542 1084 4605 Deo
1101 4562 1175 4623 per·
1316 4545 1366 4605 87.
1411 4541 1572 4619 Tandem,
1598 4550 1768 4625 postquam
1792 4544 1989 4625 scripturum
2009 4541 2202 4607 invertendo

201 4627 270 4703 fici,
294 4627 371 4708 quid
393 4636 504 4692 tamen
530 4629 606 4693 novi
635 4628 797 4692 afferunt?
843 4629 915 4710 Ego
938 4628 1026 4692 enim
1048 4648 1175 4708 sempor
1229 4626 1397 4710 defatigati
1418 4637 1509 4706 sunt,
1539 4628 1581 4692 ad
1602 4632 1747 4712 argutias
1769 4637 1802 4692 et
1824 4628 2024 4709 sophismata
2045 4627 2201 4693 delabun-

202 4720 316 4777 contra
342 4715 516 4796 excipiam,
555 4714 597 4778 ad
624 4714 855 4796 perfectionem
884 4715 980 4778 istam
1007 4734 1175 4795 nunquam
1229 4720 1291 4777 tur.
1342 4713 1548 4778 Cavillantur
1574 4715 1609 4778 in
1637 4736 1688 4790 ec,
1723 4713 1807 4797 quod
1839 4712 1921 4778 fides
1949 4714 2067 4779 {alieubi
2095 4713 2198 4796 (Ioan.

200 4818 260 4862 nos
292 4800 479 4879 pervenire,
513 4800 576 4864 nisi
604 4799 772 4864 caritatem
798 4798 1007 4879 impleamus,
1035 4796 1174 4883 indeque
1229 4803 1257 4876 6,
1278 4800 1334 4882 29)
1357 4819 1437 4880 opus
1459 4809 1608 4878 vocatur;
1632 4806 1728 4881 atque
1750 4798 1825 4863 inde
1847 4799 2018 4883 eolligunt,
2046 4820 2105 4863 nos
2126 4819 2200 4879 per·

199 4883 352 4947 inferam:
381 4905 481 4966 quum
502 4906 657 4950 omnesa
685 4885 830 4948 caritatis
852 4883 1087 4964 complemento
1108 4887 1175 4950 sint
1228 4905 1341 4965 peram
1368 4883 1468 4950 fidem
1495 4886 1645 4969 operibus
1671 4906 1841 4967 opponere.
1886 4884 1990 4965 Quasi
2012 4906 2088 4949 vcro
2109 4883 2200 4960 fides,

200 4970 422 5048 remotissimi,
456 4992 548 5053 spem
575 4990 704 5034 omnem
731 4969 796 5034 illia
819 4971 1025 5052 perfeetionis
1054 4971 1174 5036 abscis-
1228 4979 1387 5051 quatenus
1409 4971 1592 5037 obedientia
1613 4978 1663 5036 est
1685 4970 1816 5037 divinae
1838 4970 2030 5050 voluntatis,
2053 4992 2111 5036 suo
2133 4990 2201 5035 mc·

201 5075 271 5117 sam
296 5076 374 5118 esse.

287 5142 337 5204 86.
387 5140 470 5203 Nolo
497 5141 628 5224 singula
655 5141 818 5223 persequi,
847 5163 929 5223 quae
959 5142 1054 5206 hodie
1083 5143 1174 5207 stulti
1199 5180 1202 5205 ι
1229 5144 1302 5150 “”’“
1326 5145 1337 5151 ’
1359 5146 1364 5151 “
1383 5146 1431 5151 '‘-

202 5219 412 5290 Serbonistae
439 5232 568 5308 arrepta
594 5248 636 5292 ex
658 5227 827 5308 scripturis
849 5237 986 5308 temero,
1016 5236 1053 5293 ut
1074 5227 1175 5312 quod·
1199 5208 1202 5281 l
1298 5245 1326 5313 l)
1345 5245 1408 5299 aad.
1429 5241 1502 5297 1545.
