4770 6030
199 340 261 402 461
726 411 733 417 ,
936 337 1038 406 aar.
1060 338 1102 402 v.
1125 337 1218 426 (Ν.)
1260 342 1326 407 un
1347 341 1471 409 amu.
2145 350 2209 414 ror

200 453 446 522 ursmarum
465 443 583 524 ema]

200 530 307 612 perire
330 530 569 610 querebantur,
598 526 668 592 eius
696 539 809 592 tamen
836 528 995 592 auxilinm
1023 528 1178 610 implora·
1232 538 1319 596 strae
1341 531 1527 596 stabilitatis
1548 551 1666 613 parum
1688 532 1768 597 certi
1790 552 1949 609 essemus3
1972 533 2029 598 sed
2055 555 2211 618 arrogan-

199 616 281 681 bant
303 614 437 699 (Matth.
457 620 486 693 8,
506 616 572 698 25).
616 613 720 696 Ergo,
743 613 829 695 quod
850 614 918 677 iam
939 615 1088 695 superius
1111 613 1179 678 die-
1231 618 1312 680 tiam
1336 617 1497 681 duntaxat
1518 624 1551 681 et
1571 619 1781 683 temerariam
1797 617 1948 699 propriae
1966 619 2097 685 virtutis
2115 642 2211 704 praa·

199 709 270 766 tum
293 708 351 778 est,
375 722 506 765 rursmn
529 699 718 778 asserimus,
746 700 823 763 fidei
845 699 989 764 radicem
1010 721 1179 782 nunquam
1231 703 1400 767 fidentiam
1423 702 1553 781 adimit,
1582 726 1624 769 ne
1647 703 1789 787 depulsis
1811 701 1942 767 Iudaeis
1964 713 2079 785 gentes
2101 708 2136 770 in
2156 729 2211 773 eo-

200 788 293 869 epio
315 793 445 869 pectore
468 786 579 863 avelli,
610 786 688 867 quin
710 788 777 848 una
798 787 832 848 in
854 793 948 867 parte
971 784 1079 849 defixa
1100 784 1179 850 hae·
1232 809 1305 851 rum
1323 789 1430 852 laeum
1448 796 1597 871 receptae
1615 790 1725 872 (Rom.
1749 789 1867 872 11,20)
1884 789 2024 855 ferocius
2042 791 2210 860 insultent.

200 880 285 951 reat,
315 880 480 955 uteunque
508 872 644 936 decussa
672 872 736 936 huc
759 882 816 935 aut
843 872 922 936 illua
950 871 1108 935 inclinare
1129 872 1179 937 vi-
1235 874 1421 954 Quanquam
1440 895 1500 937 eran
1518 875 1623 955 fideles
1644 881 1764 940 tardum
1785 875 1850 938 iilic
1870 874 2048 956 nimquam,
2071 878 2126 941 sed
2141 899 2211 945 ora·

201 956 330 1037 deatum
353 961 423 1023 eius
444 958 557 1022 lmnen
577 959 625 1021 ita
646 977 814 1039 nunquam
836 957 1001 1039 exstingui
1025 977 1063 1020 ao
1084 977 1179 1038 prae-
1232 961 1311 1023 tione
1337 980 1398 1024 sua
1426 960 1601 1042 cauponans
1628 964 1722 1026 etiam
1750 961 1987 1041 commedendit,
2010 964 2066 1042 qui
2087 969 2212 1030 artenia

198 1046 315 1123 fucari,
338 1047 417 1126 quin
439 1044 555 1108 saltem
577 1044 668 1108 velut
689 1044 749 1107 sub
771 1043 884 1108 favilla
905 1042 1081 1107 delitescat.
1125 1040 1179 1106 Si·
1231 1047 1384 1109 damnent
1415 1048 1513 1126 specie
1542 1047 1764 1129 ptoriadantur.
1817 1047 1924 1127 Neque
1957 1049 2040 1111 cuim
2072 1051 2212 1132 siupuloo

200 1130 332 1214 quidem
353 1152 455 1212 quum
475 1131 557 1194 haee
586 1129 629 1194 sit
652 1131 773 1194 sanctis
801 1136 949 1193 extrema
981 1127 1179 1209 desperatio·
1231 1132 1367 1195 bantinus
1393 1133 1548 1211 adenona,
1578 1135 1633 1197 sed
1661 1135 1884 1214 comparatione
1913 1134 1994 1197 inter
2023 1133 2157 1201 Iudaeos
2184 1142 2212 1202 et

200 1218 252 1281 nis
279 1217 431 1295 materia,
459 1238 595 1279 manum
617 1215 682 1279 Dei
703 1215 738 1277 in
761 1236 858 1278 suum
879 1214 1032 1290 exitium,
1062 1236 1178 1278 seeun-
1229 1222 1332 1299 partes
1355 1220 1475 1299 posita,
1496 1223 1663 1300 pmtqum
1689 1221 1759 1284 iilos
1787 1219 1958 1284 ostenderat
1983 1220 2086 1283 iustas
2115 1223 2212 1288 inore

201 1304 280 1366 dum
302 1303 524 1384 praesentium
546 1322 656 1364 rerum
679 1300 954 1377 aestirnationem,
979 1300 1116 1378 sentire,
1140 1322 1178 1364 eo
1231 1304 1373 1368 dictitatis
1394 1309 1421 1367 et
1441 1306 1678 1388 improditudinie
1698 1327 1775 1370 urae
1794 1307 1828 1369 in
1850 1325 1883 1369 eo
1899 1325 2018 1385 poenas
2037 1306 2114 1371 dare
2130 1310 2211 1389 quad

199 1408 302 1470 usque
323 1396 435 1452 tamen
456 1407 702 1470 progressmam
724 1408 815 1468 spem
837 1408 931 1451 stram
948 1385 1008 1448 Iob
1036 1386 1179 1450 affirmat
1230 1391 1333 1454 reiecti
1365 1396 1478 1468 ment,
1507 1391 1566 1455 boo
1595 1393 1688 1456 etiam
1713 1392 1866 1468 maror,
1893 1412 1931 1455 ue
1952 1391 2153 1472 superbiendo
2174 1416 2211 1461 ac

201 1473 353 1559 (13„15),
387 1484 424 1536 ut
455 1476 483 1537 si
511 1473 551 1538 ab
581 1493 618 1536 eo
648 1472 813 1537 occidatur
845 1494 911 1536 non
938 1472 982 1535 sit
1007 1482 1180 1554 propterea
1230 1496 1296 1539 sese
1315 1477 1463 1556 efferendo
1482 1479 1620 1559 gratiano
1641 1479 1814 1558 adoptionis
1834 1497 1933 1558 nuper
1961 1477 2003 1542 ad
2024 1500 2057 1542 ce
2078 1481 2211 1546 transtu

201 1560 364 1625 desiturus
387 1561 421 1622 in
444 1580 520 1623 eum
542 1580 682 1641 sperare.
729 1557 783 1622 Ita
805 1563 850 1622 cst
870 1579 953 1622 sarie.
1000 1556 1072 1621 Non
1094 1559 1180 1621 intus
1231 1567 1294 1625 tum
1321 1564 1470 1626 amittant.
1518 1564 1782 1643 Qucrnodmum
1808 1568 1910 1627 antem
1936 1564 1971 1626 in
1997 1563 2056 1627 illa
2078 1563 2210 1631 Iudaeo

200 1648 235 1709 ia
262 1645 404 1710 cordibus
424 1646 553 1726 piarem
581 1648 689 1726 rogitat
714 1644 932 1721 incredulitas
952 1644 1006 1707 sed
1025 1644 1107 1724 foris
1128 1664 1179 1724 op-
1230 1669 1302 1711 rum
1322 1649 1480 1712 reiectione
1501 1655 1683 1729 supererant
1700 1650 1801 1730 aliqui
1823 1671 1860 1713 ea
1877 1650 1967 1729 iptio,
1985 1651 2041 1728 qui
2058 1649 2097 1713 ab
2117 1652 2210 1733 adop

195 1738 333 1813 pumina
360 1751 413 1795 nec
435 1731 563 1794 letaliter
592 1731 734 1794 occinunt
761 1731 830 1794 orris
856 1732 938 1809 tetes,
968 1729 1023 1793 sad
1043 1730 1177 1810 inlidat,
1230 1735 1323 1796 tionis
1343 1735 1463 1814 tudere
1483 1737 1611 1800 minime
1631 1737 1815 1814 occiderant,
1837 1737 1883 1799 ita
1894 1740 2037 1815 poteraut
2054 1737 2155 1816 aliqui
2172 1759 2210 1802 erc

201 1822 256 1882 aut
275 1821 351 1880 certe
372 1819 418 1881 sic
439 1818 534 1881 incdit
550 1822 585 1878 at
601 1817 714 1879 minus
731 1817 772 1878 nit
789 1816 937 1880 corrodite.
971 1814 1069 1879 Fides
1086 1817 1177 1894 eninr,
1228 1819 1368 1901 partimus
1398 1841 1547 1902 campere
1573 1823 1642 1902 qui,
1675 1824 1744 1886 sinc
1770 1843 1844 1886 ouo
1865 1822 1941 1902 (ide,
1969 1825 2089 1885 tantum
2115 1824 2210 1887 stulta

199 1909 235 1967 ut
259 1903 384 1967 Pardus
415 1904 498 1966 docet
517 1902 617 1987 (aph.
644 1907 673 1982 6,
702 1904 771 1986 16),
804 1902 892 1966 nodis
918 1922 979 1982 pro
1011 1907 1094 1964 sarto
1126 1907 1177 1966 cst.
1230 1907 1336 1970 carnis
1356 1906 1536 1986 corcfidentia
1557 1909 1758 1986 inflarentur,
1780 1913 1870 1989 atque
1890 1908 1936 1970 ito
1959 1905 2154 1971 abuterentur
2174 1910 2209 1974 in

202 1989 255 2053 Ea
282 1990 351 2052 tetis
380 1990 519 2070 aposita
547 2009 652 2052 eornm
684 1989 747 2050 oirn
774 1990 820 2052 sic
846 1988 959 2068 meipnt
985 1991 1020 2049 ut
1043 2007 1178 2067 proram
1230 2011 1322 2055 suam
1337 1993 1509 2072 pannum
1530 1991 1594 2056 Dei
1616 1993 1806 2076 benignitate.
1858 1993 1973 2058 Verum
1995 1994 2117 2057 amnui
2139 1994 2210 2060 oleo·

200 2075 343 2156 depellat,
377 2076 423 2138 ael
454 2075 563 2138 sutem
588 2076 732 2157 franpat,
765 2095 804 2136 ue
828 2074 870 2136 ad
898 2073 1008 2137 uitalia
1034 2078 1178 2153 paura.
1230 2079 1272 2142 tis
1293 2098 1330 2141 ac
1347 2077 1490 2159 fidelibus
1510 2078 1564 2141 icoc
1585 2080 1702 2143 dictum
1724 2081 1870 2160 oculum,
1893 2078 1974 2143 nidd
1994 2099 2032 2142 erc
2053 2099 2087 2142 eo
2107 2100 2210 2161 seque-

202 2162 307 2242 Qaum
329 2181 398 2243 erpa
419 2162 588 2224 corruitur
606 2161 697 2240 dtas,
723 2160 855 2239 perinde
876 2165 920 2223 est
942 2178 979 2223 ac
999 2160 1030 2222 si
1051 2160 1178 2224 violatio
1230 2168 1282 2227 lar
1301 2164 1492 2228 incarnandi.
1536 2164 1639 2228 Aliud
1666 2167 1748 2228 enim
1770 2171 1814 2228 est
1834 2166 2045 2243 temeritatem,
2073 2187 2152 2246 quae
2171 2188 2210 2232 eo

201 2249 263 2311 ictu
285 2247 384 2311 iacrdi
403 2247 492 2310 mites
514 2247 632 2326 alioqui
651 2250 764 2326 tinans
784 2246 895 2326 pedem
916 2265 1033 2309 monere
1053 2249 1179 2328 copotrrr
1230 2251 1336 2313 courir
1355 2249 1499 2330 reliquiis
1519 2251 1673 2314 interdum
1692 2252 1808 2315 caudis
1829 2250 1952 2331 obrepit,
1974 2252 2150 2331 reprimere,
2171 2274 2210 2318 ne

201 2337 230 2398 et
252 2334 387 2413 paulum
413 2334 530 2411 carlum
558 2352 653 2412 quum
681 2337 784 2395 amun
809 2331 971 2395 corruatur
996 2331 1075 2412 fides
1096 2333 1176 2412 ipsa,
1229 2336 1320 2400 nuni
1347 2336 1530 2417 wettidentia
1557 2336 1716 2415 torneiam
1749 2337 1839 2400 atiud
1860 2337 2075 2400 conscientiam
2102 2340 2209 2405 timore

196 2419 326 2500 pertriste
354 2423 398 2481 est
427 2439 464 2482 aa
490 2420 520 2481 si
541 2419 664 2498 clypeus
682 2418 863 2499 fractionem
890 2417 1030 2496 dunum
1055 2438 1093 2480 ecc
1120 2418 1177 2480 irn-
1223 2422 1403 2502 percellere,
1425 2443 1464 2486 ne
1479 2422 1576 2502 uena
1597 2424 1757 2487 seruitute
1778 2423 1813 2485 in
1836 2421 1901 2485 Dei
1921 2423 2139 2488 ncisericordia
2159 2446 2209 2490 ac·

194 2507 355 2585 pressione
373 2505 517 2585 reciprsat,
547 2506 592 2568 sic
613 2509 715 2567 meren
735 2507 771 2566 ut
791 2524 852 2566 uon
867 2504 1052 2583 perperaum
1092 2502 1177 2567 Seu
1228 2510 1372 2587 quiescat.
2182 2562 2185 2569 .

193 2610 254 2672 per
274 2592 355 2654 arim
377 2612 409 2654 eo
433 2592 494 2671 pia
515 2610 601 2653 urens
622 2594 762 2672 arnapa,
788 2594 823 2652 ui
849 2609 920 2653 cum
940 2587 1066 2652 Deoua
1093 2589 1180 2653 dicat
1319 2598 1365 2657 16.
1410 2593 1540 2658 Deinde
1561 2594 1617 2659 ubi
1639 2593 1733 2659 docet
1754 2593 1857 2679 (Phil.
1878 2596 1907 2670 2,
1931 2592 1985 2675 12)
2007 2601 2046 2655 ut
2068 2617 2144 2659 cum
2166 2597 2207 2660 ti·

200 2676 303 2761 (Psal.
323 2680 373 2755 23,
393 2677 446 2760 4)’.·
467 2677 498 2740 si
521 2675 715 2740 andedaoero
735 2678 771 2739 in
791 2676 891 2739 nadre
911 2674 1038 2738 ammae
1057 2676 1175 2754 mortis,
1228 2701 1319 2745 more
1346 2687 1380 2743 et
1407 2687 1549 2745 tremore
1577 2701 1750 2763 operemur
1777 2680 1917 2745 salutem
1944 2685 2105 2758 nostram,
2140 2703 2207 2746 non

199 2782 260 2826 riou
280 2763 388 2827 timebo
409 2763 510 2842 αιαία,
538 2763 685 2843 quoniam
712 2767 745 2825 tu
771 2782 889 2826 nucum
914 2780 955 2825 eo.
1004 2760 1176 2825 Arnbutarc
1229 2765 1318 2830 aliud
1340 2767 1450 2849 exigit,
1473 2768 1539 2831 nisi
1560 2768 1651 2831 utin
1667 2767 1802 2831 Domini
1821 2767 1987 2842 virtutem,
2010 2787 2086 2829 oum
2103 2767 2208 2832 multa

198 2855 275 2912 certe
297 2850 331 2910 in
353 2849 483 2930 caligine
505 2849 614 2911 nurtis
640 2853 685 2912 ast
705 2849 889 2928 cernuum
916 2867 970 2909 nec
989 2848 1061 2927 lieri
1076 2851 1176 2927 potest
1228 2853 1333 2916 nostri
1355 2852 1542 2927 deiectione,
1566 2854 1729 2935 suspicere
1752 2871 1986 2917 assuescamus.
2026 2852 2206 2917 Enimvero

198 2936 275 3013 proin
295 2935 414 3014 tidelm,
441 2936 639 3014 quardumois
659 2935 866 3014 firmitudinis
887 2933 1032 3011 tondeant,
1053 2934 1088 2996 id
1103 2954 1176 3012 per·
1228 2937 1311 3001 nihil
1333 2945 1402 3002 tam
1424 2959 1482 3002 nos
1506 2938 1547 3002 ad
1569 2938 1722 3004 fiduciam
1742 2936 2034 3018 certitudinemque
2053 2938 2152 3000 animi
2170 2940 2206 3002 in

197 3021 381 3082 horrescant.
434 3019 494 3083 Sed
516 3022 663 3100 quoniam
684 3021 741 3084 dia
764 3021 904 3102 cogitatio
925 3024 1066 3099 superat,
1095 3019 1176 3099 quod
1228 3025 1408 3088 Dominum
1425 3024 1635 3088 reiioiendam
1653 3025 1882 3108 expergefacit,
1906 3043 2004 3103 quam
2023 3024 2125 3087 nostri
2144 3024 2206 3088 dif-

198 3104 305 3168 Denm
333 3103 441 3167 liabent
464 3111 655 3185 maerentem
683 3111 711 3169 ct
739 3127 816 3169 suae
842 3105 939 3169 satuti
965 3105 1174 3182 sustuna,
1227 3098 1363 3174 fidentia
1389 3117 1422 3175 et
1451 3115 1606 3192 concepta
1627 3133 1669 3175 ex
1695 3111 1894 3176 conscientia
1920 3117 2051 3172 nostrae
2073 3110 2206 3176 calami-

198 3191 295 3253 simnt
321 3191 455 3254 uincitur
488 3193 579 3255 umor
611 3193 778 3257 securitate
833 3190 1046 3272 manutere
1074 3195 1176 3255 autern
1227 3197 1304 3260 tatis
1331 3197 1488 3260 anxietas.
1543 3196 1585 3260 In
1618 3218 1715 3277 quem
1744 3217 1877 3261 sensum
1905 3195 2129 3277 accipiendum
2156 3204 2207 3262 est

197 3275 372 3353 canabinos,
399 3281 432 3337 nt
459 3277 657 3360 Anapustinus
684 3280 737 3357 ait,
753 3277 776 3360 ¹)
803 3279 968 3341 adeersum
994 3297 1050 3341 uos
1077 3278 1175 3359 eriprd
1227 3282 1313 3363 quod
1335 3288 1385 3346 est
1412 3282 1498 3363 apud
1526 3282 1720 3364 prophetam
1738 3283 1841 3367 (Psal.
1863 3287 1891 3358 5,
1911 3284 1962 3363 8);
1992 3281 2028 3343 in
2057 3281 2205 3346 multitu-

198 3362 348 3439 diadotns,
370 3364 492 3442 uuanda
513 3384 574 3426 riou
595 3370 670 3428 terret
692 3365 790 3428 mcum
812 3365 926 3437 cordis,
949 3363 1003 3426 ubi
1022 3363 1099 3442 fides
1119 3362 1175 3426 da·
1228 3368 1303 3431 dine
1331 3368 1483 3433 bonitatis
1511 3374 1587 3432 tuae
1620 3368 1787 3452 ingrediar
1815 3366 1974 3448 templum
1996 3374 2103 3443 tuum,
2128 3367 2205 3432 ado-

198 3447 281 3526 bitat,
304 3450 415 3512 eicdsas
432 3454 476 3511 est
495 3450 590 3530 foros.
1199 3476 1202 3512 r
1227 3455 1305 3518 rabo
1328 3455 1362 3516 in
1383 3454 1509 3517 timore.
1553 3454 1621 3520 Ubi
1642 3455 1795 3520 decenter
1814 3453 1891 3518 fidei
1915 3451 2099 3529 audaciam,
2121 3472 2205 3533 quae

288 3539 335 3597 la.
381 3535 496 3598 Altera
518 3544 567 3598 est
587 3536 713 3599 timoris
735 3559 773 3602 ae
794 3536 1019 3619 trepidationis
1040 3534 1172 3616 speeies,
1225 3540 1289 3603 Dei
1322 3538 1563 3604 misericordiae
1596 3541 1764 3619 innititur,
1798 3560 1873 3604 anm
1904 3537 2055 3620 religioso
2088 3539 2205 3603 timore

124 3623 131 3637 ⁶
197 3642 239 3685 ex
261 3643 326 3703 qua
347 3629 457 3685 tamen
479 3620 559 3685 adeo
580 3620 663 3684 nihil
684 3621 812 3688 decedit
832 3623 908 3687 fidei
931 3621 1113 3700 securitati,
1135 3627 1174 3684 ut
1225 3626 1402 3710 coniungit,
1425 3646 1489 3707 quo
1510 3648 1570 3691 nos
1593 3626 1679 3691 affiei
1700 3647 1832 3691 neeesse
1850 3632 1907 3701 est,
1932 3623 2057 3705 quoties
2075 3624 2109 3685 in
2127 3645 2204 3688 eon·

197 3707 331 3772 solidius
366 3707 443 3770 inde
474 3707 665 3772 stabiliatur.
720 3710 847 3792 Nempe
874 3710 953 3773 dmn
980 3707 1092 3772 fideles
1119 3707 1173 3772 vel
1225 3719 1372 3793 spectum
1390 3711 1519 3776 divinae
1536 3712 1716 3776 maiestatis
1734 3711 1931 3794 prodeuntes
1949 3730 1991 3773 ex
2008 3709 2078 3773 eius
2095 3709 2203 3791 splen·

197 3793 347 3875 exempla
369 3792 498 3857 divinae
519 3793 652 3857 ultionis
674 3794 831 3862 adversus
852 3796 968 3877 impios
990 3793 1091 3871 edita,
1115 3792 1172 3857 do·
1225 3797 1302 3862 dore
1320 3805 1442 3879 quanta
1459 3797 1502 3863 sit
1518 3805 1632 3863 nostra
1649 3798 1850 3864 obscoenitas
1868 3795 2091 3878 intelligimus.
2114 3795 2204 3862 Vero

197 3887 424 3944 eumentomm
446 3880 516 3945 vico
539 3879 600 3944 sibi
622 3900 692 3944 esse
715 3884 894 3965 rogitantes
915 3903 957 3944 ne
978 3881 1094 3945 iisdem
1111 3881 1172 3943 fla·
1225 3885 1324 3948 etiarn
1344 3883 1476 3949 Solomo
1494 3883 1607 3967 (Prov.
1628 3887 1678 3963 28,
1702 3883 1765 3968 14),
1789 3881 1869 3947 dum
1886 3882 2019 3946 beatum
2037 3881 2204 3946 bominem

195 3967 283 4048 gitiis
304 3966 388 4029 irrun
410 3966 474 4030 Dei
495 3967 531 4029 in
552 3987 587 4029 se
608 3985 785 4047 provocare
804 3969 866 4033 sibi
884 3967 1060 4050 contingat,
1083 3965 1172 4029 solli·
1224 3972 1414 4052 pronuntiat
1434 3970 1490 4051 qui
1511 3977 1613 4034 terret
1631 3969 1760 4034 assidue
1777 3990 1834 4034 eor
1851 3989 1956 4044 suum,
1979 3968 2133 4048 quoniam
2151 3969 2203 4032 in·

195 4053 257 4116 cite
288 4060 420 4128 cavent;
457 4052 509 4117 vel
543 4072 644 4135 quum
671 4054 836 4118 nuseriam
865 4075 959 4120 suam
988 4072 1097 4119 seeum
1119 4072 1171 4116 re-
1224 4057 1396 4121 duratione
1423 4056 1459 4120 in
1485 4055 1610 4120 malum
1632 4064 1812 4122 corruatur.
1858 4056 1905 4119 At
1926 4062 2085 4117 terrorem
2106 4054 2202 4119 intel·

194 4147 424 4219 cognoscentes
454 4159 473 4202 a
499 4138 642 4202 Domino
670 4140 728 4202 toti
756 4140 899 4222 pendere
926 4138 1070 4217 diseunt,
1099 4139 1171 4203 sine
1223 4142 1297 4225 ligit
1323 4144 1379 4225 qui
1401 4163 1461 4207 nos
1484 4144 1644 4207 candores
1666 4141 1796 4220 reddat;
1823 4161 1891 4204 non
1913 4148 2039 4217 autem,
2069 4160 2131 4220 quo
2154 4138 2202 4202 af·

194 4243 257 4305 quo
279 4244 313 4287 se
336 4224 480 4306 quolibet
500 4232 599 4288 vento
619 4225 727 4289 fluxos
748 4228 853 4310 magis
873 4235 907 4292 et
928 4226 1082 4292 evanidos
1100 4246 1171 4290 esse
1223 4229 1303 4294 fliati
1324 4228 1548 4307 eoncidamus;
1577 4229 1656 4292 dum
1678 4227 1802 4294 seilicet
1822 4227 1952 4296 animus
1974 4226 2010 4288 in
2032 4245 2067 4288 se
2089 4224 2201 4288 confu-

194 4309 315 4373 vident.
368 4309 455 4374 Nam
483 4310 663 4392 apostolus,
692 4310 771 4374 dum
801 4314 833 4397 (1
855 4313 929 4378 (lor.
953 4317 1007 4392 10,
1028 4319 1046 4374 5
1066 4310 1169 4395 seqq.)
1224 4336 1279 4380 sus
1311 4315 1347 4378 in
1369 4314 1441 4379 Deo
1472 4334 1507 4378 so
1534 4314 1709 4397 recolligit,
1737 4315 1774 4378 in
1795 4312 1852 4376 illo
1880 4312 2030 4394 arigium,
2059 4307 2146 4406 apud
2166 4330 2201 4374 sa

193 4397 366 4477 propositis
393 4396 548 4480 flagellis,
577 4397 694 4479 quibus
723 4398 759 4460 in
780 4398 993 4466 israeliticum
1014 4397 1171 4481 populum
1223 4403 1332 4484 ipsum
1358 4400 1518 4480 deiectus;
1546 4399 1672 4465 diffisus
1695 4400 1773 4478 sibi,
1801 4398 1889 4462 illius
1911 4397 2031 4461 fiducia
2051 4404 2200 4475 respuat.

193 4481 272 4544 olim
293 4481 455 4546 Dominus
478 4481 676 4561 vindicarat,
699 4488 857 4549 terrorem
876 4485 1056 4551 Corinthiis
1078 4484 1171 4548 incu-
1222 4486 1366 4551 Proinde
1388 4486 1470 4551 nihil
1498 4487 1606 4552 obstat
1625 4487 1705 4569 quin
1733 4485 1831 4551 simul
1853 4490 1888 4548 et
1915 4486 2099 4547 terreantur
2120 4479 2200 4545 fide·

193 4567 248 4644 tit,
278 4589 320 4631 ne
341 4568 502 4633 similibus
522 4569 619 4634 malis
646 4590 682 4634 se
708 4571 795 4651 ipsos
816 4572 1038 4654 obstringant,
1071 4591 1110 4634 ea
1131 4571 1171 4633 fi·
1222 4573 1284 4652 les,
1325 4581 1358 4637 et
1388 4573 1596 4638 securissima
1627 4572 1846 4638 consolatione
1884 4569 2066 4652 patientum
2104 4575 2202 4647 prout

193 4652 322 4719 duciam
344 4655 490 4736 ipsonmr
512 4654 595 4718 nihil
621 4655 808 4736 labefactat,
835 4656 893 4721 sed
912 4665 1076 4739 torporem
1099 4676 1171 4722 aar·
1222 4660 1365 4725 nuncin
1387 4680 1481 4725 suem
1502 4658 1683 4724 vanitatem
1704 4657 1813 4722 oeulos
1830 4659 2033 4728 convertunt,
2056 4673 2144 4717 nunc
2165 4653 2201 4716 in

192 4741 244 4805 nis
265 4738 362 4804 modo
384 4742 516 4818 excutit,
540 4761 603 4823 quo
624 4741 707 4806 fides
728 4742 820 4808 obrui
842 4744 949 4826 magis
969 4763 1068 4824 quam
1092 4763 1171 4807 eon·
1222 4745 1287 4809 Dei
1308 4746 1481 4811 renatam
1501 4745 1603 4809 animi
1623 4744 1853 4827 cogitationem
1875 4740 2030 4804 referunt.

192 4827 317 4890 firmari
345 4826 435 4891 solet.
486 4827 556 4892 Neo
592 4827 671 4892 dum
698 4849 718 4892 a
742 4827 940 4893 Iudaeorum
967 4849 1046 4894 casn
1072 4848 1172 4912 argu·
1312 4834 1360 4895 17.
1407 4832 1513 4913 Neque
1541 4835 1643 4894 tamen
1670 4831 1717 4893 sic
1741 4829 1838 4892 uem
1864 4826 2000 4907 tammus
2015 4823 2201 4903 panormu-

192 4920 341 4977 mentum
367 4913 563 4978 exhortandi
590 4915 704 4993 sumit,
732 4921 772 4978 nt
798 4916 854 4997 qni
880 4921 963 4991 stat,
997 4913 1109 4979 videat
1129 4934 1171 4978 ne
1223 4917 1322 4982 ennae
1336 4915 1560 4998 philosophiae,
1581 4935 1676 4996 meam
1695 4911 1836 4978 murelli
1855 4911 2072 4991 sernrpapietae
2093 4909 2201 4973 credere

193 4998 288 5062 cadat
310 4998 342 5080 (l
364 4997 438 5063 (lor.
464 5003 512 5078 10,
535 4997 599 5082 12),
623 5021 683 5065 nos
707 5001 858 5066 vacillare
879 5000 978 5078 iubet
1000 5020 1040 5065 ao
1063 5000 1090 5065 si
1111 5019 1171 5067 no·
1215 5001 1313 5065 'bodie
1331 5003 1367 5066 in
1387 5002 1513 5086 amatis
1537 5001 1699 5082 inopium.
1746 4998 1830 5080 Quia
1850 4997 1933 5060 enim
1954 5015 2096 5060 noscam
2111 4994 2201 5059 citata

1224 5086 1454 5167 dubitationem,
1487 5108 1566 5169 quae
1593 5088 1628 5150 in
1655 5085 1766 5151 sedulis
1795 5083 1912 5147 tradita
1937 5082 2015 5164 fuit,
2049 5081 2129 5144 tueri
2150 5101 2200 5146 ne-

292 5175 353 5179 “
1224 5178 1352 5254 queunt,
1380 5175 1557 5257 confugiunt
1584 5173 1628 5237 ad
1654 5171 1743 5236 aliud
1764 5175 1975 5246 comnuutum,
1998 5170 2032 5230 ut
2051 5166 2200 5247 fiduciam

264 5272 806 5342 1)H01ni1.(rran.)in10ann.529.
863 5308 892 5314 »Α
1092 5312 1096 5319 .
1223 5259 1434 5324 ineredrditate
1454 5261 1585 5324 mittam
1603 5259 1730 5340 faciam.
1769 5256 1895 5338 ,auus
1914 5252 2133 5320 malaeum
2153 5273 2200 5316 re

636 5568 681 5649 Ω
