4770 6030
206 350 270 414 459
782 340 1049 408 INSTITU'PIO
1071 343 1176 409 Ritu.
1200 341 1381 409 oflltlsr.
1408 346 1637 410 itta-1554.
2152 351 2217 415 tto

206 536 374 605 licitudinc
391 536 568 614 impetatur
573 554 581 610 ;
604 532 683 613 quin
700 531 807 613 potius
825 532 972 609 dicimus,
991 489 1186 614 perpetuum
1239 554 1335 595 usum
1364 533 1493 614 recipit:
1520 534 1566 598 sic
1584 536 1683 598 terrei
1706 448 2093 619 eorporiiioiiiieiibiis’
2104 463 2216 619 iiiii,

207 645 278 691 esse
306 621 457 686 fidelibus
485 623 651 684 certamen
675 638 751 682 cnm
773 639 833 683 sua
856 619 1002 700 ipsorum
1035 616 1186 682 diffiden·
1239 627 1402 699 utcunquc
1434 619 1540 683 multa
1567 620 1763 686 obscuritate
1798 621 1940 705 undiquc
1974 623 2214 706 obumbremur,

206 713 261 776 tia.
296 709 440 772 Tanhrm
462 705 554 770 abest
575 710 613 767 ut
634 723 747 768 eorum
769 703 983 768 conscientias
1004 703 1040 766 in
1057 703 1186 786 placida
1237 703 1310 768 luce
1335 710 1447 768 tamon
1474 704 1539 768 Dei
1568 703 1621 770 vel
1648 705 1805 788 pusillum
1832 708 1874 770 ad
1902 709 2118 774 exserendam
2145 713 2215 779 cius
2293 739 2295 742 ⁴

207 798 315 879 aliqua
334 793 442 874 quieto
463 791 671 866 collocemus,
701 810 785 872 quae
805 789 905 854 nullis
925 790 1057 854 omnino
1079 791 1184 856 turbis
1238 789 1493 854 miscricordiam
1514 790 1702 870 irradiante,
1725 799 1885 875 quantum
1907 795 1986 860 satis
2003 802 2054 860 est
2074 796 2117 860 ad
2138 797 2214 862 soli·

205 879 440 962 interpelletur.
473 878 622 941 Rursum
642 886 762 954 tamen
785 877 1044 960 qualemcrmque
1062 876 1099 938 in
1115 897 1185 939 mo-
1238 875 1314 939 dam
1336 876 1544 941 securitatum
1563 877 1798 943 illuminamur.

207 969 286 1034 dum
308 966 522 1040 afflictentur,
546 961 695 1026 decidere
725 983 762 1027 ac
785 961 963 1027 desciscere
984 982 1185 1044 negamusa
1327 965 1375 1024 13.
1419 961 1604 1045 Utrumque
1625 964 1763 1030 diversis
1789 964 1868 1031 locis
1896 967 2060 1049 apostolus
2082 968 2215 1052 elegan-

206 1067 296 1121 certa
322 1051 394 1128 illa,
424 1071 523 1132 quam
549 1047 589 1112 de
617 1048 838 1114 misericordia
863 1049 928 1113 Dei
957 1054 1184 1130 conceperunt,
1237 1053 1288 1110 ter
1309 1047 1410 1111 dccet.
1456 1046 1569 1128 Quum
1590 1050 1678 1113 enim
1700 1071 1742 1114 cx
1770 1058 1864 1132 parte
1885 1073 1946 1117 nos
1968 1062 2214 1136 cognoscereet

205 1140 333 1207 fiduoia,
1237 1153 1279 1196 ex
1306 1141 1399 1214 parte
1429 1134 1640 1215 prophetare,
1674 1136 1849 1218 videreque
1874 1138 1910 1201 in
1942 1140 2126 1222 aenigmate
2154 1163 2213 1223 per

295 1230 343 1288 ll.
388 1222 429 1287 Id
450 1242 514 1305 quo
540 1220 758 1303 intelligatur,
786 1241 919 1285 necesse
941 1227 992 1285 est
1013 1219 1120 1284 redire
1142 1220 1184 1285 ad
1236 1218 1404 1300 specrdum
1422 1219 1523 1283 tradit
1540 1225 1572 1304 (1
1594 1219 1668 1286 Ocr.
1692 1226 1739 1300 13,
1760 1220 1804 1305 9),
1823 1243 1922 1305 quarn
1940 1226 2048 1290 tenuis
2065 1226 2101 1289 in
2117 1248 2213 1308 prae-

205 1313 297 1378 illam
318 1311 426 1375 carnis
446 1314 479 1373 et
500 1307 633 1390 spiritis
660 1306 868 1384 divisionem,
895 1307 987 1372 cuius
1014 1306 1092 1371 alibi
1113 1328 1182 1370 me-
1236 1306 1320 1368 senti
1341 1305 1410 1370 vita
1436 1305 1525 1370 illius
1546 1328 1624 1372 vere
1651 1307 1781 1373 divinae
1806 1310 1986 1391 sapientiae
2006 1312 2214 1393 portiuncula

205 1399 377 1474 minimus,
404 1415 487 1478 quae
514 1394 551 1456 iu
573 1392 636 1456 hac
657 1399 751 1474 parte
771 1392 970 1457 lucidissime
992 1414 1027 1457 se
1047 1393 1180 1475 profert.
1235 1389 1328 1454 nobis
1350 1389 1454 1469 detur,
1476 1391 1607 1458 indicat.
1643 1394 1691 1457 At
1711 1414 1811 1474 quam
1832 1401 1920 1460 certo
1941 1401 1975 1460 et
1994 1397 2130 1462 minime
2151 1399 2214 1464 fal·

207 1483 317 1550 Sentit
348 1503 426 1566 ergo
458 1480 544 1544 hanc
571 1479 607 1541 in
639 1500 674 1542 se
704 1477 896 1543 divisionem
927 1479 1021 1561 pium
1053 1484 1180 1560 pectus:
1234 1475 1298 1540 laci
1324 1478 1374 1540 sui
1403 1485 1502 1559 gustu
1523 1500 1582 1544 nos
1610 1479 1732 1544 afficiat
1751 1480 1806 1544 vel
1828 1481 1948 1564 exigua
1974 1481 2051 1547 fidei
2072 1485 2212 1565 guttula,

205 1569 292 1653 qnod
319 1569 440 1651 partim
466 1567 507 1631 ob
535 1563 665 1629 divinae
699 1565 852 1630 bonitatis
879 1565 1079 1648 agnitionem
1106 1586 1181 1628 sua-
1233 1560 1321 1625 idem
1349 1562 1427 1627 alibi
1454 1564 1610 1641 ostendit,
1640 1586 1743 1646 quum
1770 1566 1914 1631 affirmat
1942 1567 1977 1651 (2
1997 1567 2071 1633 (lor.
2095 1573 2123 1647 3,
2146 1573 2211 1656 18),

205 1657 307 1723 vitate
336 1651 556 1737 perfunditur,
584 1651 704 1733 partim
726 1650 766 1715 ob
787 1672 865 1715 suae
887 1650 1081 1716 calamitatis
1106 1671 1181 1714 sen·
1233 1667 1293 1712 nos
1326 1668 1384 1729 per
1412 1650 1635 1732 evangelium,
1669 1651 1814 1716 revelata
1841 1653 1939 1730 faeie,
1970 1654 2125 1737 nulloque
2155 1657 2212 1722 ob-

206 1764 280 1808 sum
302 1738 521 1805 amaritudine
542 1737 675 1819 angitur
682 1759 690 1816 ;
718 1737 839 1818 partim
866 1737 901 1799 in
923 1736 1085 1820 evangehi
1106 1757 1180 1818 pro-
1233 1732 1315 1798 ieeto
1337 1734 1514 1814 velamine,
1543 1736 1681 1819 gloriam
1702 1736 1765 1801 Dei
1788 1745 1881 1804 tanta
1901 1739 2046 1804 efficacia
2066 1750 2211 1806 oontem-

206 1828 396 1893 missionem
423 1823 597 1900 recumbit,
625 1823 746 1905 partim
776 1843 854 1887 suae
880 1821 1062 1903 iniquitatis
1089 1823 1181 1886 testi·
1234 1818 1330 1901 plari,
1359 1827 1397 1883 ut
1424 1822 1459 1884 in
1481 1822 1619 1887 eandem
1639 1823 1817 1905 imaginem
1844 1825 2122 1891 transformemur.
2167 1829 2211 1894 In

206 1914 315 1979 monio
333 1910 489 1994 trepidat;
511 1909 632 1991 partim
652 1910 740 1973 vitae
754 1908 1011 1990 apprehensione
1029 1908 1180 1985 exsultat,
1232 1905 1353 1970 talibus
1374 1906 1578 1989 ignorantiae
1599 1908 1776 1973 involucris
1797 1909 1977 1991 plurimum
1997 1912 2096 1977 simul
2115 1912 2210 1979 dubi·

204 2000 326 2082 partim
347 2005 486 2061 mortem
514 1993 722 2059 exhorrescit.
768 1992 864 2074 Quae
883 1996 1021 2060 variatio
1042 2016 1084 2059 ex
1104 1994 1181 2058 fidei
1234 1992 1365 2056 tationis
1387 1999 1421 2056 et
1440 1993 1664 2075 trepidationis
1685 1995 1847 2076 implicari
1868 2018 2000 2062 necesse
2022 2005 2086 2078 est;
2108 2020 2210 2082 quum

204 2086 448 2168 imperfectione
469 2081 642 2163 contingit,
666 2079 795 2180 quando
816 2101 986 2180 nunquam
1007 2088 1076 2144 tam
1097 2080 1181 2179 bene
1233 2080 1426 2176 praesertim
1456 2100 1514 2178 cor
1546 2089 1695 2178 nostrum
1727 2101 1786 2145 suo
1816 2081 1957 2164 quodam
1983 2085 2127 2149 naturali
2158 2087 2210 2151 in·

204 2173 551 2322 hlffitttttt
566 2187 672 2317 iffi
697 2165 1181 2335 litttttttdttt
1233 2163 2210 2339 ttttdrtt?dthttttttptfttt..tt⁰stt

204 2364 371 2426 cupemur.
415 2339 505 2404 Hinc
526 2339 695 2402 conflictus
715 2338 780 2402 illi:
802 2339 859 2403 ubi
880 2359 962 2421 quae
984 2340 1019 2402 in
1036 2338 1181 2418 reliquiis
1233 2336 1344 2400 variae
1361 2358 1481 2418 magno
1497 2337 1676 2402 identidem
1692 2339 1818 2421 impetu
1834 2339 1992 2405 insiliunt
2019 2341 2099 2424 Ipsa
2115 2364 2210 2425 prae·

205 2430 314 2495 carnis
335 2428 451 2492 haeret
471 2423 661 2503 diffidentia,
686 2424 728 2487 ad
744 2424 1007 2508 oppugnandam,
1030 2445 1113 2505 quae
1130 2425 1180 2486 in-
1233 2422 1327 2504 eipue
1349 2423 1561 2502 conscientia,
1577 2424 1793 2502 ,incumbente
1814 2433 2023 2506 peccatorum
2044 2428 2129 2492 mole
2152 2451 2209 2512 op·

205 2522 260 2580 tus
287 2519 443 2596 concepta
470 2516 534 2588 est,
565 2509 665 2574 fidem
693 2511 843 2593 insurgit
893 2511 1021 2574 Verum
1050 2509 1078 2574 si
1106 2531 1180 2591 per·
1232 2528 1360 2588 pressa,
1387 2530 1475 2572 nunc
1503 2531 1614 2575 secum
1640 2510 1830 2591 queruletur
1853 2532 1890 2576 ac
1918 2512 2034 2595 gemit,
2064 2535 2152 2578 nunc
2174 2537 2209 2580 se

204 2602 310 2665 mixta
331 2605 381 2664 est
402 2599 438 2661 in
459 2595 548 2661 fideli
569 2602 679 2660 mente
702 2596 903 2660 dubitatione
924 2595 1097 2673 certitudo,
1122 2617 1180 2659 an·
1233 2594 1351 2676 arguit,
1374 2615 1461 2659 nuno
1483 2597 1581 2661 tacite
1601 2596 1719 2673 fremit,
1742 2618 1830 2662 nuno
1847 2606 1959 2679 aperte
1980 2598 2207 2664 tumultuatur.

204 2707 273 2751 non
300 2707 338 2750 eo
366 2703 495 2766 semper
519 2682 703 2760 recidimus,
726 2689 765 2746 ut
786 2681 868 2746 fides
889 2703 955 2746 non
977 2689 1067 2747 certa
1085 2689 1119 2746 et
1141 2681 1180 2744 li·
1233 2676 1313 2744 Sive
1342 2701 1420 2763 ergo
1447 2702 1501 2746 res
1529 2681 1686 2748 adversae
1713 2682 1798 2747 iram
1823 2682 1888 2746 Dei
1920 2704 2000 2765 prae
2027 2705 2061 2748 se
2088 2685 2208 2766 ferunt,

204 2768 332 2856 quida,
347 2770 404 2836 sed
426 2771 564 2835 obscura
590 2767 685 2832 modo
711 2774 743 2832 et
769 2768 926 2851 perplexa
947 2768 1076 2832 divinae
1102 2788 1181 2851 erga
1233 2765 1302 2830 sive
1333 2767 1403 2830 eius
1435 2774 1667 2850 argumentum
1696 2776 1730 2831 et
1750 2769 1923 2833 materiam
1949 2770 2148 2834 conscientia
2173 2771 2208 2836 in

204 2879 263 2924 nos
284 2857 462 2923 voluntatis
484 2856 600 2919 notitia
628 2854 777 2920 constet?
821 2854 960 2918 Minime
983 2875 1068 2919 vero.
1113 2853 1180 2917 Ne-
1232 2873 1268 2915 se
1296 2853 1432 2933 reperit,
1462 2854 1538 2918 inde
1566 2853 1631 2917 tela
1653 2863 1686 2916 et
1707 2853 1877 2919 machinas
1900 2855 1942 2918 ad
1969 2856 2209 2938 profligandam

205 2965 267 3028 quc
311 2944 416 3020 enim,
459 2942 486 3005 si
519 2941 620 3005 variis
660 2940 908 3024 cogitationibus
956 2939 1179 3017 distrahimur,
1232 2937 1331 3001 fidem
1353 2937 1564 3004 incredulitas
1583 2939 1711 3021 arripit3
1734 2960 1818 3021 quac
1838 2948 1949 3004 tamen
1970 2940 2012 3004 ad
2031 2941 2121 3006 huno
2139 2964 2208 3007 sco-

204 3029 277 3094 ideo
307 3029 457 3112 protinus
484 3048 504 3090 a
536 3025 600 3089 fido
633 3026 827 3091 divellimur.
883 3026 952 3091 Nec
992 3027 1020 3090 si
1049 3047 1180 3090 sursum
1233 3044 1313 3106 pum
1339 3032 1496 3106 perpetuo
1524 3024 1745 3103 destinantur,
1775 3031 1813 3089 ut
1833 3026 1944 3090 Deum
1970 3027 2064 3091 nobis
2093 3027 2209 3093 adver·

206 3115 358 3181 deorsum
391 3111 591 3177 diffidentiae
625 3113 801 3195 agitatione
830 3133 1006 3190 vexamur,
1039 3111 1112 3176 idco
1145 3111 1180 3174 in
1233 3131 1307 3173 sum
1340 3118 1373 3173 ct
1403 3110 1567 3176 infensum
1592 3131 1663 3175 ease
1690 3117 1857 3192 putantes,
1886 3133 1947 3178 nee
1975 3114 2044 3194 opis
2072 3114 2112 3178 ab
2139 3115 2210 3196 ipso

205 3201 276 3266 eius
305 3201 460 3284 abyssum
494 3196 723 3280 demergimur.
772 3198 886 3281 Neque
913 3199 941 3262 si
967 3198 1179 3274 concutimur,
1205 3216 1208 3259 ι
1232 3194 1410 3278 quidquam
1443 3218 1626 3279 speremus,
1661 3204 1694 3261 et
1721 3197 1909 3274 timeamus,
1948 3219 2009 3263 ceu
2042 3199 2082 3262 ab
2117 3200 2210 3268 hoste

203 3287 275 3352 ideo
298 3286 338 3351 de
365 3284 471 3369 gradu
493 3284 713 3348 deturbamur.
763 3282 934 3366 Siquidem
960 3284 1054 3348 istius
1076 3293 1180 3348 certa·
1205 3262 1207 3375 }
1232 3281 1371 3363 capitali.
2201 3342 2204 3348 .

203 3373 301 3438 minis
323 3391 452 3453 semper
480 3370 534 3435 hic
556 3370 631 3433 finis
654 3377 716 3447 est,
745 3368 832 3452 quod
859 3369 941 3434 fides
964 3391 1019 3434 eas
1041 3369 1180 3434 difficul·
1321 3371 1369 3431 14.
1415 3367 1469 3432 Ad
1492 3367 1551 3432 hos
1572 3369 1714 3450 impetus
1732 3368 1939 3434 sustinendos
1956 3370 2038 3434 fides
2055 3392 2091 3434 se
2109 3373 2214 3436 verbo·

203 3464 296 3537 tates,
318 3457 435 3541 quibus
457 3458 504 3520 ita
517 3456 730 3520 circumsessa
747 3455 878 3519 videtur
896 3455 1083 3538 periclitari,
1106 3463 1179 3520 tan-
1232 3453 1367 3517 Domini
1388 3463 1496 3518 armat
1516 3463 1549 3518 et
1570 3455 1685 3517 munit.
1730 3456 1839 3536 Atque
1860 3455 1918 3520 ubi
1938 3456 2076 3520 insultat
2096 3456 2209 3522 huius·
2244 3461 2245 3466 ’

204 3543 280 3609 dem
304 3544 475 3608 eluctatur.
1232 3539 1321 3602 modi
1342 3539 1493 3618 tentatio,
1518 3540 1629 3604 Deum
1649 3561 1721 3605 esse
1742 3541 1926 3618 inimicum,
1955 3543 2032 3624 quia
2059 3543 2102 3606 sit
2126 3544 2209 3607 iufe-

293 3634 340 3693 12.
392 3628 531 3694 Summa
558 3627 640 3692 haec
667 3628 717 3691 sit.
769 3626 835 3692 Ubi
861 3628 1005 3709 primum
1033 3628 1087 3692 vel
1118 3629 1179 3692 mi·
1233 3634 1317 3689 stus:
1341 3632 1455 3690 contra
1476 3625 1605 3708 excipit,
1628 3647 1699 3691 esse
1720 3647 1861 3709 quoque,
1885 3627 1964 3691 dum
1986 3628 2118 3710 affligit,
2146 3628 2209 3692 mi·

203 3716 293 3780 nima
314 3715 391 3780 fidei
413 3721 507 3798 gutta
526 3715 691 3779 mentibus
713 3714 832 3778 nostris
853 3713 1012 3778 instillata
1033 3721 1091 3793 est,
1113 3715 1180 3778 iam
1233 3712 1443 3787 sericordem;
1464 3713 1541 3794 quia
1557 3712 1727 3796 castigatio
1749 3734 1770 3778 a
1790 3712 1962 3779 dilectione
1982 3714 2089 3795 potius
2111 3734 2210 3795 quam

203 3800 321 3864 faciem
341 3801 406 3864 Dei
426 3800 588 3881 placidam
608 3807 642 3864 et
663 3821 812 3865 serenam
834 3800 990 3881 nobisque
1006 3800 1180 3882 propitiam
1231 3799 1282 3862 ira
1307 3799 1488 3880 proveniat
1538 3798 1604 3864 Ubi
1631 3798 1694 3864 hac
1722 3799 1917 3882 cogitatione
1943 3799 2073 3877 feritur,
2099 3799 2211 3864 Deum

204 3886 418 3967 contemplari
446 3887 627 3968 incipimus.
678 3885 800 3952 Procul
826 3885 861 3949 id
887 3885 1018 3967 quidem
1045 3893 1078 3949 et
1099 3887 1179 3951 emi·
1231 3905 1303 3949 esse
1329 3884 1539 3966 iniquitatum
1567 3884 1743 3963 vindicem,
1771 3885 1906 3967 opponit
1931 3886 2064 3950 veniam
2086 3883 2211 3953 delictis

203 3993 281 4050 nus;
310 3971 367 4035 scd
396 3972 442 4035 ita
469 3978 557 4036 certo
582 3973 717 4050 intrito,
742 3980 779 4036 nt
800 3973 941 4036 sciamus
963 3993 1023 4037 nos
1044 3973 1180 4036 minime
1231 3971 1382 4035 omnibus
1412 3981 1578 4053 paratam,
1613 3972 1738 4052 quoties
1771 3970 1813 4034 ad
1840 3971 1975 4035 Domini
2003 3971 2210 4037 clementiam

204 4057 409 4123 hallucinari.
460 4055 630 4136 Quantum
663 4057 780 4122 deinde
813 4058 1002 4139 proficimus
1035 4057 1087 4142 (ut
1120 4080 1179 4122 nos
1232 4069 1382 4138 peccator
1403 4078 1438 4121 se
1460 4058 1593 4121 confert.
1637 4056 1691 4121 Ita
1717 4056 1772 4139 pia
1792 4078 1901 4135 mens,
1930 4063 2095 4139 utcunque
2116 4058 2208 4123 miris
2306 4055 2309 4062 ’

204 4142 334 4208 assidue
365 4140 522 4224 proficere
554 4141 660 4226 decet)
692 4145 784 4226 quasi
818 4165 993 4227 progressu
1024 4144 1109 4208 facto
1142 4145 1179 4206 in
1212 4142 1336 4206 ,modis
1358 4144 1543 4226 exagitetur
1564 4164 1602 4207 ac
1629 4141 1814 4221 divexetur,
1843 4163 1943 4226 supra
1963 4164 2076 4208 omncs
2100 4157 2208 4209 tamen

202 4229 388 4312 propioreni
410 4229 480 4292 eius
502 4236 725 4309 conspectum,
750 4250 851 4310 eoque
873 4231 1058 4306 certiorem,
1087 4232 1180 4294 veni·
1232 4228 1440 4294 difficultates
1461 4228 1595 4293 tandem
1616 4229 1769 4312 emergit,
1791 4251 1852 4295 ncc
1873 4230 1935 4295 sibi
1957 4228 2089 4295 divinae
2110 4230 2208 4294 mise

202 4336 291 4394 mus;
319 4321 352 4380 et
378 4315 450 4396 ipsa
478 4314 577 4377 etiam
603 4315 844 4379 continuatione
870 4315 1061 4380 familiarior
1085 4316 1179 4379 nobis
1232 4314 1390 4380 rioordiee
1421 4313 1577 4379 fiduciam
1610 4315 1719 4382 excuti
1751 4336 1896 4397 imquam
1928 4316 2061 4398 patitur.
2117 4313 2209 4396 Qum

203 4401 359 4466 redditur.
405 4400 459 4464 Ita
480 4407 638 4477 mentem,
661 4401 726 4464 Dei
747 4401 937 4484 cognitione
950 4401 1177 4474 illuminatam,
1231 4402 1338 4483 potius
1370 4421 1581 4483 quaecunque
1606 4400 1854 4484 disceptationes
1887 4422 1960 4466 eam
1992 4409 2147 4466 exercent
2177 4408 2209 4465 et

203 4487 296 4551 initio
322 4487 428 4551 multa
454 4485 640 4570 ignorantia
666 4485 815 4551 videmus
853 4487 1035 4551 involutam
1064 4489 1177 4565 teneri,
1230 4487 1380 4570 fatigant,
1403 4488 1439 4550 in
1455 4487 1549 4551 istius
1566 4486 1705 4553 fiduciae
1721 4487 1950 4553 certitudinem
1968 4495 2102 4551 exeunt.
2135 4487 2208 4551 Hu-

204 4592 287 4657 quae
315 4572 475 4654 paulatim
509 4570 716 4654 abstergitur.
767 4572 843 4637 Non
875 4580 987 4636 tamen
1019 4571 1179 4654 quaedam
1230 4574 1282 4638 ius
1303 4575 1351 4639 rei
1372 4569 1565 4656 argumento
1582 4583 1640 4652 est,
1664 4571 1750 4656 quod
1767 4572 1881 4651 sancti,
1905 4571 1984 4637 dum
2001 4572 2126 4637 ultione
2143 4572 2207 4636 Dei
2236 4596 2237 4601 ¹

203 4657 399 4741 ignorando,
428 4664 487 4722 aut
507 4657 677 4722 obscurius
703 4656 738 4721 id
764 4657 849 4741 quod
876 4659 981 4724 cernit
1007 4658 1177 4737 cernendo,
1203 4694 1206 4713 ·
1231 4661 1374 4724 maxime
1406 4659 1517 4742 urgeri
1549 4660 1611 4725 sibi
1638 4658 1807 4735 videntur,
1841 4656 1930 4740 apud
1960 4657 2070 4738 ipsum
2097 4667 2207 4721 tamen

202 4742 393 4824 impeditur,
422 4744 501 4826 quin
529 4741 660 4808 divinae
681 4765 761 4828 erga
786 4766 821 4809 se
848 4744 1026 4809 voluntatis
1054 4747 1179 4827 perspi·
1231 4747 1450 4827 querimonias
1478 4767 1554 4811 suas
1575 4744 1758 4827 deponunt,
1785 4751 1819 4809 et
1846 4743 1924 4809 dum
1950 4743 2086 4807 minime
2106 4762 2207 4805 exau-

202 4848 265 4894 cua
287 4830 402 4894 notitia
423 4830 567 4908 fruatur3
592 4828 678 4912 quod
703 4831 739 4896 in
761 4830 825 4896 fide
847 4832 970 4912 primas
992 4852 1029 4896 ac
1051 4832 1179 4914 potissi·
1232 4831 1337 4897 ditum
1358 4833 1399 4897 iri
1416 4837 1560 4915 apparet,
1584 4852 1660 4896 eum
1676 4829 1891 4895 nihilominus
1906 4829 2070 4893 invocant.
2099 4825 2206 4907 Quor-

202 4935 275 4979 mas
308 4922 419 4998 partes
451 4923 549 4981 tenet.
606 4913 891 4997 Quemadmodum
924 4918 1013 4981 enim
1045 4919 1072 4983 si
1106 4919 1179 5001 quis
1230 4940 1304 4983 sum
1326 4919 1414 4982 enim
1435 4919 1589 4982 attineret
1610 4915 1698 4999 apud
1718 4936 1796 4982 eum
1815 4913 2000 4996 deplorare,
2029 4934 2050 4977 a
2070 4934 2133 4994 quo
2156 4935 2206 4978 so·

204 5021 335 5065 carcere
356 5002 502 5067 inclusus
524 5023 566 5067 cx
588 5004 776 5087 angustiore
798 5003 942 5068 fenestra
959 5003 1088 5085 oblique
1104 5012 1179 5068 tan·
1230 5005 1346 5068 latium
1372 5003 1499 5070 nullum
1524 4999 1714 5085 sperarent?
1745 5022 1822 5067 eum
1842 5021 1921 5065 vero
1947 4998 2101 5065 invocare
2122 5021 2207 5064 nun-

203 5092 275 5149 tum
297 5093 330 5150 et
350 5087 443 5168 quasi
465 5087 659 5154 dimidiatim
685 5091 861 5155 emicantes
883 5090 1004 5155 habeat
1028 5088 1105 5154 solis
1126 5112 1179 5154 ra-
1231 5111 1330 5171 quam
1357 5088 1549 5153 inducerent
1575 5087 1611 5150 in
1633 5087 1795 5166 animum,
1824 5087 1887 5151 nisi
1910 5083 2032 5167 aliquid
2054 5085 2116 5150 sibi
2138 5087 2208 5168 opis

204 5167 288 5248 dios,
322 5171 423 5236 libero
451 5173 581 5256 quidem
607 5176 756 5256 privatur
783 5175 859 5240 solis
888 5181 1035 5256 aspectu,
1072 5175 1179 5258 splen·
1231 5175 1271 5239 ab
1295 5197 1333 5240 eo
1359 5182 1511 5257 paratum
1532 5172 1711 5238 crederent
1757 5171 1814 5238 Sic
1843 5170 2006 5253 discipuli,
2035 5171 2209 5254 inquibus

204 5253 316 5319 dorem
338 5263 449 5323 tamen
478 5280 544 5323 non
572 5260 757 5344 ambignum
782 5260 884 5326 oeulis
912 5261 1025 5324 haurit
1046 5262 1180 5344 eiusque
1231 5260 1307 5324 fidei
1334 5259 1546 5342 pusillitatem
1574 5256 1726 5325 Christis
1751 5256 1977 5341 reprehendit,
2011 5279 2046 5324 se
2077 5257 2208 5341 quidem

1679 5491 1680 5495 Ὗ
1725 5528 1782 5645 a
