4770 6030
187 433 249 494 213
840 426 940 500 OAP.
963 427 1023 492 VI.
1069 428 1132 493 DE
1155 430 1347 536 LIBER'D
1361 426 1544 505 CHRIST.
2131 436 2195 499 214

174 648 182 667 =
271 618 440 702 Quidquid
468 619 569 702 igitur
596 617 818 683 humanarum
845 618 1072 682 inventionum
1100 617 1163 684 hae
1188 619 1250 683 'in
1277 617 1379 684 alium
1404 639 1553 698 sensum,
1586 640 1685 702 qaam
1712 641 1775 702 quo
1802 618 2011 700 810888888,
2039 641 2196 704 perverse

184 709 220 772 in
241 711 335 789 88888
355 705 510 771 800188188
530 704 703 769 autoritate
725 701 919 781 8818881888,
941 723 1017 768 oum
1038 701 1163 767 88181-
1214 710 1394 788 torqueant.
1765 780 1767 784 y

184 792 315 876 pietatis
336 791 475 858 erimine
497 790 647 856 exeusari
668 797 822 871 nequeat,
849 788 931 854 falso
953 787 1107 854 eoelesiae
1127 787 1164 853 id
1302 787 1503 874 Simpliciter
1535 792 1613 874 ergo
1644 790 1787 855 latemur
1812 789 1848 855 id
1874 790 1961 874 quod
1994 813 2047 858 res
2075 792 2193 860 habet:

184 879 355 963 imputari,
390 898 527 960 arguere
558 883 761 963 promptum·
774 882 832 941 est
883 874 957 940 Hae
978 875 1163 939 rationein
1213 876 1395 942 Dominum
1421 883 1578 959 perpetuo
1604 875 1672 942 8818
1700 875 1814 942 adesse
1842 884 1956 943 88808
1984 877 2099 960 spiritu
2132 900 2194 946 sno

185 966 283 1031 istam
301 964 522 1029 humanarum
539 960 753 1026 traditionum
769 959 987 1045 tyrannidem,
1006 981 1089 1043 quae
1100 961 1161 1026 snb
1215 983 1345 1045 regere3
1367 962 1456 1028 huno
1478 962 1630 1046 spiritum
1651 983 1716 1026 non
1737 983 1809 1028 esse
1826 963 1955 1042 erroris,
1976 964 2192 1048 ignorantiae,

185 1051 340 1117 eoelesiae
372 1048 466 1113 818810
499 1046 706 1132 superciliose
733 1046 827 1113 nobis
854 1047 1031 1129 ingeritur,
1061 1045 1162 1112 libere
1214 1046 1384 1126 mendaoii,
1407 1053 1465 1112 ant
1484 1048 1709 1114 tenebrarum:
1734 1045 1775 1148 [p.
1793 1046 1870 1135 489]
1894 1047 1952 1115 sed
1974 1049 2192 1130 revelationis,

184 1135 382 1201 invehimur.
434 1134 511 1199 Non
538 1134 641 1212 enim,
674 1131 761 1214 quod
787 1132 890 1198 808881
919 1131 1099 1197 8888888811
1120 1132 1163 1198 ad
1215 1134 1379 1212 veritatis,
1407 1134 1585 1216 sapientiae
1618 1156 1655 1201 80
1682 1134 1777 1214 luors,
1806 1156 1910 1219 aquo
1938 1156 2006 1201 non
2032 1134 2194 1202 fallaoiter

170 1221 368 1288 vfaciendam
389 1220 482 1286 nobis
503 1218 662 1284 invidiam
682 1218 793 1301 inique
813 1218 1032 1296 mentiuntur,
1060 1217 1164 1284 80018·
1215 1218 1351 1298 8180888,
1374 1240 1457 1302 qnae
1478 1219 1541 1284 sibi
1563 1241 1583 1284 a
1603 1221 1675 1286 Deo
1698 1219 1818 1286 808888
1840 1221 1920 1286 sint:
1943 1221 2005 1289 800
2027 1227 2085 1300 888,
2108 1243 2193 1304 quae

185 1310 269 1374 siam
289 1306 429 1372 ludibrio
448 1306 621 1383 habemus3
639 1303 696 1369 sed
713 1304 915 1369 obedientiae
935 1302 1164 1387 laudemque
1215 1305 1258 1371 sit
1288 1326 1362 1389 spes
1394 1306 1573 1371 8008810818
1605 1327 1683 1372 snae
1722 1314 1755 1372 et
1786 1328 1869 1390 quae
1901 1306 2034 1373 divitiae
2068 1307 2193 1391 gloriae

185 1395 343 1460 maiorem
376 1392 502 1457 nuliam
534 1391 695 1475 agnoseit,
730 1386 867 1476 [8437]
897 1388 946 1454 illi
977 1389 1160 1454 tribuimus.
1215 1389 1426 1456 haereditatis
1451 1389 1515 1457 Dei
1544 1399 1578 1457 et
1607 1413 1690 1475 quae
1723 1394 1968 1476 supereminens
2103 1390 2194 1458 'tudo

185 1480 256 1563 Ipsi
272 1481 378 1562 potius
398 1478 610 1544 vehementer
627 1483 706 1541 sunt
721 1474 875 1542 eeclesiae
891 1475 1012 1554 iniurii,
1030 1475 1087 1558 qui
1104 1474 1162 1539 ad·
1214 1477 1346 1542 virtutis
1368 1477 1438 1542 8188
1459 1477 1495 1541 18
1517 1497 1629 1544 omnes
1647 1476 1816 1545 eredentes
1834 1479 1867 1563 (l
1888 1479 1962 1546 Gor.
1983 1413 2122 1563 inffpiii.
2146 1477 2190 1565 18

185 1588 300 1632 versus
327 1565 509 1630 Dominum
536 1583 632 1627 snum
660 1569 884 1627 eontumaoem
909 1561 1009 1629 iilam.
1026 1561 1161 1640 faoiunt,
1186 1590 1189 1599 ·
1213 1562 1404 1641 Praeterea,
1431 1563 1613 1628 Dominum
1640 1585 1713 1628 eam
1739 1564 1775 1627 in
1803 1564 1939 1631 eoelesia
1964 1587 2024 1631 sua
2044 1565 2192 1648 posuisse

187 1653 267 1718 dum
286 1651 374 1716 ultra
395 1669 602 1733 progressam
622 1649 767 1732 fingunt,
794 1667 893 1730 quam
919 1668 979 1729 per
999 1647 1065 1712 Dei
1086 1667 1162 1712 888-
1214 1647 1395 1731 gratiarnm
1416 1647 1623 1728 divisionem,
1645 1656 1684 1714 ut
1703 1671 1833 1734 semper
1853 1657 1977 1730 essent,
2001 1651 2057 1734 qui
2078 1650 2192 1734 8818-

188 1739 267 1804 bum
288 1738 424 1803 liouerit
474 1729 521 1801 Ut
540 1741 682 1812 taoearn,
707 1734 872 1817 insignem
899 1754 970 1799 8888
990 1730 1162 1815 impuden·
1214 1733 1282 1799 sins
1314 1732 1572 1801 aedifioationem
1609 1736 1830 1820 singularibus
1865 1736 1958 1803 donis
1991 1736 2193 1802 exoellerent

186 1826 276 1902 tiam,
295 1844 371 1889 oum
387 1822 459 1905 pari
475 1820 601 1885 malitia
617 1819 833 1897 eoninnotam,
856 1818 985 1885 8881888
1002 1818 1043 1884 88
1060 1816 1163 1885 80018-
1214 1817 1315 1903 (pr.
1336 1818 1381 1905 t).
1425 1819 1528 1887 Dedit
1554 1822 1642 1887 enim
1664 1822 1839 1906 apostolos,
1867 1822 2057 1907 prophetas,
2081 1822 2192 1888 doato·

186 1911 254 1975 siae
274 1915 434 1993 potestate
455 1906 639 1984 8001188881,
668 1905 800 1970 interim
821 1911 855 1969 et
881 1903 959 1987 qnid
981 1904 1031 1969 illi
1052 1926 1073 1970 a
1092 1904 1162 1970 Do-
1214 1926 1276 1984 888,
1296 1911 1452 1988 pastores,
1475 1907 1530 1989 qui
1551 1927 1664 1973 omnes
1686 1908 1825 1975 81888818
1842 1909 1974 1991 quidem
1990 1908 2191 1987 ministeriis,

186 1997 276 2061 mino
295 1993 489 2059 mandatum
510 1993 554 2057 sit
575 1998 609 2056 88
635 2011 735 2073 qnam
754 1992 890 2055 Domini
910 1989 1066 2056 mandato
1086 1989 1163 2055 obe-
1215 1990 1272 2056 sed
1299 2014 1365 2056 uno
1392 1992 1501 2057 animo
1526 1993 1563 2072 in
1589 2013 1796 2060 communem
1817 1995 1972 2061 ecelesiae
1994 1993 2193 2061 aedificatio·

185 2081 344 2147 dientiam
373 2079 502 2156 debeat,
529 2076 742 2143 dissimulare.
793 2077 841 2141 lt
862 2077 890 2143 si
911 2077 1020 2155 nobis,
1043 2084 1081 2140 ut
1102 2097 1164 2159 par
1214 2098 1292 2142 nem
1313 2077 1548 2156 inoumberent,
1571 2077 1674 2146 donee
1696 2102 1904 2146 oeeurramus
1925 2102 2038 2146 omnes
2059 2081 2096 2144 in
2118 2079 2192 2144 uni·

185 2175 245 2246 est,
269 2167 399 2232 animus
419 2165 527 2242 fuerit
550 2183 625 2229 enm
646 2161 783 2228 00018818
798 2162 991 2242 0088881180,
1013 2162 1076 2229 800
1092 2183 1163 2227 ma-
1216 2169 1317 2228 tatem
1351 2161 1429 2228 fidei
1461 2173 1494 2229 88
1519 2165 1694 2248 agnitionis
1721 2167 1781 2231 filii
1808 2167 1887 2245 Dei,
1917 2167 1954 2231 in
1981 2166 2090 2230 818888
2117 2185 2194 2249 888·

185 2254 238 2336 gis
264 2252 307 2318 ad
335 2273 407 2316 rem
433 2251 591 2333 pertinet,
619 2256 765 2330 speetare
793 2269 831 2314 80
852 2249 1054 2328 meminisse,
1084 2247 1163 2331 quid
1215 2249 1403 2327 loommin
1424 2270 1613 2314 mensnram
1635 2253 1751 2317 aetatis
1771 2253 1983 2336 plenitudinis
2005 2251 2140 2317 Christi.

184 2340 339 2405 8081880
362 2336 516 2403 eoelesiae
535 2335 708 2400 universae
730 2354 751 2399 8
770 2331 913 2399 Domino
934 2335 1162 2417 praeeipiatur,
1300 2335 1428 2400 Verum
1459 2356 1536 2401 oum
1573 2337 1733 2418 primitiae
1767 2345 1800 2402 et
1829 2337 1992 2421 quendam
2030 2337 2196 2403 duntaxat

185 2432 224 2489 nt
244 2424 292 2489 illi
314 2444 380 2488 uno
402 2444 562 2488 00888888
580 2418 777 2485 obediamus.
822 2419 898 2484 Non
918 2421 1007 2485 enim
1028 2419 1164 2486 dubium
1215 2426 1349 2504 galatum
1370 2421 1440 2486 eins
1462 2420 1595 2504 spiritus
1616 2423 1799 2504 8880181888
1820 2422 2193 2502 inhaoearnefidelee,

185 2518 245 2589 est,
267 2511 347 2592 quin
368 2531 444 2575 oum
471 2506 607 2573 80018818
628 2506 748 2588 optime
770 2507 960 2572 eonsensuri
990 2507 1107 2585 simus,
1135 2506 1163 2571 si
1215 2506 1316 2571 etiam
1335 2507 1391 2589 qui
1411 2506 1694 2573 exoellentioribue
1715 2508 1780 2574 illis
1803 2511 1917 2592 gratiis
1938 2530 2017 2592 prae
2040 2509 2112 2575 81118
2135 2506 2187 2574 80

186 2619 245 2661 808
267 2597 411 2660 Domino
432 2616 492 2678 per
513 2593 624 2657 omnia
645 2591 830 2657 obedientes
852 2599 1063 2674 praestemus.
1215 2593 1286 2657 nati
1313 2599 1404 2670 sunt,
1432 2592 1517 2658 nihii
1542 2592 1607 2659 illie
1629 2594 1736 2677 potius
1756 2602 1873 2674 restat,
1901 2616 2001 2678 quam
2021 2593 2193 2660 1888801111-

272 2683 399 2768 Verum
421 2680 520 2745 habet
536 2677 673 2744 80018818
690 2677 908 2760 amplissimas
922 2678 1162 2761 promissiones,
1215 2677 1293 2744 88818
1315 2699 1394 2743 suae
1416 2680 1575 2758 00888108,
1599 2700 1670 2745 sese
1689 2681 1779 2747 intra
1798 2682 1881 2746 fines
1903 2680 1996 2747 88881
2015 2681 2079 2747 1181
2101 2679 2192 2746 80111·

183 2769 272 2851 quod
292 2787 461 2850 nunquam
481 2787 503 2830 8
524 2785 642 2846 sponso
663 2784 722 2830 suo
744 2761 878 2829 (1881880
904 2763 948 2828 818
974 2762 1162 2843 deserenda,
1215 2764 1279 2830 oite
1305 2763 1487 2844 eontinere,
1514 2767 1609 2832 nesi
1637 2787 1735 2832 88888
1762 2788 1821 2832 880
1849 2766 1979 2850 longius
2001 2771 2193 2850 evagentur,

183 2856 266 2938 quin
286 2854 356 2919 eius
373 2853 490 2935 spiritu
506 2850 645 2916 dueatur
661 2850 697 2914 in
713 2870 845 2914 omnem
856 2849 1036 2914 veritatem.
1064 2849 1163 2914 Prin·
1216 2871 1236 2914 a
1267 2855 1358 2915 reeta
1389 2850 1444 2916 818
1475 2852 1624 2934 88081888
1658 2852 1818 2918 aberrent
1869 2853 1916 2918 Dt
1946 2873 2026 2918 sane
2057 2853 2194 2919 minime

183 2934 1164 3104 titttfflqttttdttttbffl¹ttttt
1214 2936 1408 3105 {iffi
1407 2936 1596 3090 1118θὲ11
1610 2936 1883 3091 8881181(
1892 2939 2195 3109 “abbatili

848 3068 858 3099 1
1594 3075 1604 3103 5
2081 3076 2089 3104 l

183 3113 268 3178 lium
293 3132 357 3196 pop
392 3131 420 3175 0.
470 3109 558 3174 Nam
584 3109 716 3174 tametsi
743 3106 913 3174 dnodeeim
934 3107 1088 3191 apostolis
1114 3107 1162 3172 lo·
1214 3113 1311 3173 88888
1332 3108 1455 3176 80111088
1475 3109 1592 3192 spiritu
1613 3109 1671 3175 illo
1691 3109 1799 3178 adhue
1820 3111 1916 3178 88081
1933 3119 2018 3192 sunt,
2041 3132 2105 3196 quo
2122 3112 2193 3179 8010

182 3199 354 3283 quebatur,
377 3218 452 3263 oum
473 3194 601 3261 8108888
615 3195 794 3259 Dominus:
818 3214 892 3260 8008
913 3214 931 3258 8
995 3194 1163 3260 vobiseum
1216 3192 1351 3260 doeente
1368 3195 1526 3279 mysteria
1541 3195 1607 3261 Dei
1623 3197 1872 3280 perspioiuntur.
1904 3197 1993 3264 Nam
2004 3196 2092 3282 quod
2100 3197 2193 3267 Pau·

184 3303 385 3366 sumusque
403 3281 445 3347 ad
463 3280 776 3347 consummationem
794 3279 915 3346 8880811
1000 3279 1061 3344 8818
1073 3279 1163 3364 818);
1215 3279 1267 3345 lus
1295 3279 1407 3346 scribit
1435 3280 1607 3365 (118184),
1643 3278 1684 3367 [p.
1703 3280 1780 3369 140]
1815 3281 1987 3350 christum
2014 3284 2193 3352 mundasse

183 3367 484 3455 itemssoan.14):
514 3387 574 3450 ego
600 3366 721 3449 rogabo
748 3373 877 3448 patrem
903 3375 936 3431 et
965 3363 1066 3430 alium
1086 3387 1163 3431 008-
1216 3365 1386 3431 8801881888
1406 3365 1537 3432 lavaero
1561 3387 1674 3450 aquae,
1696 3369 1732 3433 18
1753 3369 1853 3435 88880
1873 3372 1975 3449 81888,
1999 3377 2038 3435 88
2058 3370 2195 3436 exhibe·

183 3456 361 3524 solutorem
383 3454 473 3519 dabit
493 3452 594 3530 vobis,
616 3460 655 3516 nt
670 3459 804 3517 maneat
821 3452 989 3518 80818088]
1005 3452 1041 3517 18
1058 3459 1163 3517 aeter-
1216 3457 1267 3516 ret
1288 3451 1349 3516 sibi
1371 3451 1546 3535 gloriosam
1567 3475 1730 3537 sponsam,
1752 3476 1819 3521 non
1836 3456 2014 3522 habentem
2029 3455 2194 3521 manniam

183 3564 282 3620 num,
310 3541 462 3623 spiritum
489 3539 652 3616 veritatis,
680 3558 778 3620 quem
805 3537 948 3603 mundns
969 3558 1035 3602 non
1056 3543 1164 3620 potest
1216 3543 1274 3602 aut
1294 3558 1421 3620 rugam,
1444 3544 1503 3603 ant
1523 3538 1646 3621 aliquid
1667 3540 1863 3618 huiusmodi,
1886 3541 1944 3606 sed
1964 3548 2002 3606 88
2018 3542 2062 3606 818
2078 3546 2195 3607 saneta

185 3630 343 3711 aenipere,
368 3624 409 3713 [p.
423 3622 500 3712 438]
519 3624 596 3707 quia
617 3645 683 3689 non
700 3623 792 3689 81888
807 3646 892 3702 eum,
914 3645 974 3689 880
992 3624 1053 3690 8018
1070 3645 1162 3703 eum;
1216 3629 1249 3687 88
1273 3622 1500 3704 immaculata,
1525 3627 1632 3710 magis
1664 3625 1758 3693 80008
1784 3627 1862 3710 quid
1889 3625 2031 3710 quotidie
2060 3627 2095 3690 in
2121 3626 2192 3693 suis

184 3736 245 3780 808
274 3720 383 3778 antem
413 3710 606 3794 eognosoitis
633 3732 725 3790 eum,
754 3710 831 3792 quia
857 3709 1024 3792 8888808
1050 3716 1164 3776 manet
1215 3716 1368 3791 operetur
1389 3707 1550 3789 08818888,
1573 3733 1672 3794 quam
1692 3711 1772 3796 quid
1792 3713 1859 3778 iam
1879 3713 2059 3796 8881808818
2103 3711 2194 3781 Nem

183 3809 219 3866 et
239 3801 275 3865 18
295 3799 388 3865 80818
412 3797 489 3862 erit:
517 3817 585 3860 non
605 3803 717 3861 tamen
744 3816 883 3874 numero
909 3794 1108 3860 duodenario
1128 3795 1163 3860 id
1215 3795 1376 3860 8180818
1397 3794 1467 3862 8188
1488 3797 1679 3877 8880818088,
1707 3806 1877 3882 expurgat,
1901 3798 2032 3882 expolit,
2054 3797 2194 3865 mantilis

205 3886 408 3961 remittebat,
432 3881 489 3948 sed
510 3881 575 3947 11118
595 3881 733 3966 singulis
753 3890 787 3946 et
807 3881 879 3947 aliis
900 3882 1000 3946 etiam
1021 3880 1162 3964 diseipu·
1216 3879 1387 3964 abstergit,
1420 3888 1508 3947 08888
1535 3881 1642 3949 adhue
1669 3885 1783 3950 naevis
1811 3906 1849 3951 80
1876 3884 1968 3968 mgis
1997 3883 2193 3967 quibusdam

182 3909 236 4049 iis
258 3971 311 4036 881
333 3991 414 4053 qnos
435 3971 501 4033 iem
523 3976 759 4051 assumpserat,
782 3968 836 4033 vel
857 3988 938 4051 qnos
957 3975 1072 4049 postea
1092 3973 1164 4031 erat
1215 3986 1253 4031 88
1293 3986 1364 4031 8808
1391 3987 1476 4044 esse,
1506 3988 1682 4052 eorumque
1704 3971 1954 4044 sanafifioationi
1975 3969 2088 4037 deesse
2107 3978 2192 4036 808·

184 4064 413 4140 assumpturus
434 4055 470 4118 in
493 4075 589 4119 suum
609 4076 758 4138 regnum.
802 4052 889 4119 (inm
911 4060 1021 4118 autem
1048 4052 1163 4117 buius·
1215 4051 1250 4115 ni
1277 4051 1283 4064 ‘
1319 4058 1455 4118 onustat
1503 4053 1687 4121 Euolesiam
1707 4074 1786 4121 8880
1809 4063 1972 4135 sannam,
2000 4055 2193 4122 immaoula·

184 4142 275 4208 modi
296 4141 525 4225 promissiones
553 4140 692 4204 eximiae
720 4138 948 4205 oonsolationis
975 4137 1090 4222 plenas
1117 4139 1164 4205 sio
1214 4142 1284 4202 8888
1305 4138 1535 4218 inmersere,
1558 4140 1650 4206 08188
1672 4141 1820 4208 membra
1840 4142 1951 4209 omnia
1971 4141 2138 4208 maoulosa
2158 4148 2214 4206 et·

184 4231 459 4312 interpretantur,
499 4227 592 4309 quasi
636 4226 759 4290 nemini
790 4224 1055 4291 Christianorum
1086 4223 1165 4290 8888
1214 4223 1368 4288 80881811
1384 4225 1606 4307 impurasint,
1627 4247 1728 4309 quam
1746 4227 1846 4294 inane
1862 4248 1901 4295 80
1917 4227 2102 4294 fabulosum
2119 4224 2191 4291 8881

186 4316 262 4394 8188,
283 4313 344 4379 sed
364 4313 538 4378 universae
560 4310 657 4377 simul
679 4310 841 4389 ecelesiae,
864 4310 942 4394 quid
959 4309 1049 4375 aliud
1064 4331 1163 4393 quam
1215 4309 1342 4374 Verum
1364 4318 1415 4376 eet
1440 4311 1550 4394 itaque
1577 4311 1664 4396 quod
1685 4312 1839 4380 Christus
1864 4313 2035 4380 8001881888
2061 4313 2193 4378 lavaero

185 4400 385 4467 Christianis
402 4397 552 4463 omnibns
568 4397 821 4463 eonsolationem
838 4397 966 4475 tollunt,
987 4414 1070 4479 quae
1087 4394 1164 4460 inde
1216 4415 1319 4477 aquae
1345 4395 1556 4463 mundaverit
1581 4397 1618 4463 in
1644 4398 1744 4464 verbo
1770 4400 1872 4480 vitae;
1906 4399 1968 4466 boe
1989 4407 2054 4476 est,
2076 4397 2193 4463 888818
2259 4414 2262 4425 ‘

187 4486 344 4570 8818808
372 4484 480 4549 redire
513 4483 689 4549 debuerat?
733 4483 848 4566 Neque
875 4483 930 4549 hio
956 4503 1056 4565 nego,
1082 4482 1163 4565 quin
1215 4481 1305 4545 81088
1331 4489 1539 4564 pennatorum
1565 4483 1719 4564 abluerit,
1745 4486 1838 4551 08188
1865 4485 2039 4551 8818810818
2059 4482 2193 4567 symbe-

186 4573 358 4650 Dominus‚
390 4571 481 4635 dives
507 4570 544 4635 in
565 4591 678 4635 omnes
705 4568 936 4635 mmerioordia
950 4575 983 4633 et
1008 4568 1161 4645 bonitate,
1214 4565 1285 4631 lnm
1311 4577 1362 4632 est
1387 4567 1568 4650 baptismus
1575 4592 1583 4649 ;
1618 4576 1715 4655 atque
1736 4571 1771 4637 id
1797 4571 1945 4655 quidem,
1973 4576 2010 4635 ut
2031 4589 2104 4634 eam
2126 4568 2190 4635 sibi

186 4659 223 4723 in
244 4656 402 4740 quosdam
429 4663 540 4720 tamen
567 4654 779 4739 singulariter
804 4654 929 4740 largius
956 4652 1162 4720 88081008-
1214 4652 1441 4720 molitioni-et
1496 4654 1544 4720 At
1574 4655 1645 4723 eius
1677 4657 1943 4724 sanotifientionis
1974 4654 2105 4719 initium
2136 4653 2193 4720 bio

184 4743 306 4828 plotius
326 4741 474 4808 effundet
495 4742 548 4827 (88
567 4763 699 4807 neeesse
720 4747 772 4805 est
791 4762 861 4820 eos,
883 4742 938 4823 qni
960 4739 1032 4806 aliis
1054 4739 1164 4805 80810-
1216 4735 1378 4805 duntaxat
1399 4739 1534 4820 8181888,
1561 4742 1638 4808 11818
1658 4764 1738 4809 8880
1757 4750 1791 4808 88
1811 4741 1951 4808 solidum
1971 4739 2192 4823 complemen-

186 4851 241 4896 res
273 4829 441 4895 eonstituti
467 4838 558 4906 sunt,
591 4827 768 4892 maioribus
795 4825 917 4910 pollere
945 4824 1052 4910 donis)
1085 4846 1161 4902 808,
1215 4829 1287 4889 tum
1314 4825 1452 4905 extabit,
1479 4847 1556 4893 eum
1583 4834 1715 4894 sanetus
1742 4833 1929 4894 sanatorum
1949 4825 2103 4893 Christus
2130 4847 2193 4892 sua

186 4917 267 5000 quin
294 4916 365 4999 ipsa
393 4935 453 4979 888
479 4913 577 4992 (1088,
606 4919 644 4977 88
670 4913 764 4978 88818
790 4919 868 4978 sunt
894 4919 929 4978 et
958 4910 1162 4994 multiplieia,
1215 4910 1389 4976 8880818888
1409 4932 1487 4977 vere
1508 4918 1542 4978 et
1563 4912 1664 4979 solide
1685 4914 1791 4997 ipsam
1811 4911 1966 4996 implebit

186 5003 278 5068 varie
300 5001 474 5067 distribuat
494 4999 527 5085 (l
549 4998 622 5065 Oor.
645 4998 714 5084 12);
735 5019 802 5064 non
824 4997 971 5081 denique,
993 4997 1073 5080 quin
1091 4997 1163 5078 1888
1301 4993 1525 5076 Quamobrem
1551 5003 1645 5066 tanta
1670 5002 1809 5065 istarum
1840 4997 2094 5082 promissionum
2120 5019 2192 5067 am-

186 5089 316 5171 piornm
343 5086 494 5165 80018888,
527 5084 586 5150 8811
618 5084 778 5151 donorum
802 5084 960 5150 varietate
992 5084 1161 5161 188888088,
1213 5079 1376 5162 plitndine
1397 5084 1520 5149 eonfisa
1540 5084 1688 5150 fidelium
1706 5083 1841 5151 eoelesia
1862 5083 1962 5149 habet
1982 5081 2069 5149 8888
2089 5082 2191 5151 118888

186 5173 283 5256 longe
311 5172 454 5271 uberiori
478 5178 513 5272 et
539 5169 689 5253 ampliori
716 5169 868 5271 00818888
890 5169 1068 5270 sapientiae
1089 5167 1162 5267 888-
1213 5187 1310 5266 suam
1333 5167 1501 5268 888801888
1534 5171 1709 5250 888818888,
1743 5168 1873 5254 quando
1898 5168 1984 5235 nibil
2010 5167 2191 5269 addubitat,

186 5252 1164 5421 gfflffiffinwfflfflffl
1213 5258 1816 5410 fflssmffiffiffi
1830 5255 2193 5497 ttjtmttt
