<?xml version="1.0" encoding="UTF-8"?>
<!DOCTYPE html PUBLIC "-//W3C//DTD XHTML 1.0 Transitional//EN"
    "http://www.w3.org/TR/xhtml1/DTD/xhtml1-transitional.dtd">
<html xmlns="http://www.w3.org/1999/xhtml" xml:lang="en" lang="en">
 <head>
  <title>
</title>
<meta http-equiv="Content-Type" content="text/html;charset=utf-8" />
  <meta name='ocr-system' content='tesseract 3.04.00' />
  <meta name='ocr-capabilities' content='ocr_page ocr_carea ocr_par ocr_line ocrx_word'/>
</head>
<body>
  <div class='ocr_page' id='page_1' title='image "./ioanniscalvinio05calvgoog_0106.png"; bbox 0 0 4770 6030; ppageno 0'>
   <div class='ocr_carea' id='block_1_1' title="bbox 195 415 2280 512">
    <p class='ocr_par' dir='ltr' id='par_1_1' title="bbox 195 415 2280 512">
     <span class='ocr_line' id='line_1_1' title="bbox 195 415 2280 512; baseline 0.003 -7"><span class='ocrx_word' id='word_1_1' title='bbox 195 448 233 506; x_wconf 82' lang='grc' dir='ltr'><strong>ιι</strong></span> <span class='ocrx_word' id='word_1_2' title='bbox 986 443 1085 510; x_wconf 73' lang='lat' dir='ltr'><strong>cir.</strong></span> <span class='ocrx_word' id='word_1_3' title='bbox 1108 444 1153 508; x_wconf 91' lang='lat' dir='ltr'><strong>n.</strong></span> <span class='ocrx_word' id='word_1_4' title='bbox 1197 444 1262 510; x_wconf 83' lang='lat' dir='ltr'><strong>nn</strong></span> <span class='ocrx_word' id='word_1_5' title='bbox 1284 444 1406 509; x_wconf 80' lang='lat' dir='ltr'><strong>omn.</strong></span> <span class='ocrx_word' id='word_1_6' title='bbox 1479 434 1483 440; x_wconf 76' lang='grc'><strong><em>’</em></strong></span> <span class='ocrx_word' id='word_1_7' title='bbox 1808 435 1810 438; x_wconf 49' lang='lat'><em>⁴</em></span> <span class='ocrx_word' id='word_1_8' title='bbox 2157 451 2198 512; x_wconf 76' lang='lat' dir='ltr'><strong>ro</strong></span> <span class='ocrx_word' id='word_1_9' title='bbox 2265 415 2280 436; x_wconf 81' lang='grc'><strong>“</strong></span> 
     </span>
    </p>
   </div>
   <div class='ocr_carea' id='block_1_2' title="bbox 119 634 2200 2610">
    <p class='ocr_par' dir='ltr' id='par_1_2' title="bbox 192 634 2200 1491">
     <span class='ocr_line' id='line_1_2' title="bbox 194 634 2200 723; baseline 0.001 -24"><span class='ocrx_word' id='word_1_10' title='bbox 194 635 342 699; x_wconf 90' lang='lat' dir='ltr'><strong>sordibus</strong></span> <span class='ocrx_word' id='word_1_11' title='bbox 369 636 405 699; x_wconf 94' lang='lat' dir='ltr'><strong>in</strong></span> <span class='ocrx_word' id='word_1_12' title='bbox 427 636 516 700; x_wconf 84' lang='lat' dir='ltr'><strong>viam</strong></span> <span class='ocrx_word' id='word_1_13' title='bbox 544 636 687 705; x_wconf 83' lang='lat' dir='ltr'><strong>redeant.</strong></span> <span class='ocrx_word' id='word_1_14' title='bbox 738 634 1024 717; x_wconf 77' lang='lat' dir='ltr'><strong>Quemadmodum</strong></span> <span class='ocrx_word' id='word_1_15' title='bbox 1045 634 1170 699; x_wconf 90' lang='lat' dir='ltr'><strong>Paulus</strong></span> <span class='ocrx_word' id='word_1_16' title='bbox 1222 635 1282 700; x_wconf 82' lang='lat' dir='ltr'><strong>bra</strong></span> <span class='ocrx_word' id='word_1_17' title='bbox 1307 635 1449 717; x_wconf 88' lang='lat' dir='ltr'><strong>quadam</strong></span> <span class='ocrx_word' id='word_1_18' title='bbox 1477 637 1708 701; x_wconf 87' lang='lat' dir='ltr'><strong>communitate</strong></span> <span class='ocrx_word' id='word_1_19' title='bbox 1737 634 1778 721; x_wconf 84' lang='lat' dir='ltr'><strong>[p.</strong></span> <span class='ocrx_word' id='word_1_20' title='bbox 1798 634 1872 723; x_wconf 81' lang='lat'>149]</span> <span class='ocrx_word' id='word_1_21' title='bbox 1904 638 1991 701; x_wconf 87' lang='lat' dir='ltr'><strong>inter</strong></span> <span class='ocrx_word' id='word_1_22' title='bbox 2023 658 2058 701; x_wconf 90' lang='lat' dir='ltr'><strong>se</strong></span> <span class='ocrx_word' id='word_1_23' title='bbox 2090 638 2200 702; x_wconf 90' lang='lat' dir='ltr'><strong>omnia</strong></span> 
     </span>
     <span class='ocr_line' id='line_1_3' title="bbox 194 719 2199 807; baseline 0.001 -21"><span class='ocrx_word' id='word_1_24' title='bbox 194 721 306 786; x_wconf 76' lang='lat' dir='ltr'>scribit</span> <span class='ocrx_word' id='word_1_25' title='bbox 328 720 359 799; x_wconf 95' lang='lat' dir='ltr'><strong>(l</strong></span> <span class='ocrx_word' id='word_1_26' title='bbox 382 720 455 785; x_wconf 90' lang='lat' dir='ltr'><strong>Cor.</strong></span> <span class='ocrx_word' id='word_1_27' title='bbox 476 720 524 806; x_wconf 86' lang='lat'><strong>5):</strong></span> <span class='ocrx_word' id='word_1_28' title='bbox 558 744 594 787; x_wconf 92' lang='lat' dir='ltr'><strong>se</strong></span> <span class='ocrx_word' id='word_1_29' title='bbox 622 720 795 786; x_wconf 80' lang='lat' dir='ltr'>tradidisse</span> <span class='ocrx_word' id='word_1_30' title='bbox 822 719 967 786; x_wconf 82' lang='lat' dir='ltr'><strong>Satanae</strong></span> <span class='ocrx_word' id='word_1_31' title='bbox 995 720 1169 807; x_wconf 87' lang='lat' dir='ltr'><strong>hominem,</strong></span> <span class='ocrx_word' id='word_1_32' title='bbox 1222 722 1433 803; x_wconf 85' lang='lat' dir='ltr'><strong>participant,</strong></span> <span class='ocrx_word' id='word_1_33' title='bbox 1462 728 1540 786; x_wconf 88' lang='lat' dir='ltr'><strong>sunt</strong></span> <span class='ocrx_word' id='word_1_34' title='bbox 1564 721 1776 786; x_wconf 89' lang='lat' dir='ltr'><strong>nihilominus</strong></span> <span class='ocrx_word' id='word_1_35' title='bbox 1798 743 1877 786; x_wconf 90' lang='lat' dir='ltr'><strong>suae</strong></span> <span class='ocrx_word' id='word_1_36' title='bbox 1898 722 2036 806; x_wconf 80' lang='lat' dir='ltr'><strong>singulis</strong></span> <span class='ocrx_word' id='word_1_37' title='bbox 2056 723 2199 806; x_wconf 90' lang='lat' dir='ltr'><strong>peculia·</strong></span> 
     </span>
     <span class='ocr_line' id='line_1_4' title="bbox 192 805 2199 890; baseline 0.002 -20"><span class='ocrx_word' id='word_1_38' title='bbox 192 807 227 870; x_wconf 92' lang='lat' dir='ltr'><strong>in</strong></span> <span class='ocrx_word' id='word_1_39' title='bbox 248 807 418 870; x_wconf 83' lang='lat' dir='ltr'><strong>interitum</strong></span> <span class='ocrx_word' id='word_1_40' title='bbox 438 809 561 884; x_wconf 90' lang='lat' dir='ltr'><strong>carnis,</strong></span> <span class='ocrx_word' id='word_1_41' title='bbox 591 815 628 872; x_wconf 90' lang='lat' dir='ltr'><strong>ut</strong></span> <span class='ocrx_word' id='word_1_42' title='bbox 653 809 788 889; x_wconf 89' lang='lat' dir='ltr'><strong>spiritus</strong></span> <span class='ocrx_word' id='word_1_43' title='bbox 810 807 921 872; x_wconf 84' lang='lat' dir='ltr'><strong>salvus</strong></span> <span class='ocrx_word' id='word_1_44' title='bbox 946 808 1040 872; x_wconf 89' lang='lat' dir='ltr'><strong>fieret</strong></span> <span class='ocrx_word' id='word_1_45' title='bbox 1061 805 1096 869; x_wconf 91' lang='lat' dir='ltr'><strong>in</strong></span> <span class='ocrx_word' id='word_1_46' title='bbox 1118 805 1170 870; x_wconf 90' lang='lat' dir='ltr'><strong>die</strong></span> <span class='ocrx_word' id='word_1_47' title='bbox 1223 829 1275 872; x_wconf 90' lang='lat' dir='ltr'><strong>res</strong></span> <span class='ocrx_word' id='word_1_48' title='bbox 1302 806 1393 872; x_wconf 88' lang='lat' dir='ltr'><strong>dotes</strong></span> <span class='ocrx_word' id='word_1_49' title='bbox 1419 806 1634 890; x_wconf 74' lang='lat' dir='ltr'><strong>distinctaque</strong></span> <span class='ocrx_word' id='word_1_50' title='bbox 1662 808 1859 887; x_wconf 82' lang='lat' dir='ltr'><strong>ministeria3</strong></span> <span class='ocrx_word' id='word_1_51' title='bbox 1884 830 1978 884; x_wconf 91' lang='lat' dir='ltr'><strong>nam,</strong></span> <span class='ocrx_word' id='word_1_52' title='bbox 2011 817 2049 872; x_wconf 91' lang='lat' dir='ltr'><strong>ut</strong></span> <span class='ocrx_word' id='word_1_53' title='bbox 2076 809 2199 875; x_wconf 91' lang='lat' dir='ltr'><strong>dictum</strong></span> 
     </span>
     <span class='ocr_line' id='line_1_5' title="bbox 192 892 2197 976; baseline 0.002 -20"><span class='ocrx_word' id='word_1_54' title='bbox 192 892 342 970; x_wconf 88' lang='lat' dir='ltr'><strong>Domini,</strong></span> <span class='ocrx_word' id='word_1_55' title='bbox 372 892 433 957; x_wconf 91' lang='lat' dir='ltr'><strong>hoc</strong></span> <span class='ocrx_word' id='word_1_56' title='bbox 461 902 512 958; x_wconf 91' lang='lat' dir='ltr'><strong>est</strong></span> <span class='ocrx_word' id='word_1_57' title='bbox 538 892 591 976; x_wconf 85' lang='lat' dir='ltr'><strong>(ut</strong></span> <span class='ocrx_word' id='word_1_58' title='bbox 612 914 672 976; x_wconf 87' lang='lat' dir='ltr'><strong>ego</strong></span> <span class='ocrx_word' id='word_1_59' title='bbox 698 893 828 975; x_wconf 87' lang='lat' dir='ltr'><strong>quidem</strong></span> <span class='ocrx_word' id='word_1_60' title='bbox 854 894 1050 974; x_wconf 88' lang='lat' dir='ltr'><strong>interpretor</strong></span> <span class='ocrx_word' id='word_1_61' title='bbox 1094 913 1170 957; x_wconf 90' lang='lat' dir='ltr'><strong>con·</strong></span> <span class='ocrx_word' id='word_1_62' title='bbox 1222 902 1281 971; x_wconf 89' lang='lat' dir='ltr'><strong>est,</strong></span> <span class='ocrx_word' id='word_1_63' title='bbox 1303 895 1338 956; x_wconf 94' lang='lat' dir='ltr'><strong>in</strong></span> <span class='ocrx_word' id='word_1_64' title='bbox 1356 915 1460 958; x_wconf 92' lang='lat' dir='ltr'><strong>unum</strong></span> <span class='ocrx_word' id='word_1_65' title='bbox 1477 893 1603 960; x_wconf 73' lang='lat' dir='ltr'><strong>collecti</strong></span> <span class='ocrx_word' id='word_1_66' title='bbox 1621 915 1659 959; x_wconf 88' lang='lat' dir='ltr'><strong>ac</strong></span> <span class='ocrx_word' id='word_1_67' title='bbox 1676 894 1836 976; x_wconf 87' lang='lat' dir='ltr'><strong>compacti</strong></span> <span class='ocrx_word' id='word_1_68' title='bbox 1853 902 1930 958; x_wconf 90' lang='lat' dir='ltr'><strong>sunt</strong></span> <span class='ocrx_word' id='word_1_69' title='bbox 1946 915 2071 976; x_wconf 89' lang='lat' dir='ltr'><strong>corpus.</strong></span> <span class='ocrx_word' id='word_1_70' title='bbox 2103 895 2197 960; x_wconf 84' lang='lat' dir='ltr'><strong>Haec</strong></span> 
     </span>
     <span class='ocr_line' id='line_1_6' title="bbox 192 976 2197 1064; baseline 0.004 -23"><span class='ocrx_word' id='word_1_71' title='bbox 192 978 305 1042; x_wconf 87' lang='lat' dir='ltr'><strong>iecisse</strong></span> <span class='ocrx_word' id='word_1_72' title='bbox 326 979 362 1041; x_wconf 91' lang='lat' dir='ltr'><strong>in</strong></span> <span class='ocrx_word' id='word_1_73' title='bbox 381 977 622 1044; x_wconf 81' lang='lat' dir='ltr'><strong>damnationem</strong></span> <span class='ocrx_word' id='word_1_74' title='bbox 644 990 896 1061; x_wconf 87' lang='lat' dir='ltr'><strong>temporaneam,</strong></span> <span class='ocrx_word' id='word_1_75' title='bbox 921 976 961 1063; x_wconf 88' lang='lat' dir='ltr'><strong>[p.</strong></span> <span class='ocrx_word' id='word_1_76' title='bbox 983 992 1040 1042; x_wconf 83' lang='lat'><strong>147</strong></span> <span class='ocrx_word' id='word_1_77' title='bbox 1081 978 1170 1041; x_wconf 90' lang='lat' dir='ltr'><strong>utin</strong></span> <span class='ocrx_word' id='word_1_78' title='bbox 1222 986 1273 1043; x_wconf 91' lang='lat' dir='ltr'><strong>est</strong></span> <span class='ocrx_word' id='word_1_79' title='bbox 1290 979 1425 1045; x_wconf 88' lang='lat' dir='ltr'><strong>ecclesia</strong></span> <span class='ocrx_word' id='word_1_80' title='bbox 1441 980 1609 1058; x_wconf 88' lang='lat' dir='ltr'><strong>catholica,</strong></span> <span class='ocrx_word' id='word_1_81' title='bbox 1628 1001 1744 1062; x_wconf 92' lang='lat' dir='ltr'><strong>corpus</strong></span> <span class='ocrx_word' id='word_1_82' title='bbox 1760 978 1886 1044; x_wconf 81' lang='lat' dir='ltr'><strong>Christi</strong></span> <span class='ocrx_word' id='word_1_83' title='bbox 1902 980 2078 1064; x_wconf 87' lang='lat' dir='ltr'><strong>mysticum</strong></span> <span class='ocrx_word' id='word_1_84' title='bbox 2094 980 2197 1064; x_wconf 84' lang='lat' dir='ltr'><strong>(Eph.</strong></span> 
     </span>
     <span class='ocr_line' id='line_1_7' title="bbox 194 1064 2197 1149; baseline 0.001 -20"><span class='ocrx_word' id='word_1_85' title='bbox 194 1072 363 1129; x_wconf 75' lang='lat' dir='ltr'><strong>aeternum</strong></span> <span class='ocrx_word' id='word_1_86' title='bbox 386 1064 497 1131; x_wconf 87' lang='lat' dir='ltr'><strong>salvus</strong></span> <span class='ocrx_word' id='word_1_87' title='bbox 514 1067 609 1130; x_wconf 84' lang='lat' dir='ltr'><strong>fieret</strong></span> <span class='ocrx_word' id='word_1_88' title='bbox 631 1065 661 1149; x_wconf 86' lang='lat'><strong>(1</strong></span> <span class='ocrx_word' id='word_1_89' title='bbox 678 1064 752 1130; x_wconf 86' lang='lat' dir='ltr'><strong>Cor.</strong></span> <span class='ocrx_word' id='word_1_90' title='bbox 767 1070 795 1129; x_wconf 79' lang='lat'><strong>5.</strong></span> <span class='ocrx_word' id='word_1_91' title='bbox 820 1066 964 1130; x_wconf 75' lang='lat' dir='ltr'><strong>2Thess.</strong></span> <span class='ocrx_word' id='word_1_92' title='bbox 984 1064 1067 1127; x_wconf 86' lang='lat' dir='ltr'><strong>ult..</strong></span> <span class='ocrx_word' id='word_1_93' title='bbox 1101 1064 1170 1128; x_wconf 89' lang='lat' dir='ltr'><strong>Ita·</strong></span> <span class='ocrx_word' id='word_1_94' title='bbox 1226 1064 1267 1148; x_wconf 87' lang='grc'><strong>1).</strong></span> <span class='ocrx_word' id='word_1_95' title='bbox 1312 1065 1365 1129; x_wconf 86' lang='lat' dir='ltr'><strong>Ita</strong></span> <span class='ocrx_word' id='word_1_96' title='bbox 1390 1067 1538 1147; x_wconf 79' lang='lat' dir='ltr'><strong>proximo</strong></span> <span class='ocrx_word' id='word_1_97' title='bbox 1564 1066 1669 1148; x_wconf 83' lang='lat' dir='ltr'><strong>capite</strong></span> <span class='ocrx_word' id='word_1_98' title='bbox 1693 1067 1807 1131; x_wconf 82' lang='lat' dir='ltr'><strong>testati</strong></span> <span class='ocrx_word' id='word_1_99' title='bbox 1828 1088 1956 1145; x_wconf 91' lang='lat' dir='ltr'><strong>sumus,</strong></span> <span class='ocrx_word' id='word_1_100' title='bbox 1983 1087 2043 1131; x_wconf 92' lang='lat' dir='ltr'><strong>nos</strong></span> <span class='ocrx_word' id='word_1_101' title='bbox 2065 1065 2197 1131; x_wconf 90' lang='lat' dir='ltr'><strong>credere</strong></span> 
     </span>
     <span class='ocr_line' id='line_1_8' title="bbox 192 1150 2197 1234; baseline 0.002 -22"><span class='ocrx_word' id='word_1_102' title='bbox 192 1171 264 1232; x_wconf 90' lang='lat' dir='ltr'><strong>que,</strong></span> <span class='ocrx_word' id='word_1_103' title='bbox 287 1151 417 1214; x_wconf 85' lang='lat' dir='ltr'><strong>tametsi</strong></span> <span class='ocrx_word' id='word_1_104' title='bbox 438 1151 631 1216; x_wconf 82' lang='lat' dir='ltr'><strong>familiarius</strong></span> <span class='ocrx_word' id='word_1_105' title='bbox 653 1152 787 1226; x_wconf 86' lang='lat' dir='ltr'><strong>versari,</strong></span> <span class='ocrx_word' id='word_1_106' title='bbox 811 1159 869 1216; x_wconf 90' lang='lat' dir='ltr'><strong>aut</strong></span> <span class='ocrx_word' id='word_1_107' title='bbox 888 1151 1077 1215; x_wconf 88' lang='lat' dir='ltr'><strong>interiorem</strong></span> <span class='ocrx_word' id='word_1_108' title='bbox 1094 1170 1170 1214; x_wconf 89' lang='lat' dir='ltr'><strong>con·</strong></span> <span class='ocrx_word' id='word_1_109' title='bbox 1222 1150 1400 1216; x_wconf 88' lang='lat' dir='ltr'><strong>ecclesiam.</strong></span> <span class='ocrx_word' id='word_1_110' title='bbox 1433 1152 1507 1217; x_wconf 93' lang='lat' dir='ltr'><strong>Hoc</strong></span> <span class='ocrx_word' id='word_1_111' title='bbox 1528 1173 1605 1217; x_wconf 88' lang='lat' dir='ltr'><strong>vere</strong></span> <span class='ocrx_word' id='word_1_112' title='bbox 1623 1151 1835 1229; x_wconf 87' lang='lat' dir='ltr'><strong>declaramus,</strong></span> <span class='ocrx_word' id='word_1_113' title='bbox 1858 1152 1987 1233; x_wconf 89' lang='lat' dir='ltr'><strong>qualem</strong></span> <span class='ocrx_word' id='word_1_114' title='bbox 2004 1153 2110 1234; x_wconf 92' lang='lat' dir='ltr'><strong>ipsam</strong></span> <span class='ocrx_word' id='word_1_115' title='bbox 2126 1173 2197 1217; x_wconf 86' lang='lat' dir='ltr'><strong>esse</strong></span> 
     </span>
     <span class='ocr_line' id='line_1_9' title="bbox 192 1235 2197 1320; baseline 0 -18"><span class='ocrx_word' id='word_1_116' title='bbox 192 1235 399 1302; x_wconf 80' lang='lat' dir='ltr'><strong>suetudinem</strong></span> <span class='ocrx_word' id='word_1_117' title='bbox 426 1235 547 1302; x_wconf 89' lang='lat' dir='ltr'><strong>habere</strong></span> <span class='ocrx_word' id='word_1_118' title='bbox 568 1259 645 1302; x_wconf 92' lang='lat' dir='ltr'><strong>cum</strong></span> <span class='ocrx_word' id='word_1_119' title='bbox 665 1237 968 1313; x_wconf 83' lang='lat' dir='ltr'><strong>excommunicatis,</strong></span> <span class='ocrx_word' id='word_1_120' title='bbox 989 1257 1048 1318; x_wconf 92' lang='lat' dir='ltr'><strong>per</strong></span> <span class='ocrx_word' id='word_1_121' title='bbox 1064 1235 1170 1314; x_wconf 21' lang='lat' dir='ltr'><strong>,ecda</strong></span> <span class='ocrx_word' id='word_1_122' title='bbox 1222 1236 1403 1302; x_wconf 89' lang='lat' dir='ltr'><strong>credamus.</strong></span> <span class='ocrx_word' id='word_1_123' title='bbox 1432 1235 1508 1302; x_wconf 82' lang='lat' dir='ltr'><strong>Scio</strong></span> <span class='ocrx_word' id='word_1_124' title='bbox 1525 1258 1602 1302; x_wconf 87' lang='lat' dir='ltr'><strong>vero</strong></span> <span class='ocrx_word' id='word_1_125' title='bbox 1620 1238 1705 1303; x_wconf 90' lang='lat' dir='ltr'><strong>hanc</strong></span> <span class='ocrx_word' id='word_1_126' title='bbox 1722 1246 1850 1320; x_wconf 87' lang='lat' dir='ltr'><strong>partem</strong></span> <span class='ocrx_word' id='word_1_127' title='bbox 1869 1239 1909 1303; x_wconf 89' lang='lat' dir='ltr'><strong>ab</strong></span> <span class='ocrx_word' id='word_1_128' title='bbox 1927 1237 1999 1302; x_wconf 90' lang='lat' dir='ltr'><strong>aliis</strong></span> <span class='ocrx_word' id='word_1_129' title='bbox 2016 1239 2197 1320; x_wconf 88' lang='lat' dir='ltr'><strong>praeteriri,</strong></span> 
     </span>
     <span class='ocr_line' id='line_1_10' title="bbox 193 1321 2198 1407; baseline 0.001 -20"><span class='ocrx_word' id='word_1_130' title='bbox 193 1322 357 1387; x_wconf 87' lang='lat' dir='ltr'><strong>siasticam</strong></span> <span class='ocrx_word' id='word_1_131' title='bbox 389 1321 595 1404; x_wconf 83' lang='lat' dir='ltr'><strong>disciplinam</strong></span> <span class='ocrx_word' id='word_1_132' title='bbox 628 1344 694 1387; x_wconf 91' lang='lat' dir='ltr'><strong>non</strong></span> <span class='ocrx_word' id='word_1_133' title='bbox 723 1323 833 1400; x_wconf 89' lang='lat' dir='ltr'><strong>liceat,</strong></span> <span class='ocrx_word' id='word_1_134' title='bbox 874 1322 1028 1387; x_wconf 84' lang='lat' dir='ltr'><strong>debemus</strong></span> <span class='ocrx_word' id='word_1_135' title='bbox 1059 1330 1170 1386; x_wconf 88' lang='lat' dir='ltr'><strong>tamen</strong></span> <span class='ocrx_word' id='word_1_136' title='bbox 1223 1323 1264 1387; x_wconf 88' lang='lat' dir='ltr'><strong>ab</strong></span> <span class='ocrx_word' id='word_1_137' title='bbox 1287 1321 1359 1387; x_wconf 92' lang='lat' dir='ltr'><strong>aliis</strong></span> <span class='ocrx_word' id='word_1_138' title='bbox 1385 1324 1421 1387; x_wconf 90' lang='lat' dir='ltr'><strong>in</strong></span> <span class='ocrx_word' id='word_1_139' title='bbox 1443 1323 1543 1388; x_wconf 89' lang='lat' dir='ltr'><strong>alium</strong></span> <span class='ocrx_word' id='word_1_140' title='bbox 1565 1325 1698 1388; x_wconf 80' lang='lat' dir='ltr'><strong>sensum</strong></span> <span class='ocrx_word' id='word_1_141' title='bbox 1724 1324 1828 1402; x_wconf 89' lang='lat' dir='ltr'><strong>trahi;</strong></span> <span class='ocrx_word' id='word_1_142' title='bbox 1856 1323 1913 1389; x_wconf 91' lang='lat' dir='ltr'><strong>sed</strong></span> <span class='ocrx_word' id='word_1_143' title='bbox 1940 1346 2014 1388; x_wconf 91' lang='lat' dir='ltr'><strong>sum</strong></span> <span class='ocrx_word' id='word_1_144' title='bbox 2039 1326 2198 1407; x_wconf 87' lang='lat' dir='ltr'><strong>interpre-</strong></span> 
     </span>
     <span class='ocr_line' id='line_1_11' title="bbox 192 1407 1753 1491; baseline 0 -18"><span class='ocrx_word' id='word_1_145' title='bbox 192 1407 387 1473; x_wconf 86' lang='lat' dir='ltr'><strong>contendere</strong></span> <span class='ocrx_word' id='word_1_146' title='bbox 404 1409 521 1489; x_wconf 92' lang='lat' dir='ltr'><strong>quibus</strong></span> <span class='ocrx_word' id='word_1_147' title='bbox 538 1430 709 1491; x_wconf 90' lang='lat' dir='ltr'><strong>possumus</strong></span> <span class='ocrx_word' id='word_1_148' title='bbox 726 1408 840 1487; x_wconf 88' lang='lat' dir='ltr'><strong>modis,</strong></span> <span class='ocrx_word' id='word_1_149' title='bbox 858 1410 927 1473; x_wconf 87' lang='lat' dir='ltr'><strong>sive</strong></span> <span class='ocrx_word' id='word_1_150' title='bbox 945 1408 1170 1472; x_wconf 82' lang='lat' dir='ltr'><strong>exhortatione</strong></span> <span class='ocrx_word' id='word_1_151' title='bbox 1222 1414 1319 1485; x_wconf 85' lang='lat' dir='ltr'><strong>tatus,</strong></span> <span class='ocrx_word' id='word_1_152' title='bbox 1342 1430 1407 1490; x_wconf 86' lang='lat' dir='ltr'><strong>quo</strong></span> <span class='ocrx_word' id='word_1_153' title='bbox 1425 1410 1548 1491; x_wconf 90' lang='lat' dir='ltr'><strong>optima</strong></span> <span class='ocrx_word' id='word_1_154' title='bbox 1567 1411 1658 1491; x_wconf 92' lang='lat' dir='ltr'><strong>potui</strong></span> <span class='ocrx_word' id='word_1_155' title='bbox 1679 1409 1753 1474; x_wconf 87' lang='lat' dir='ltr'><strong>fide.</strong></span> 
     </span>
    </p>

    <p class='ocr_par' dir='ltr' id='par_1_3' title="bbox 119 1492 2198 2610">
     <span class='ocr_line' id='line_1_12' title="bbox 195 1492 2197 1577; baseline 0.002 -19"><span class='ocrx_word' id='word_1_156' title='bbox 195 1515 232 1558; x_wconf 86' lang='lat' dir='ltr'><strong>ac</strong></span> <span class='ocrx_word' id='word_1_157' title='bbox 256 1492 417 1572; x_wconf 87' lang='lat' dir='ltr'><strong>doctrina,</strong></span> <span class='ocrx_word' id='word_1_158' title='bbox 447 1496 516 1559; x_wconf 82' lang='lat' dir='ltr'><strong>sive</strong></span> <span class='ocrx_word' id='word_1_159' title='bbox 540 1495 713 1560; x_wconf 90' lang='lat' dir='ltr'><strong>clementia</strong></span> <span class='ocrx_word' id='word_1_160' title='bbox 741 1517 779 1560; x_wconf 91' lang='lat' dir='ltr'><strong>ac</strong></span> <span class='ocrx_word' id='word_1_161' title='bbox 806 1494 1070 1570; x_wconf 86' lang='lat' dir='ltr'><strong>mansuetudine,</strong></span> <span class='ocrx_word' id='word_1_162' title='bbox 1101 1493 1170 1557; x_wconf 90' lang='lat' dir='ltr'><strong>sive</strong></span> <span class='ocrx_word' id='word_1_163' title='bbox 1309 1493 1482 1560; x_wconf 77' lang='lat' dir='ltr'><strong>Credimus</strong></span> <span class='ocrx_word' id='word_1_164' title='bbox 1502 1496 1727 1560; x_wconf 88' lang='lat' dir='ltr'><strong>remissionem</strong></span> <span class='ocrx_word' id='word_1_165' title='bbox 1743 1503 1958 1577; x_wconf 88' lang='lat' dir='ltr'><strong>peccatorum,</strong></span> <span class='ocrx_word' id='word_1_166' title='bbox 1981 1497 2042 1562; x_wconf 92' lang='lat' dir='ltr'><strong>hoc</strong></span> <span class='ocrx_word' id='word_1_167' title='bbox 2061 1505 2124 1561; x_wconf 89' lang='lat' dir='ltr'><strong>est:</strong></span> <span class='ocrx_word' id='word_1_168' title='bbox 2148 1495 2197 1562; x_wconf 85' lang='lat' dir='ltr'><strong>di·</strong></span> 
     </span>
     <span class='ocr_line' id='line_1_13' title="bbox 192 1579 2197 1665; baseline 0.002 -23"><span class='ocrx_word' id='word_1_169' title='bbox 192 1580 313 1644; x_wconf 90' lang='lat' dir='ltr'><strong>nostris</strong></span> <span class='ocrx_word' id='word_1_170' title='bbox 340 1579 381 1644; x_wconf 83' lang='lat' dir='ltr'><strong>ad</strong></span> <span class='ocrx_word' id='word_1_171' title='bbox 403 1580 513 1645; x_wconf 91' lang='lat' dir='ltr'><strong>Deum</strong></span> <span class='ocrx_word' id='word_1_172' title='bbox 532 1580 698 1662; x_wconf 89' lang='lat' dir='ltr'><strong>precibus,</strong></span> <span class='ocrx_word' id='word_1_173' title='bbox 725 1595 763 1645; x_wconf 89' lang='lat' dir='ltr'><strong>ut</strong></span> <span class='ocrx_word' id='word_1_174' title='bbox 784 1580 826 1645; x_wconf 89' lang='lat' dir='ltr'><strong>ad</strong></span> <span class='ocrx_word' id='word_1_175' title='bbox 847 1580 1015 1645; x_wconf 86' lang='lat' dir='ltr'><strong>meliorem</strong></span> <span class='ocrx_word' id='word_1_176' title='bbox 1041 1580 1171 1661; x_wconf 82' lang='lat' dir='ltr'><strong>frugem</strong></span> <span class='ocrx_word' id='word_1_177' title='bbox 1222 1581 1300 1645; x_wconf 85' lang='lat' dir='ltr'><strong>vina</strong></span> <span class='ocrx_word' id='word_1_178' title='bbox 1322 1580 1524 1659; x_wconf 85' lang='lat' dir='ltr'><strong>liberalitato,</strong></span> <span class='ocrx_word' id='word_1_179' title='bbox 1547 1581 1767 1647; x_wconf 85' lang='lat' dir='ltr'><strong>intercedente</strong></span> <span class='ocrx_word' id='word_1_180' title='bbox 1790 1580 1915 1647; x_wconf 82' lang='lat' dir='ltr'><strong>Christi</strong></span> <span class='ocrx_word' id='word_1_181' title='bbox 1936 1584 2061 1657; x_wconf 87' lang='lat' dir='ltr'><strong>merito,</strong></span> <span class='ocrx_word' id='word_1_182' title='bbox 2084 1604 2197 1665; x_wconf 84' lang='lat' dir='ltr'><strong>pecca·</strong></span> 
     </span>
     <span class='ocr_line' id='line_1_14' title="bbox 192 1664 2197 1752; baseline 0.001 -22"><span class='ocrx_word' id='word_1_183' title='bbox 192 1666 355 1743; x_wconf 89' lang='lat' dir='ltr'><strong>conversi,</strong></span> <span class='ocrx_word' id='word_1_184' title='bbox 378 1667 413 1730; x_wconf 91' lang='lat' dir='ltr'><strong>in</strong></span> <span class='ocrx_word' id='word_1_185' title='bbox 434 1667 621 1732; x_wconf 82' lang='lat' dir='ltr'><strong>societatem</strong></span> <span class='ocrx_word' id='word_1_186' title='bbox 644 1689 681 1732; x_wconf 89' lang='lat' dir='ltr'><strong>ac</strong></span> <span class='ocrx_word' id='word_1_187' title='bbox 703 1668 863 1731; x_wconf 85' lang='lat' dir='ltr'><strong>unitatem</strong></span> <span class='ocrx_word' id='word_1_188' title='bbox 885 1666 1040 1731; x_wconf 87' lang='lat' dir='ltr'><strong>ecclesiae</strong></span> <span class='ocrx_word' id='word_1_189' title='bbox 1061 1686 1096 1728; x_wconf 92' lang='lat' dir='ltr'><strong>se</strong></span> <span class='ocrx_word' id='word_1_190' title='bbox 1118 1685 1169 1727; x_wconf 90' lang='lat' dir='ltr'><strong>rs-</strong></span> <span class='ocrx_word' id='word_1_191' title='bbox 1223 1673 1330 1730; x_wconf 85' lang='lat' dir='ltr'><strong>torum</strong></span> <span class='ocrx_word' id='word_1_192' title='bbox 1358 1667 1582 1732; x_wconf 87' lang='lat' dir='ltr'><strong>remissionem</strong></span> <span class='ocrx_word' id='word_1_193' title='bbox 1610 1689 1648 1732; x_wconf 98' lang='grc' dir='ltr'><strong>ιο</strong></span> <span class='ocrx_word' id='word_1_194' title='bbox 1672 1664 1812 1752; x_wconf 77' lang='lat' dir='ltr'><strong>gratiam</strong></span> <span class='ocrx_word' id='word_1_195' title='bbox 1840 1667 1932 1732; x_wconf 89' lang='lat' dir='ltr'><strong>nobis</strong></span> <span class='ocrx_word' id='word_1_196' title='bbox 1959 1669 2046 1743; x_wconf 89' lang='lat' dir='ltr'><strong>fieri,</strong></span> <span class='ocrx_word' id='word_1_197' title='bbox 2080 1669 2136 1751; x_wconf 91' lang='lat' dir='ltr'><strong>qui</strong></span> <span class='ocrx_word' id='word_1_198' title='bbox 2162 1669 2197 1732; x_wconf 87' lang='lat' dir='ltr'><strong>in</strong></span> 
     </span>
     <span class='ocr_line' id='line_1_15' title="bbox 192 1750 2196 1835; baseline 0 -19"><span class='ocrx_word' id='word_1_199' title='bbox 192 1750 322 1833; x_wconf 80' lang='lat' dir='ltr'><strong>cipiunt.</strong></span> <span class='ocrx_word' id='word_1_200' title='bbox 357 1751 472 1834; x_wconf 91' lang='lat' dir='ltr'><strong>Neque</strong></span> <span class='ocrx_word' id='word_1_201' title='bbox 493 1753 517 1815; x_wconf 92' lang='lat' dir='ltr'><strong>ii</strong></span> <span class='ocrx_word' id='word_1_202' title='bbox 538 1752 634 1817; x_wconf 91' lang='lat' dir='ltr'><strong>modo</strong></span> <span class='ocrx_word' id='word_1_203' title='bbox 655 1754 701 1818; x_wconf 92' lang='lat' dir='ltr'><strong>sic</strong></span> <span class='ocrx_word' id='word_1_204' title='bbox 722 1751 885 1818; x_wconf 89' lang='lat' dir='ltr'><strong>tractandi</strong></span> <span class='ocrx_word' id='word_1_205' title='bbox 902 1760 987 1831; x_wconf 75' lang='lat' dir='ltr'><strong>sunt,</strong></span> <span class='ocrx_word' id='word_1_206' title='bbox 1010 1750 1069 1815; x_wconf 92' lang='lat' dir='ltr'><strong>sed</strong></span> <span class='ocrx_word' id='word_1_207' title='bbox 1086 1751 1170 1814; x_wconf 76' lang='lat' dir='ltr'><strong>Tur-</strong></span> <span class='ocrx_word' id='word_1_208' title='bbox 1222 1752 1375 1817; x_wconf 89' lang='lat' dir='ltr'><strong>ecclesiae</strong></span> <span class='ocrx_word' id='word_1_209' title='bbox 1396 1773 1513 1835; x_wconf 88' lang='lat' dir='ltr'><strong>corpus</strong></span> <span class='ocrx_word' id='word_1_210' title='bbox 1535 1754 1627 1819; x_wconf 89' lang='lat' dir='ltr'><strong>asciti</strong></span> <span class='ocrx_word' id='word_1_211' title='bbox 1648 1760 1681 1818; x_wconf 90' lang='lat' dir='ltr'><strong>et</strong></span> <span class='ocrx_word' id='word_1_212' title='bbox 1697 1754 1812 1818; x_wconf 89' lang='lat' dir='ltr'><strong>inserti</strong></span> <span class='ocrx_word' id='word_1_213' title='bbox 1829 1775 1956 1831; x_wconf 90' lang='lat' dir='ltr'><strong>sumus;</strong></span> <span class='ocrx_word' id='word_1_214' title='bbox 1976 1754 2100 1818; x_wconf 90' lang='lat' dir='ltr'><strong>nullam</strong></span> <span class='ocrx_word' id='word_1_215' title='bbox 2119 1774 2196 1818; x_wconf 85' lang='lat' dir='ltr'><strong>vero</strong></span> 
     </span>
     <span class='ocr_line' id='line_1_16' title="bbox 193 1836 2197 1922; baseline 0 -19"><span class='ocrx_word' id='word_1_216' title='bbox 193 1858 250 1903; x_wconf 87' lang='lat' dir='ltr'><strong>cae</strong></span> <span class='ocrx_word' id='word_1_217' title='bbox 271 1857 398 1919; x_wconf 91' lang='lat' dir='ltr'><strong>quoque</strong></span> <span class='ocrx_word' id='word_1_218' title='bbox 420 1859 458 1902; x_wconf 87' lang='lat' dir='ltr'><strong>ac</strong></span> <span class='ocrx_word' id='word_1_219' title='bbox 480 1836 653 1917; x_wconf 79' lang='lat' dir='ltr'><strong>Saraceni,</strong></span> <span class='ocrx_word' id='word_1_220' title='bbox 681 1840 864 1922; x_wconf 88' lang='lat' dir='ltr'><strong>caeterique</strong></span> <span class='ocrx_word' id='word_1_221' title='bbox 885 1859 982 1903; x_wconf 91' lang='lat' dir='ltr'><strong>verae</strong></span> <span class='ocrx_word' id='word_1_222' title='bbox 1004 1836 1170 1919; x_wconf 77' lang='lat' dir='ltr'><strong>religionis</strong></span> <span class='ocrx_word' id='word_1_223' title='bbox 1221 1844 1427 1919; x_wconf 89' lang='lat' dir='ltr'><strong>peccatorum</strong></span> <span class='ocrx_word' id='word_1_224' title='bbox 1454 1841 1678 1906; x_wconf 90' lang='lat' dir='ltr'><strong>remissionem</strong></span> <span class='ocrx_word' id='word_1_225' title='bbox 1704 1847 1762 1905; x_wconf 88' lang='lat' dir='ltr'><strong>out</strong></span> <span class='ocrx_word' id='word_1_226' title='bbox 1787 1838 1933 1916; x_wconf 87' lang='lat' dir='ltr'><strong>aliunde,</strong></span> <span class='ocrx_word' id='word_1_227' title='bbox 1962 1850 2020 1904; x_wconf 91' lang='lat' dir='ltr'><strong>aut</strong></span> <span class='ocrx_word' id='word_1_228' title='bbox 2040 1839 2108 1904; x_wconf 90' lang='lat' dir='ltr'><strong>ulla</strong></span> <span class='ocrx_word' id='word_1_229' title='bbox 2132 1839 2197 1904; x_wconf 85' lang='lat' dir='ltr'><strong>alia</strong></span> 
     </span>
     <span class='ocr_line' id='line_1_17' title="bbox 119 1921 2194 2011; baseline 0.001 -25"><span class='ocrx_word' id='word_1_230' title='bbox 119 1925 124 1932; x_wconf 83' lang='lat'>&#39;</span> <span class='ocrx_word' id='word_1_231' title='bbox 192 1921 319 2000; x_wconf 80' lang='lat' dir='ltr'><strong>hostes3</strong></span> <span class='ocrx_word' id='word_1_232' title='bbox 352 1931 480 1988; x_wconf 88' lang='lat' dir='ltr'><strong>tantum</strong></span> <span class='ocrx_word' id='word_1_233' title='bbox 513 1925 605 1989; x_wconf 88' lang='lat' dir='ltr'><strong>abest</strong></span> <span class='ocrx_word' id='word_1_234' title='bbox 636 1932 673 1988; x_wconf 92' lang='lat' dir='ltr'><strong>ut</strong></span> <span class='ocrx_word' id='word_1_235' title='bbox 698 1924 886 2007; x_wconf 85' lang='lat' dir='ltr'><strong>probandae</strong></span> <span class='ocrx_word' id='word_1_236' title='bbox 918 1925 984 1989; x_wconf 89' lang='lat' dir='ltr'><strong>sint</strong></span> <span class='ocrx_word' id='word_1_237' title='bbox 1017 1924 1168 1998; x_wconf 86' lang='lat' dir='ltr'><strong>rationes,</strong></span> <span class='ocrx_word' id='word_1_238' title='bbox 1223 1925 1361 2001; x_wconf 87' lang='lat' dir='ltr'><strong>ratione,</strong></span> <span class='ocrx_word' id='word_1_239' title='bbox 1390 1931 1448 1988; x_wconf 90' lang='lat' dir='ltr'><strong>aut</strong></span> <span class='ocrx_word' id='word_1_240' title='bbox 1469 1926 1542 1991; x_wconf 84' lang='lat' dir='ltr'><strong>aliis</strong></span> <span class='ocrx_word' id='word_1_241' title='bbox 1563 1925 1634 1990; x_wconf 86' lang='lat' dir='ltr'><strong>dari</strong></span> <span class='ocrx_word' id='word_1_242' title='bbox 1664 1926 1752 2011; x_wconf 87' lang='lat' dir='ltr'><strong>(Act.</strong></span> <span class='ocrx_word' id='word_1_243' title='bbox 1775 1930 1822 1990; x_wconf 88' lang='lat'><strong>10.</strong></span> <span class='ocrx_word' id='word_1_244' title='bbox 1850 1925 1974 1990; x_wconf 90' lang='lat' dir='ltr'><strong>lIoan.</strong></span> <span class='ocrx_word' id='word_1_245' title='bbox 1994 1929 2023 1990; x_wconf 82' lang='lat'><strong>2.</strong></span> <span class='ocrx_word' id='word_1_246' title='bbox 2046 1926 2109 1990; x_wconf 92' lang='lat' dir='ltr'><strong>Ies.</strong></span> <span class='ocrx_word' id='word_1_247' title='bbox 2129 1926 2194 2009; x_wconf 82' lang='lat'><strong>33).</strong></span> 
     </span>
     <span class='ocr_line' id='line_1_18' title="bbox 192 2007 2197 2094; baseline 0.001 -22"><span class='ocrx_word' id='word_1_248' title='bbox 192 2009 310 2091; x_wconf 91' lang='lat' dir='ltr'><strong>quibus</strong></span> <span class='ocrx_word' id='word_1_249' title='bbox 338 2030 392 2074; x_wconf 91' lang='lat' dir='ltr'><strong>eos</strong></span> <span class='ocrx_word' id='word_1_250' title='bbox 414 2009 456 2076; x_wconf 85' lang='lat' dir='ltr'><strong>ad</strong></span> <span class='ocrx_word' id='word_1_251' title='bbox 481 2009 581 2074; x_wconf 89' lang='lat' dir='ltr'><strong>fidem</strong></span> <span class='ocrx_word' id='word_1_252' title='bbox 607 2018 753 2075; x_wconf 89' lang='lat' dir='ltr'><strong>nostram</strong></span> <span class='ocrx_word' id='word_1_253' title='bbox 779 2010 910 2094; x_wconf 83' lang='lat' dir='ltr'><strong>adigere</strong></span> <span class='ocrx_word' id='word_1_254' title='bbox 935 2009 1031 2073; x_wconf 89' lang='lat' dir='ltr'><strong>multi</strong></span> <span class='ocrx_word' id='word_1_255' title='bbox 1059 2008 1170 2072; x_wconf 87' lang='lat' dir='ltr'><strong>hacte-</strong></span> <span class='ocrx_word' id='word_1_256' title='bbox 1223 2007 1362 2088; x_wconf 78' lang='lat' dir='ltr'><strong>Quando</strong></span> <span class='ocrx_word' id='word_1_257' title='bbox 1395 2018 1491 2075; x_wconf 80' lang='lat' dir='ltr'><strong>extra</strong></span> <span class='ocrx_word' id='word_1_258' title='bbox 1523 2010 1608 2077; x_wconf 86' lang='lat' dir='ltr'><strong>hanc</strong></span> <span class='ocrx_word' id='word_1_259' title='bbox 1640 2012 1809 2077; x_wconf 86' lang='lat' dir='ltr'><strong>ecclesiam</strong></span> <span class='ocrx_word' id='word_1_260' title='bbox 1836 2018 1870 2075; x_wconf 93' lang='lat' dir='ltr'><strong>et</strong></span> <span class='ocrx_word' id='word_1_261' title='bbox 1895 2011 1981 2076; x_wconf 90' lang='lat' dir='ltr'><strong>hanc</strong></span> <span class='ocrx_word' id='word_1_262' title='bbox 2010 2019 2197 2077; x_wconf 90' lang='lat' dir='ltr'><strong>sanctorum</strong></span> 
     </span>
     <span class='ocr_line' id='line_1_19' title="bbox 192 2094 2198 2179; baseline 0.001 -20"><span class='ocrx_word' id='word_1_263' title='bbox 192 2116 256 2159; x_wconf 92' lang='lat' dir='ltr'><strong>nus</strong></span> <span class='ocrx_word' id='word_1_264' title='bbox 277 2095 381 2159; x_wconf 92' lang='lat' dir='ltr'><strong>moliti</strong></span> <span class='ocrx_word' id='word_1_265' title='bbox 402 2103 495 2173; x_wconf 90' lang='lat' dir='ltr'><strong>sunt,</strong></span> <span class='ocrx_word' id='word_1_266' title='bbox 517 2095 596 2161; x_wconf 90' lang='lat' dir='ltr'><strong>dum</strong></span> <span class='ocrx_word' id='word_1_267' title='bbox 618 2117 702 2177; x_wconf 89' lang='lat' dir='ltr'><strong>aqua</strong></span> <span class='ocrx_word' id='word_1_268' title='bbox 723 2103 757 2160; x_wconf 90' lang='lat' dir='ltr'><strong>et</strong></span> <span class='ocrx_word' id='word_1_269' title='bbox 776 2097 860 2179; x_wconf 81' lang='lat' dir='ltr'><strong>igni,</strong></span> <span class='ocrx_word' id='word_1_270' title='bbox 883 2094 1170 2175; x_wconf 89' lang='lat' dir='ltr'><strong>communibusque</strong></span> <span class='ocrx_word' id='word_1_271' title='bbox 1222 2096 1497 2175; x_wconf 90' lang='lat' dir='ltr'><strong>communionem,</strong></span> <span class='ocrx_word' id='word_1_272' title='bbox 1519 2097 1612 2161; x_wconf 84' lang='lat' dir='ltr'><strong>nulla</strong></span> <span class='ocrx_word' id='word_1_273' title='bbox 1632 2105 1683 2163; x_wconf 90' lang='lat' dir='ltr'><strong>est</strong></span> <span class='ocrx_word' id='word_1_274' title='bbox 1704 2097 1800 2162; x_wconf 87' lang='lat' dir='ltr'><strong>sulus.</strong></span> <span class='ocrx_word' id='word_1_275' title='bbox 1844 2097 1949 2161; x_wconf 91' lang='lat' dir='ltr'><strong>Porro</strong></span> <span class='ocrx_word' id='word_1_276' title='bbox 1970 2098 2107 2163; x_wconf 87' lang='lat' dir='ltr'><strong>ecclesia</strong></span> <span class='ocrx_word' id='word_1_277' title='bbox 2126 2099 2198 2178; x_wconf 89' lang='lat' dir='ltr'><strong>ipsa</strong></span> 
     </span>
     <span class='ocr_line' id='line_1_20' title="bbox 192 2179 2198 2266; baseline 0.002 -23"><span class='ocrx_word' id='word_1_278' title='bbox 192 2179 362 2244; x_wconf 89' lang='lat' dir='ltr'><strong>elementis</strong></span> <span class='ocrx_word' id='word_1_279' title='bbox 389 2181 455 2246; x_wconf 87' lang='lat' dir='ltr'><strong>illis</strong></span> <span class='ocrx_word' id='word_1_280' title='bbox 483 2181 696 2260; x_wconf 86' lang='lat' dir='ltr'><strong>interdicunt,</strong></span> <span class='ocrx_word' id='word_1_281' title='bbox 724 2203 800 2247; x_wconf 90' lang='lat' dir='ltr'><strong>cum</strong></span> <span class='ocrx_word' id='word_1_282' title='bbox 826 2183 936 2246; x_wconf 89' lang='lat' dir='ltr'><strong>omnia</strong></span> <span class='ocrx_word' id='word_1_283' title='bbox 960 2182 1026 2246; x_wconf 93' lang='lat' dir='ltr'><strong>illis</strong></span> <span class='ocrx_word' id='word_1_284' title='bbox 1052 2180 1170 2243; x_wconf 88' lang='lat' dir='ltr'><strong>huma-</strong></span> <span class='ocrx_word' id='word_1_285' title='bbox 1223 2188 1350 2246; x_wconf 88' lang='lat' dir='ltr'><strong>constat</strong></span> <span class='ocrx_word' id='word_1_286' title='bbox 1370 2202 1408 2246; x_wconf 89' lang='grc' dir='ltr'><strong>ιο</strong></span> <span class='ocrx_word' id='word_1_287' title='bbox 1430 2184 1577 2247; x_wconf 90' lang='lat' dir='ltr'><strong>consistit</strong></span> <span class='ocrx_word' id='word_1_288' title='bbox 1594 2183 1657 2248; x_wconf 88' lang='lat' dir='ltr'><strong>hac</strong></span> <span class='ocrx_word' id='word_1_289' title='bbox 1675 2191 1881 2266; x_wconf 88' lang='lat' dir='ltr'><strong>peccatorum</strong></span> <span class='ocrx_word' id='word_1_290' title='bbox 1899 2185 2096 2260; x_wconf 88' lang='lat' dir='ltr'><strong>remissione,</strong></span> <span class='ocrx_word' id='word_1_291' title='bbox 2121 2183 2198 2248; x_wconf 90' lang='lat' dir='ltr'><strong>hoc·</strong></span> 
     </span>
     <span class='ocr_line' id='line_1_21' title="bbox 194 2266 2197 2354; baseline 0.002 -24"><span class='ocrx_word' id='word_1_292' title='bbox 194 2267 308 2331; x_wconf 87' lang='lat' dir='ltr'><strong>nitatis</strong></span> <span class='ocrx_word' id='word_1_293' title='bbox 336 2267 442 2332; x_wconf 86' lang='lat' dir='ltr'><strong>officia</strong></span> <span class='ocrx_word' id='word_1_294' title='bbox 464 2267 641 2351; x_wconf 84' lang='lat' dir='ltr'><strong>denegant,</strong></span> <span class='ocrx_word' id='word_1_295' title='bbox 673 2289 749 2333; x_wconf 93' lang='lat' dir='ltr'><strong>cum</strong></span> <span class='ocrx_word' id='word_1_296' title='bbox 774 2268 860 2332; x_wconf 81' lang='lat' dir='ltr'><strong>ferro</strong></span> <span class='ocrx_word' id='word_1_297' title='bbox 882 2275 916 2332; x_wconf 89' lang='lat' dir='ltr'><strong>et</strong></span> <span class='ocrx_word' id='word_1_298' title='bbox 937 2269 1038 2332; x_wconf 87' lang='lat' dir='ltr'><strong>armis</strong></span> <span class='ocrx_word' id='word_1_299' title='bbox 1060 2286 1170 2348; x_wconf 88' lang='lat' dir='ltr'><strong>perse·</strong></span> <span class='ocrx_word' id='word_1_300' title='bbox 1222 2288 1285 2349; x_wconf 90' lang='lat' dir='ltr'><strong>que</strong></span> <span class='ocrx_word' id='word_1_301' title='bbox 1307 2266 1411 2332; x_wconf 88' lang='lat' dir='ltr'><strong>veluti</strong></span> <span class='ocrx_word' id='word_1_302' title='bbox 1431 2268 1643 2333; x_wconf 79' lang='lat' dir='ltr'><strong>frmdamentc</strong></span> <span class='ocrx_word' id='word_1_303' title='bbox 1665 2269 1799 2334; x_wconf 84' lang='lat' dir='ltr'><strong>suffulto</strong></span> <span class='ocrx_word' id='word_1_304' title='bbox 1820 2276 1871 2333; x_wconf 88' lang='lat' dir='ltr'><strong>est</strong></span> <span class='ocrx_word' id='word_1_305' title='bbox 1891 2269 1986 2354; x_wconf 90' lang='lat' dir='ltr'><strong>(Hos.</strong></span> <span class='ocrx_word' id='word_1_306' title='bbox 2007 2273 2051 2353; x_wconf 84' lang='lat'><strong>2).</strong></span> <span class='ocrx_word' id='word_1_307' title='bbox 2083 2268 2197 2350; x_wconf 80' lang='lat' dir='ltr'><strong>Quan-</strong></span> 
     </span>
     <span class='ocr_line' id='line_1_22' title="bbox 193 2352 2198 2436; baseline 0.001 -20"><span class='ocrx_word' id='word_1_308' title='bbox 193 2363 346 2433; x_wconf 91' lang='lat' dir='ltr'><strong>quuntur.</strong></span> <span class='ocrx_word' id='word_1_309' title='bbox 399 2352 596 2436; x_wconf 77' lang='lat' dir='ltr'><strong>Quanquam</strong></span> <span class='ocrx_word' id='word_1_310' title='bbox 624 2363 747 2431; x_wconf 90' lang='lat' dir='ltr'><strong>autem,</strong></span> <span class='ocrx_word' id='word_1_311' title='bbox 774 2353 854 2418; x_wconf 91' lang='lat' dir='ltr'><strong>dum</strong></span> <span class='ocrx_word' id='word_1_312' title='bbox 875 2353 982 2418; x_wconf 88' lang='lat' dir='ltr'><strong>adhuc</strong></span> <span class='ocrx_word' id='word_1_313' title='bbox 1010 2355 1171 2419; x_wconf 78' lang='lat' dir='ltr'><strong>incertum</strong></span> <span class='ocrx_word' id='word_1_314' title='bbox 1223 2352 1264 2417; x_wconf 91' lang='lat' dir='ltr'><strong>do</strong></span> <span class='ocrx_word' id='word_1_315' title='bbox 1285 2361 1493 2435; x_wconf 84' lang='lat' dir='ltr'><strong>peccatorum</strong></span> <span class='ocrx_word' id='word_1_316' title='bbox 1513 2355 1660 2418; x_wconf 88' lang='lat' dir='ltr'><strong>remissio</strong></span> <span class='ocrx_word' id='word_1_317' title='bbox 1682 2355 1736 2419; x_wconf 78' lang='lat' dir='ltr'><strong>via</strong></span> <span class='ocrx_word' id='word_1_318' title='bbox 1757 2362 1808 2419; x_wconf 89' lang='lat' dir='ltr'><strong>est</strong></span> <span class='ocrx_word' id='word_1_319' title='bbox 1828 2376 1893 2436; x_wconf 90' lang='lat' dir='ltr'><strong>qua</strong></span> <span class='ocrx_word' id='word_1_320' title='bbox 1914 2355 1956 2420; x_wconf 92' lang='lat' dir='ltr'><strong>ad</strong></span> <span class='ocrx_word' id='word_1_321' title='bbox 1975 2355 2086 2419; x_wconf 91' lang='lat' dir='ltr'><strong>Deum</strong></span> <span class='ocrx_word' id='word_1_322' title='bbox 2107 2376 2198 2420; x_wconf 90' lang='lat' dir='ltr'><strong>aoce-</strong></span> 
     </span>
     <span class='ocr_line' id='line_1_23' title="bbox 194 2438 2198 2523; baseline 0.001 -20"><span class='ocrx_word' id='word_1_323' title='bbox 194 2447 246 2503; x_wconf 89' lang='lat' dir='ltr'><strong>est</strong></span> <span class='ocrx_word' id='word_1_324' title='bbox 266 2439 359 2503; x_wconf 92' lang='lat' dir='ltr'><strong>nobis</strong></span> <span class='ocrx_word' id='word_1_325' title='bbox 376 2439 440 2503; x_wconf 90' lang='lat' dir='ltr'><strong>Dei</strong></span> <span class='ocrx_word' id='word_1_326' title='bbox 457 2439 622 2518; x_wconf 91' lang='lat' dir='ltr'><strong>iudicium,</strong></span> <span class='ocrx_word' id='word_1_327' title='bbox 644 2461 777 2504; x_wconf 88' lang='lat' dir='ltr'><strong>censere</strong></span> <span class='ocrx_word' id='word_1_328' title='bbox 794 2439 985 2523; x_wconf 80' lang='lat' dir='ltr'><strong>singulatim</strong></span> <span class='ocrx_word' id='word_1_329' title='bbox 1001 2460 1067 2503; x_wconf 93' lang='lat' dir='ltr'><strong>non</strong></span> <span class='ocrx_word' id='word_1_330' title='bbox 1084 2438 1169 2514; x_wconf 91' lang='lat' dir='ltr'><strong>licet,</strong></span> <span class='ocrx_word' id='word_1_331' title='bbox 1223 2438 1329 2515; x_wconf 90' lang='lat' dir='ltr'><strong>datur,</strong></span> <span class='ocrx_word' id='word_1_332' title='bbox 1347 2459 1385 2505; x_wconf 89' lang='lat' dir='ltr'><strong>ac</strong></span> <span class='ocrx_word' id='word_1_333' title='bbox 1402 2441 1485 2504; x_wconf 88' lang='lat' dir='ltr'><strong>ratio</strong></span> <span class='ocrx_word' id='word_1_334' title='bbox 1502 2461 1568 2522; x_wconf 85' lang='lat' dir='ltr'><strong>qua</strong></span> <span class='ocrx_word' id='word_1_335' title='bbox 1583 2440 1676 2504; x_wconf 93' lang='lat' dir='ltr'><strong>nobis</strong></span> <span class='ocrx_word' id='word_1_336' title='bbox 1693 2440 1892 2515; x_wconf 88' lang='lat' dir='ltr'><strong>concilietur,</strong></span> <span class='ocrx_word' id='word_1_337' title='bbox 1914 2440 2048 2523; x_wconf 90' lang='lat' dir='ltr'><strong>ideoque</strong></span> <span class='ocrx_word' id='word_1_338' title='bbox 2066 2448 2100 2505; x_wconf 90' lang='lat' dir='ltr'><strong>et</strong></span> <span class='ocrx_word' id='word_1_339' title='bbox 2117 2440 2198 2506; x_wconf 90' lang='lat' dir='ltr'><strong>haec</strong></span> 
     </span>
     <span class='ocr_line' id='line_1_24' title="bbox 194 2523 2198 2610; baseline 0.001 -22"><span class='ocrx_word' id='word_1_340' title='bbox 194 2526 250 2606; x_wconf 90' lang='lat' dir='ltr'><strong>qui</strong></span> <span class='ocrx_word' id='word_1_341' title='bbox 272 2523 314 2588; x_wconf 86' lang='lat' dir='ltr'><strong>ad</strong></span> <span class='ocrx_word' id='word_1_342' title='bbox 336 2524 506 2591; x_wconf 89' lang='lat' dir='ltr'><strong>ecclesiam</strong></span> <span class='ocrx_word' id='word_1_343' title='bbox 527 2527 713 2607; x_wconf 87' lang='lat' dir='ltr'><strong>pertineant</strong></span> <span class='ocrx_word' id='word_1_344' title='bbox 733 2546 794 2590; x_wconf 90' lang='lat' dir='ltr'><strong>nec</strong></span> <span class='ocrx_word' id='word_1_345' title='bbox 814 2548 866 2603; x_wconf 93' lang='lat' dir='ltr'><strong>ne,</strong></span> <span class='ocrx_word' id='word_1_346' title='bbox 888 2526 945 2590; x_wconf 92' lang='lat' dir='ltr'><strong>ubi</strong></span> <span class='ocrx_word' id='word_1_347' title='bbox 962 2533 1074 2589; x_wconf 89' lang='lat' dir='ltr'><strong>tamen</strong></span> <span class='ocrx_word' id='word_1_348' title='bbox 1090 2545 1170 2588; x_wconf 91' lang='lat' dir='ltr'><strong>cun·</strong></span> <span class='ocrx_word' id='word_1_349' title='bbox 1222 2546 1290 2589; x_wconf 88' lang='lat' dir='ltr'><strong>una</strong></span> <span class='ocrx_word' id='word_1_350' title='bbox 1310 2525 1403 2590; x_wconf 95' lang='lat' dir='ltr'><strong>nobis</strong></span> <span class='ocrx_word' id='word_1_351' title='bbox 1428 2527 1613 2608; x_wconf 80' lang='lat' dir='ltr'><strong>ingressum</strong></span> <span class='ocrx_word' id='word_1_352' title='bbox 1640 2526 1675 2589; x_wconf 92' lang='lat' dir='ltr'><strong>in</strong></span> <span class='ocrx_word' id='word_1_353' title='bbox 1696 2525 1866 2590; x_wconf 88' lang='lat' dir='ltr'><strong>ecclesiam</strong></span> <span class='ocrx_word' id='word_1_354' title='bbox 1892 2527 1989 2610; x_wconf 87' lang='lat' dir='ltr'><strong>(quae</strong></span> <span class='ocrx_word' id='word_1_355' title='bbox 2011 2528 2127 2592; x_wconf 84' lang='lat' dir='ltr'><strong>civitas</strong></span> <span class='ocrx_word' id='word_1_356' title='bbox 2148 2534 2198 2592; x_wconf 89' lang='lat' dir='ltr'><strong>est</strong></span> 
     </span>
    </p>
   </div>
   <div class='ocr_carea' id='block_1_3' title="bbox 72 2608 2198 2693">
    <p class='ocr_par' dir='ltr' id='par_1_4' title="bbox 72 2608 2198 2693">
     <span class='ocr_line' id='line_1_25' title="bbox 72 2608 2198 2693; baseline 0.001 -19"><span class='ocrx_word' id='word_1_357' title='bbox 72 2624 74 2628; x_wconf 84' lang='grc'><strong><em>·</em></strong></span> <span class='ocrx_word' id='word_1_358' title='bbox 194 2631 258 2692; x_wconf 91' lang='lat' dir='ltr'><strong>que</strong></span> <span class='ocrx_word' id='word_1_359' title='bbox 291 2611 428 2675; x_wconf 88' lang='lat' dir='ltr'><strong>verbum</strong></span> <span class='ocrx_word' id='word_1_360' title='bbox 453 2612 518 2676; x_wconf 92' lang='lat' dir='ltr'><strong>Dei</strong></span> <span class='ocrx_word' id='word_1_361' title='bbox 551 2613 676 2677; x_wconf 90' lang='lat' dir='ltr'><strong>sincere</strong></span> <span class='ocrx_word' id='word_1_362' title='bbox 713 2611 894 2693; x_wconf 87' lang='lat' dir='ltr'><strong>praedicari</strong></span> <span class='ocrx_word' id='word_1_363' title='bbox 926 2619 1022 2693; x_wconf 90' lang='lat' dir='ltr'><strong>atque</strong></span> <span class='ocrx_word' id='word_1_364' title='bbox 1055 2608 1170 2687; x_wconf 79' lang='lat' dir='ltr'><strong>audiri</strong></span> <span class='ocrx_word' id='word_1_365' title='bbox 1222 2611 1302 2687; x_wconf 90' lang='lat' dir='ltr'><strong>Dei,</strong></span> <span class='ocrx_word' id='word_1_366' title='bbox 1336 2616 1370 2675; x_wconf 91' lang='lat' dir='ltr'><strong>et</strong></span> <span class='ocrx_word' id='word_1_367' title='bbox 1402 2611 1662 2691; x_wconf 87' lang='lat' dir='ltr'><strong>tabernaculum,</strong></span> <span class='ocrx_word' id='word_1_368' title='bbox 1695 2610 1782 2692; x_wconf 93' lang='lat' dir='ltr'><strong>quod</strong></span> <span class='ocrx_word' id='word_1_369' title='bbox 1814 2612 1875 2677; x_wconf 91' lang='lat' dir='ltr'><strong>sibi</strong></span> <span class='ocrx_word' id='word_1_370' title='bbox 1902 2614 1937 2675; x_wconf 93' lang='lat' dir='ltr'><strong>in</strong></span> <span class='ocrx_word' id='word_1_371' title='bbox 1964 2612 2198 2677; x_wconf 88' lang='lat' dir='ltr'><strong>habitationem</strong></span> 
     </span>
    </p>
   </div>
   <div class='ocr_carea' id='block_1_4' title="bbox 186 2696 2198 5444">
    <p class='ocr_par' dir='ltr' id='par_1_5' title="bbox 189 2696 2198 3896">
     <span class='ocr_line' id='line_1_26' title="bbox 193 2696 2196 2782; baseline 0.001 -22"><span class='ocrx_word' id='word_1_372' title='bbox 193 2697 251 2760; x_wconf 91' lang='lat' dir='ltr'><strong>ubi</strong></span> <span class='ocrx_word' id='word_1_373' title='bbox 272 2704 476 2762; x_wconf 88' lang='lat' dir='ltr'><strong>sacramenta</strong></span> <span class='ocrx_word' id='word_1_374' title='bbox 497 2719 539 2761; x_wconf 83' lang='lat' dir='ltr'><strong>ex</strong></span> <span class='ocrx_word' id='word_1_375' title='bbox 561 2696 685 2762; x_wconf 81' lang='lat' dir='ltr'><strong>Christi</strong></span> <span class='ocrx_word' id='word_1_376' title='bbox 706 2698 854 2762; x_wconf 87' lang='lat' dir='ltr'><strong>instituto</strong></span> <span class='ocrx_word' id='word_1_377' title='bbox 876 2696 1099 2762; x_wconf 87' lang='lat' dir='ltr'><strong>administrari</strong></span> <span class='ocrx_word' id='word_1_378' title='bbox 1120 2696 1170 2760; x_wconf 83' lang='lat' dir='ltr'><strong>vi·</strong></span> <span class='ocrx_word' id='word_1_379' title='bbox 1223 2697 1439 2762; x_wconf 86' lang='lat' dir='ltr'><strong>sanctificavit</strong></span> <span class='ocrx_word' id='word_1_380' title='bbox 1460 2696 1651 2782; x_wconf 88' lang='lat' dir='ltr'><strong>altissimus)</strong></span> <span class='ocrx_word' id='word_1_381' title='bbox 1674 2697 1792 2779; x_wconf 87' lang='lat' dir='ltr'><strong>aperit,</strong></span> <span class='ocrx_word' id='word_1_382' title='bbox 1821 2705 1855 2760; x_wconf 91' lang='lat' dir='ltr'><strong>et</strong></span> <span class='ocrx_word' id='word_1_383' title='bbox 1875 2718 1934 2761; x_wconf 93' lang='lat' dir='ltr'><strong>nos</strong></span> <span class='ocrx_word' id='word_1_384' title='bbox 1955 2698 1990 2760; x_wconf 93' lang='lat' dir='ltr'><strong>in</strong></span> <span class='ocrx_word' id='word_1_385' title='bbox 2013 2719 2052 2762; x_wconf 86' lang='lat' dir='ltr'><strong>oa</strong></span> <span class='ocrx_word' id='word_1_386' title='bbox 2068 2700 2196 2775; x_wconf 89' lang='lat' dir='ltr'><strong>retinet,</strong></span> 
     </span>
     <span class='ocr_line' id='line_1_27' title="bbox 194 2780 2197 2867; baseline 0 -20"><span class='ocrx_word' id='word_1_387' title='bbox 194 2782 318 2860; x_wconf 90' lang='lat' dir='ltr'><strong>demus,</strong></span> <span class='ocrx_word' id='word_1_388' title='bbox 341 2781 408 2848; x_wconf 92' lang='lat' dir='ltr'><strong>illic</strong></span> <span class='ocrx_word' id='word_1_389' title='bbox 430 2783 572 2865; x_wconf 82' lang='lat' dir='ltr'><strong>aliquam</strong></span> <span class='ocrx_word' id='word_1_390' title='bbox 594 2805 665 2849; x_wconf 90' lang='lat' dir='ltr'><strong>esse</strong></span> <span class='ocrx_word' id='word_1_391' title='bbox 686 2784 750 2848; x_wconf 90' lang='lat' dir='ltr'><strong>Dei</strong></span> <span class='ocrx_word' id='word_1_392' title='bbox 772 2783 942 2849; x_wconf 86' lang='lat' dir='ltr'><strong>ecelesiam</strong></span> <span class='ocrx_word' id='word_1_393' title='bbox 963 2783 1054 2847; x_wconf 94' lang='lat' dir='ltr'><strong>nullo</strong></span> <span class='ocrx_word' id='word_1_394' title='bbox 1074 2780 1170 2847; x_wconf 92' lang='lat' dir='ltr'><strong>modo</strong></span> <span class='ocrx_word' id='word_1_395' title='bbox 1223 2804 1261 2847; x_wconf 90' lang='lat' dir='ltr'><strong>ac</strong></span> <span class='ocrx_word' id='word_1_396' title='bbox 1282 2790 1394 2848; x_wconf 89' lang='lat' dir='ltr'><strong>tuetur</strong></span> <span class='ocrx_word' id='word_1_397' title='bbox 1415 2782 1518 2867; x_wconf 85' lang='lat' dir='ltr'><strong>(Psal.</strong></span> <span class='ocrx_word' id='word_1_398' title='bbox 1537 2787 1578 2847; x_wconf 86' lang='grc'><strong>46</strong></span> <span class='ocrx_word' id='word_1_399' title='bbox 1597 2790 1631 2848; x_wconf 91' lang='lat' dir='ltr'><strong>et</strong></span> <span class='ocrx_word' id='word_1_400' title='bbox 1648 2788 1697 2847; x_wconf 83' lang='lat'><strong>87.</strong></span> <span class='ocrx_word' id='word_1_401' title='bbox 1726 2783 1838 2846; x_wconf 66' lang='lat' dir='ltr'><strong>lllim.</strong></span> <span class='ocrx_word' id='word_1_402' title='bbox 1859 2781 1902 2867; x_wconf 87' lang='lat'><strong>3).</strong></span> <span class='ocrx_word' id='word_1_403' title='bbox 1936 2783 2034 2847; x_wconf 84' lang='lat' dir='ltr'><strong>Hanc</strong></span> <span class='ocrx_word' id='word_1_404' title='bbox 2049 2806 2127 2848; x_wconf 83' lang='lat' dir='ltr'><strong>voro</strong></span> <span class='ocrx_word' id='word_1_405' title='bbox 2145 2805 2197 2848; x_wconf 90' lang='lat' dir='ltr'><strong>re·</strong></span> 
     </span>
     <span class='ocr_line' id='line_1_28' title="bbox 194 2867 2194 2954; baseline -0.001 -20"><span class='ocrx_word' id='word_1_406' title='bbox 194 2868 426 2951; x_wconf 84' lang='lat' dir='ltr'><strong>ambigendum</strong></span> <span class='ocrx_word' id='word_1_407' title='bbox 448 2880 511 2948; x_wconf 87' lang='lat' dir='ltr'><strong>est;</strong></span> <span class='ocrx_word' id='word_1_408' title='bbox 540 2869 669 2950; x_wconf 87' lang='lat' dir='ltr'><strong>quando</strong></span> <span class='ocrx_word' id='word_1_409' title='bbox 687 2870 756 2934; x_wconf 91' lang='lat' dir='ltr'><strong>eius</strong></span> <span class='ocrx_word' id='word_1_410' title='bbox 778 2869 948 2952; x_wconf 90' lang='lat' dir='ltr'><strong>promissio</strong></span> <span class='ocrx_word' id='word_1_411' title='bbox 969 2868 1082 2933; x_wconf 81' lang='lat' dir='ltr'><strong>fallere</strong></span> <span class='ocrx_word' id='word_1_412' title='bbox 1103 2889 1169 2932; x_wconf 94' lang='lat' dir='ltr'><strong>non</strong></span> <span class='ocrx_word' id='word_1_413' title='bbox 1221 2869 1409 2933; x_wconf 90' lang='lat' dir='ltr'><strong>missionem</strong></span> <span class='ocrx_word' id='word_1_414' title='bbox 1426 2870 1589 2952; x_wconf 89' lang='lat' dir='ltr'><strong>accipiunt</strong></span> <span class='ocrx_word' id='word_1_415' title='bbox 1605 2869 1726 2941; x_wconf 87' lang='lat' dir='ltr'><strong>fideles,</strong></span> <span class='ocrx_word' id='word_1_416' title='bbox 1745 2890 1821 2933; x_wconf 91' lang='lat' dir='ltr'><strong>cum</strong></span> <span class='ocrx_word' id='word_1_417' title='bbox 1834 2877 2040 2950; x_wconf 88' lang='lat' dir='ltr'><strong>peccatorum</strong></span> <span class='ocrx_word' id='word_1_418' title='bbox 2060 2867 2101 2954; x_wconf 87' lang='lat' dir='ltr'><strong>[p.</strong></span> <span class='ocrx_word' id='word_1_419' title='bbox 2119 2867 2194 2954; x_wconf 81' lang='lat'>150]</span> 
     </span>
     <span class='ocr_line' id='line_1_29' title="bbox 192 2954 2194 3038; baseline 0 -20"><span class='ocrx_word' id='word_1_420' title='bbox 192 2963 312 3037; x_wconf 77' lang='lat' dir='ltr'><strong>potest:</strong></span> <span class='ocrx_word' id='word_1_421' title='bbox 336 2954 518 3036; x_wconf 89' lang='lat' dir='ltr'><strong>ubicunque</strong></span> <span class='ocrx_word' id='word_1_422' title='bbox 540 2954 604 3018; x_wconf 92' lang='lat' dir='ltr'><strong>duo</strong></span> <span class='ocrx_word' id='word_1_423' title='bbox 626 2962 683 3018; x_wconf 91' lang='grc' dir='ltr'>ιιιι</span> <span class='ocrx_word' id='word_1_424' title='bbox 704 2962 771 3020; x_wconf 90' lang='lat' dir='ltr'><strong>tres</strong></span> <span class='ocrx_word' id='word_1_425' title='bbox 791 2955 981 3037; x_wconf 82' lang='lat' dir='ltr'><strong>congregati</strong></span> <span class='ocrx_word' id='word_1_426' title='bbox 995 2955 1119 3019; x_wconf 86' lang='lat' dir='ltr'><strong>fuerint</strong></span> <span class='ocrx_word' id='word_1_427' title='bbox 1134 2955 1170 3018; x_wconf 92' lang='lat' dir='ltr'><strong>in</strong></span> <span class='ocrx_word' id='word_1_428' title='bbox 1222 2975 1355 3019; x_wconf 90' lang='lat' dir='ltr'><strong>suorum</strong></span> <span class='ocrx_word' id='word_1_429' title='bbox 1384 2957 1581 3020; x_wconf 86' lang='lat' dir='ltr'><strong>conscicntia</strong></span> <span class='ocrx_word' id='word_1_430' title='bbox 1607 2956 1766 3038; x_wconf 88' lang='lat' dir='ltr'><strong>oppressi,</strong></span> <span class='ocrx_word' id='word_1_431' title='bbox 1795 2956 1907 3019; x_wconf 89' lang='lat' dir='ltr'><strong>afflicti</strong></span> <span class='ocrx_word' id='word_1_432' title='bbox 1929 2961 1963 3018; x_wconf 88' lang='lat' dir='ltr'><strong>et</strong></span> <span class='ocrx_word' id='word_1_433' title='bbox 1983 2956 2122 3029; x_wconf 80' lang='lat' dir='ltr'><strong>confusi,</strong></span> <span class='ocrx_word' id='word_1_434' title='bbox 2146 2954 2194 3018; x_wconf 91' lang='lat' dir='ltr'><strong>di·</strong></span> 
     </span>
     <span class='ocr_line' id='line_1_30' title="bbox 192 3038 2195 3126; baseline -0.001 -21"><span class='ocrx_word' id='word_1_435' title='bbox 192 3041 324 3106; x_wconf 88' lang='lat' dir='ltr'><strong>nomine</strong></span> <span class='ocrx_word' id='word_1_436' title='bbox 345 3061 432 3117; x_wconf 94' lang='lat' dir='ltr'><strong>meo,</strong></span> <span class='ocrx_word' id='word_1_437' title='bbox 460 3041 506 3105; x_wconf 91' lang='lat' dir='ltr'><strong>ibi</strong></span> <span class='ocrx_word' id='word_1_438' title='bbox 527 3042 561 3105; x_wconf 92' lang='lat' dir='ltr'><strong>in</strong></span> <span class='ocrx_word' id='word_1_439' title='bbox 588 3041 695 3105; x_wconf 89' lang='lat' dir='ltr'><strong>medic</strong></span> <span class='ocrx_word' id='word_1_440' title='bbox 717 3062 830 3105; x_wconf 89' lang='lat' dir='ltr'><strong>eorum</strong></span> <span class='ocrx_word' id='word_1_441' title='bbox 851 3063 925 3105; x_wconf 88' lang='lat' dir='ltr'><strong>sum</strong></span> <span class='ocrx_word' id='word_1_442' title='bbox 947 3040 1081 3126; x_wconf 88' lang='lat' dir='ltr'><strong>(Matth.</strong></span> <span class='ocrx_word' id='word_1_443' title='bbox 1104 3038 1167 3124; x_wconf 87' lang='grc'><strong>18).</strong></span> <span class='ocrx_word' id='word_1_444' title='bbox 1221 3041 1289 3104; x_wconf 82' lang='lat' dir='ltr'><strong>vini</strong></span> <span class='ocrx_word' id='word_1_445' title='bbox 1312 3039 1421 3105; x_wconf 88' lang='lat' dir='ltr'><strong>iudicii</strong></span> <span class='ocrx_word' id='word_1_446' title='bbox 1444 3063 1540 3105; x_wconf 92' lang='lat' dir='ltr'><strong>sensu</strong></span> <span class='ocrx_word' id='word_1_447' title='bbox 1562 3049 1820 3116; x_wconf 77' lang='lat' dir='ltr'><strong>consternantur,</strong></span> <span class='ocrx_word' id='word_1_448' title='bbox 1842 3041 1966 3123; x_wconf 83' lang='lat' dir='ltr'><strong>sibique</strong></span> <span class='ocrx_word' id='word_1_449' title='bbox 1986 3041 2066 3122; x_wconf 91' lang='lat' dir='ltr'><strong>ipsis</strong></span> <span class='ocrx_word' id='word_1_450' title='bbox 2084 3040 2195 3123; x_wconf 89' lang='lat' dir='ltr'><strong>displi-</strong></span> 
     </span>
     <span class='ocr_line' id='line_1_31' title="bbox 192 3124 2196 3209; baseline -0.001 -15"><span class='ocrx_word' id='word_1_451' title='bbox 192 3124 323 3194; x_wconf 84' lang='lat' dir='ltr'><strong>Certior</strong></span> <span class='ocrx_word' id='word_1_452' title='bbox 344 3133 453 3190; x_wconf 88' lang='lat' dir='ltr'><strong>autem</strong></span> <span class='ocrx_word' id='word_1_453' title='bbox 476 3126 541 3191; x_wconf 86' lang='lat' dir='ltr'><strong>aha</strong></span> <span class='ocrx_word' id='word_1_454' title='bbox 561 3128 660 3193; x_wconf 88' lang='lat' dir='ltr'><strong>etiam</strong></span> <span class='ocrx_word' id='word_1_455' title='bbox 683 3125 724 3190; x_wconf 90' lang='lat' dir='ltr'><strong>de</strong></span> <span class='ocrx_word' id='word_1_456' title='bbox 750 3127 886 3192; x_wconf 85' lang='lat' dir='ltr'><strong>ccclesia</strong></span> <span class='ocrx_word' id='word_1_457' title='bbox 907 3127 972 3190; x_wconf 92' lang='lat' dir='ltr'><strong>Dei</strong></span> <span class='ocrx_word' id='word_1_458' title='bbox 999 3126 1112 3191; x_wconf 85' lang='lat' dir='ltr'><strong>haberi</strong></span> <span class='ocrx_word' id='word_1_459' title='bbox 1133 3127 1169 3189; x_wconf 92' lang='lat' dir='ltr'><strong>in</strong></span> <span class='ocrx_word' id='word_1_460' title='bbox 1221 3133 1296 3191; x_wconf 90' lang='lat' dir='ltr'><strong>cent</strong></span> <span class='ocrx_word' id='word_1_461' title='bbox 1323 3134 1357 3190; x_wconf 91' lang='lat' dir='ltr'><strong>et</strong></span> <span class='ocrx_word' id='word_1_462' title='bbox 1383 3127 1474 3190; x_wconf 84' lang='lat' dir='ltr'><strong>velut</strong></span> <span class='ocrx_word' id='word_1_463' title='bbox 1503 3127 1563 3192; x_wconf 92' lang='lat' dir='ltr'><strong>sub</strong></span> <span class='ocrx_word' id='word_1_464' title='bbox 1590 3128 1683 3208; x_wconf 82' lang='lat' dir='ltr'><strong>gravi</strong></span> <span class='ocrx_word' id='word_1_465' title='bbox 1709 3126 1851 3209; x_wconf 89' lang='lat' dir='ltr'><strong>pondere</strong></span> <span class='ocrx_word' id='word_1_466' title='bbox 1878 3135 2014 3209; x_wconf 81' lang='lat' dir='ltr'><strong>gemunt</strong></span> <span class='ocrx_word' id='word_1_467' title='bbox 2041 3148 2079 3192; x_wconf 87' lang='grc' dir='ltr'><strong>ιο</strong></span> <span class='ocrx_word' id='word_1_468' title='bbox 2106 3125 2196 3191; x_wconf 88' lang='lat' dir='ltr'><strong>labo-</strong></span> 
     </span>
     <span class='ocr_line' id='line_1_32' title="bbox 191 3209 2196 3298; baseline 0 -22"><span class='ocrx_word' id='word_1_469' title='bbox 191 3213 291 3276; x_wconf 86' lang='lat' dir='ltr'><strong>terris</strong></span> <span class='ocrx_word' id='word_1_470' title='bbox 311 3213 427 3276; x_wconf 89' lang='lat' dir='ltr'><strong>notitia</strong></span> <span class='ocrx_word' id='word_1_471' title='bbox 451 3209 491 3297; x_wconf 89' lang='lat' dir='ltr'><strong>[p.</strong></span> <span class='ocrx_word' id='word_1_472' title='bbox 508 3210 582 3298; x_wconf 78' lang='lat'>148]</span> <span class='ocrx_word' id='word_1_473' title='bbox 606 3234 670 3277; x_wconf 93' lang='lat' dir='ltr'><strong>non</strong></span> <span class='ocrx_word' id='word_1_474' title='bbox 692 3223 807 3294; x_wconf 86' lang='lat' dir='ltr'><strong>potest,</strong></span> <span class='ocrx_word' id='word_1_475' title='bbox 830 3235 889 3278; x_wconf 90' lang='lat' dir='ltr'><strong>nec</strong></span> <span class='ocrx_word' id='word_1_476' title='bbox 908 3213 1002 3276; x_wconf 89' lang='lat' dir='ltr'><strong>alitor</strong></span> <span class='ocrx_word' id='word_1_477' title='bbox 1019 3212 1168 3287; x_wconf 90' lang='lat' dir='ltr'><strong>discerni,</strong></span> <span class='ocrx_word' id='word_1_478' title='bbox 1220 3219 1304 3287; x_wconf 90' lang='lat' dir='ltr'><strong>rant,</strong></span> <span class='ocrx_word' id='word_1_479' title='bbox 1326 3211 1450 3293; x_wconf 87' lang='lat' dir='ltr'><strong>hocque</strong></span> <span class='ocrx_word' id='word_1_480' title='bbox 1471 3213 1594 3294; x_wconf 88' lang='lat' dir='ltr'><strong>peccati</strong></span> <span class='ocrx_word' id='word_1_481' title='bbox 1614 3212 1687 3276; x_wconf 92' lang='lat' dir='ltr'><strong>odio</strong></span> <span class='ocrx_word' id='word_1_482' title='bbox 1709 3234 1747 3277; x_wconf 92' lang='lat' dir='ltr'><strong>ac</strong></span> <span class='ocrx_word' id='word_1_483' title='bbox 1769 3214 1819 3277; x_wconf 91' lang='lat' dir='ltr'><strong>sui</strong></span> <span class='ocrx_word' id='word_1_484' title='bbox 1841 3213 2041 3291; x_wconf 80' lang='lat' dir='ltr'><strong>confusione,</strong></span> <span class='ocrx_word' id='word_1_485' title='bbox 2064 3233 2196 3277; x_wconf 88' lang='lat' dir='ltr'><strong>carnem</strong></span> 
     </span>
     <span class='ocr_line' id='line_1_33' title="bbox 191 3297 2198 3380; baseline 0 -19"><span class='ocrx_word' id='word_1_486' title='bbox 191 3299 248 3379; x_wconf 91' lang='lat' dir='ltr'><strong>qui</strong></span> <span class='ocrx_word' id='word_1_487' title='bbox 270 3319 311 3362; x_wconf 82' lang='lat' dir='ltr'><strong>ex</strong></span> <span class='ocrx_word' id='word_1_488' title='bbox 332 3319 372 3362; x_wconf 90' lang='lat' dir='ltr'><strong>ea</strong></span> <span class='ocrx_word' id='word_1_489' title='bbox 393 3299 467 3374; x_wconf 91' lang='lat' dir='ltr'><strong>sint,</strong></span> <span class='ocrx_word' id='word_1_490' title='bbox 490 3308 547 3362; x_wconf 90' lang='lat' dir='ltr'><strong>aut</strong></span> <span class='ocrx_word' id='word_1_491' title='bbox 562 3299 680 3363; x_wconf 90' lang='lat' dir='ltr'><strong>minus.</strong></span> <span class='ocrx_word' id='word_1_492' title='bbox 714 3297 804 3378; x_wconf 80' lang='lat' dir='ltr'><strong>Quin</strong></span> <span class='ocrx_word' id='word_1_493' title='bbox 826 3301 934 3380; x_wconf 91' lang='lat' dir='ltr'><strong>potius</strong></span> <span class='ocrx_word' id='word_1_494' title='bbox 951 3298 1034 3362; x_wconf 92' lang='lat' dir='ltr'><strong>nihil</strong></span> <span class='ocrx_word' id='word_1_495' title='bbox 1050 3298 1169 3362; x_wconf 90' lang='lat' dir='ltr'><strong>horum</strong></span> <span class='ocrx_word' id='word_1_496' title='bbox 1220 3319 1314 3362; x_wconf 88' lang='lat' dir='ltr'><strong>suam</strong></span> <span class='ocrx_word' id='word_1_497' title='bbox 1336 3306 1369 3362; x_wconf 91' lang='lat' dir='ltr'><strong>et</strong></span> <span class='ocrx_word' id='word_1_498' title='bbox 1389 3297 1545 3380; x_wconf 92' lang='lat' dir='ltr'><strong>quidquid</strong></span> <span class='ocrx_word' id='word_1_499' title='bbox 1570 3319 1612 3362; x_wconf 89' lang='lat' dir='ltr'><strong>ex</strong></span> <span class='ocrx_word' id='word_1_500' title='bbox 1640 3319 1675 3362; x_wconf 91' lang='lat' dir='ltr'><strong>se</strong></span> <span class='ocrx_word' id='word_1_501' title='bbox 1702 3306 1752 3363; x_wconf 92' lang='lat' dir='ltr'><strong>est</strong></span> <span class='ocrx_word' id='word_1_502' title='bbox 1780 3299 1986 3364; x_wconf 89' lang='lat' dir='ltr'><strong>mortificant.</strong></span> <span class='ocrx_word' id='word_1_503' title='bbox 2030 3300 2138 3380; x_wconf 87' lang='lat' dir='ltr'><strong>Atque</strong></span> <span class='ocrx_word' id='word_1_504' title='bbox 2160 3304 2198 3361; x_wconf 93' lang='lat' dir='ltr'><strong>ut</strong></span> 
     </span>
     <span class='ocr_line' id='line_1_34' title="bbox 191 3380 2194 3468; baseline -0.001 -20"><span class='ocrx_word' id='word_1_505' title='bbox 191 3385 257 3448; x_wconf 87' lang='lat' dir='ltr'><strong>nisi</strong></span> <span class='ocrx_word' id='word_1_506' title='bbox 277 3383 351 3461; x_wconf 89' lang='lat' dir='ltr'><strong>fide,</strong></span> <span class='ocrx_word' id='word_1_507' title='bbox 374 3384 578 3466; x_wconf 79' lang='lat' dir='ltr'><strong>intelhgitur,</strong></span> <span class='ocrx_word' id='word_1_508' title='bbox 599 3384 685 3466; x_wconf 95' lang='lat' dir='ltr'><strong>quod</strong></span> <span class='ocrx_word' id='word_1_509' title='bbox 707 3386 814 3467; x_wconf 91' lang='lat' dir='ltr'><strong>ipsum</strong></span> <span class='ocrx_word' id='word_1_510' title='bbox 835 3386 1070 3468; x_wconf 81' lang='lat' dir='ltr'><strong>significamus,</strong></span> <span class='ocrx_word' id='word_1_511' title='bbox 1093 3406 1169 3449; x_wconf 90' lang='lat' dir='ltr'><strong>cum</strong></span> <span class='ocrx_word' id='word_1_512' title='bbox 1221 3383 1306 3448; x_wconf 86' lang='lat' dir='ltr'><strong>hanc</strong></span> <span class='ocrx_word' id='word_1_513' title='bbox 1338 3380 1571 3465; x_wconf 84' lang='lat' dir='ltr'><strong>poenitentiam</strong></span> <span class='ocrx_word' id='word_1_514' title='bbox 1599 3383 1728 3448; x_wconf 87' lang='lat' dir='ltr'><strong>assidue</strong></span> <span class='ocrx_word' id='word_1_515' title='bbox 1761 3383 1822 3467; x_wconf 91' lang='lat' dir='ltr'><strong>(sic</strong></span> <span class='ocrx_word' id='word_1_516' title='bbox 1852 3386 1939 3448; x_wconf 91' lang='lat' dir='ltr'><strong>enim</strong></span> <span class='ocrx_word' id='word_1_517' title='bbox 1964 3385 2104 3467; x_wconf 85' lang='lat' dir='ltr'><strong>oportet)</strong></span> <span class='ocrx_word' id='word_1_518' title='bbox 2137 3383 2194 3460; x_wconf 94' lang='lat' dir='ltr'><strong>illi,</strong></span> 
     </span>
     <span class='ocr_line' id='line_1_35' title="bbox 192 3468 2195 3553; baseline -0.001 -19"><span class='ocrx_word' id='word_1_519' title='bbox 192 3469 344 3535; x_wconf 89' lang='lat' dir='ltr'><strong>dicimus:</strong></span> <span class='ocrx_word' id='word_1_520' title='bbox 371 3491 430 3534; x_wconf 90' lang='lat' dir='ltr'><strong>nos</strong></span> <span class='ocrx_word' id='word_1_521' title='bbox 456 3471 562 3552; x_wconf 90' lang='lat' dir='ltr'><strong>ipsam</strong></span> <span class='ocrx_word' id='word_1_522' title='bbox 582 3469 722 3535; x_wconf 82' lang='lat' dir='ltr'><strong>credere.</strong></span> <span class='ocrx_word' id='word_1_523' title='bbox 767 3470 956 3535; x_wconf 84' lang='lat' dir='ltr'><strong>Credantur</strong></span> <span class='ocrx_word' id='word_1_524' title='bbox 975 3472 1065 3535; x_wconf 92' lang='lat' dir='ltr'><strong>enim</strong></span> <span class='ocrx_word' id='word_1_525' title='bbox 1085 3491 1168 3553; x_wconf 89' lang='lat' dir='ltr'><strong>quae</strong></span> <span class='ocrx_word' id='word_1_526' title='bbox 1219 3468 1376 3552; x_wconf 87' lang='lat' dir='ltr'><strong>quamdiu</strong></span> <span class='ocrx_word' id='word_1_527' title='bbox 1396 3471 1432 3532; x_wconf 92' lang='lat' dir='ltr'><strong>in</strong></span> <span class='ocrx_word' id='word_1_528' title='bbox 1454 3491 1583 3535; x_wconf 88' lang='lat' dir='ltr'><strong>carcere</strong></span> <span class='ocrx_word' id='word_1_529' title='bbox 1602 3470 1653 3535; x_wconf 89' lang='lat' dir='ltr'><strong>sui</strong></span> <span class='ocrx_word' id='word_1_530' title='bbox 1674 3470 1817 3552; x_wconf 90' lang='lat' dir='ltr'><strong>corporis</strong></span> <span class='ocrx_word' id='word_1_531' title='bbox 1839 3469 1971 3553; x_wconf 75' lang='lat' dir='ltr'><strong>degrmt,</strong></span> <span class='ocrx_word' id='word_1_532' title='bbox 1994 3490 2195 3550; x_wconf 90' lang='lat' dir='ltr'><strong>prosequun-</strong></span> 
     </span>
     <span class='ocr_line' id='line_1_36' title="bbox 189 3554 2197 3639; baseline -0.001 -20"><span class='ocrx_word' id='word_1_533' title='bbox 189 3556 356 3639; x_wconf 85' lang='lat' dir='ltr'><strong>praesenti</strong></span> <span class='ocrx_word' id='word_1_534' title='bbox 378 3555 470 3620; x_wconf 93' lang='lat' dir='ltr'><strong>oculo</strong></span> <span class='ocrx_word' id='word_1_535' title='bbox 491 3557 630 3638; x_wconf 87' lang='lat' dir='ltr'><strong>spectari</strong></span> <span class='ocrx_word' id='word_1_536' title='bbox 650 3564 824 3638; x_wconf 89' lang='lat' dir='ltr'><strong>nequeunt.</strong></span> <span class='ocrx_word' id='word_1_537' title='bbox 870 3555 944 3637; x_wconf 80' lang='lat' dir='ltr'><strong>Quo</strong></span> <span class='ocrx_word' id='word_1_538' title='bbox 964 3557 1099 3638; x_wconf 87' lang='lat' dir='ltr'><strong>planum</strong></span> <span class='ocrx_word' id='word_1_539' title='bbox 1120 3558 1167 3634; x_wconf 83' lang='lat' dir='ltr'><strong>fit,-</strong></span> <span class='ocrx_word' id='word_1_540' title='bbox 1219 3562 1283 3632; x_wconf 89' lang='lat' dir='ltr'><strong>tur,</strong></span> <span class='ocrx_word' id='word_1_541' title='bbox 1304 3555 1351 3619; x_wconf 89' lang='lat' dir='ltr'><strong>ita</strong></span> <span class='ocrx_word' id='word_1_542' title='bbox 1371 3555 1508 3621; x_wconf 91' lang='lat' dir='ltr'><strong>subinde</strong></span> <span class='ocrx_word' id='word_1_543' title='bbox 1530 3563 1627 3637; x_wconf 88' lang='lat' dir='ltr'><strong>atque</strong></span> <span class='ocrx_word' id='word_1_544' title='bbox 1643 3555 1772 3621; x_wconf 88' lang='lat' dir='ltr'><strong>assidue</strong></span> <span class='ocrx_word' id='word_1_545' title='bbox 1790 3555 1881 3619; x_wconf 91' lang='lat' dir='ltr'><strong>illam</strong></span> <span class='ocrx_word' id='word_1_546' title='bbox 1899 3556 2122 3619; x_wconf 90' lang='lat' dir='ltr'><strong>remissionem</strong></span> <span class='ocrx_word' id='word_1_547' title='bbox 2139 3554 2197 3618; x_wconf 88' lang='lat' dir='ltr'><strong>ob-</strong></span> 
     </span>
     <span class='ocr_line' id='line_1_37' title="bbox 189 3641 2195 3724; baseline -0.002 -17"><span class='ocrx_word' id='word_1_548' title='bbox 189 3663 258 3707; x_wconf 90' lang='lat' dir='ltr'><strong>non</strong></span> <span class='ocrx_word' id='word_1_549' title='bbox 279 3663 350 3705; x_wconf 90' lang='lat' dir='ltr'><strong>rem</strong></span> <span class='ocrx_word' id='word_1_550' title='bbox 371 3663 441 3706; x_wconf 88' lang='lat' dir='ltr'><strong>esse</strong></span> <span class='ocrx_word' id='word_1_551' title='bbox 463 3643 642 3719; x_wconf 87' lang='lat' dir='ltr'><strong>carnalem,</strong></span> <span class='ocrx_word' id='word_1_552' title='bbox 670 3663 753 3724; x_wconf 85' lang='lat' dir='ltr'><strong>quae</strong></span> <span class='ocrx_word' id='word_1_553' title='bbox 780 3643 928 3708; x_wconf 86' lang='lat' dir='ltr'><strong>sensibus</strong></span> <span class='ocrx_word' id='word_1_554' title='bbox 950 3644 1069 3706; x_wconf 87' lang='lat' dir='ltr'><strong>nostris</strong></span> <span class='ocrx_word' id='word_1_555' title='bbox 1092 3643 1168 3708; x_wconf 93' lang='lat' dir='ltr'><strong>sub-</strong></span> <span class='ocrx_word' id='word_1_556' title='bbox 1220 3642 1334 3706; x_wconf 86' lang='lat' dir='ltr'><strong>tinent</strong></span> <span class='ocrx_word' id='word_1_557' title='bbox 1378 3641 1454 3706; x_wconf 90' lang='lat' dir='ltr'><strong>Non</strong></span> <span class='ocrx_word' id='word_1_558' title='bbox 1475 3641 1561 3724; x_wconf 92' lang='lat' dir='ltr'><strong>quod</strong></span> <span class='ocrx_word' id='word_1_559' title='bbox 1587 3643 1636 3705; x_wconf 91' lang='grc' dir='ltr'><strong>ιιι</strong></span> <span class='ocrx_word' id='word_1_560' title='bbox 1662 3661 1775 3706; x_wconf 88' lang='lat' dir='ltr'><strong>oerum</strong></span> <span class='ocrx_word' id='word_1_561' title='bbox 1800 3641 2000 3723; x_wconf 86' lang='lat' dir='ltr'><strong>poenitentia</strong></span> <span class='ocrx_word' id='word_1_562' title='bbox 2020 3646 2195 3716; x_wconf 88' lang='lat' dir='ltr'><strong>mereatur,</strong></span> 
     </span>
     <span class='ocr_line' id='line_1_38' title="bbox 189 3725 2196 3809; baseline -0.001 -17"><span class='ocrx_word' id='word_1_563' title='bbox 189 3729 259 3805; x_wconf 91' lang='lat' dir='ltr'><strong>iici,</strong></span> <span class='ocrx_word' id='word_1_564' title='bbox 287 3734 345 3791; x_wconf 89' lang='lat' dir='ltr'><strong>aut</strong></span> <span class='ocrx_word' id='word_1_565' title='bbox 366 3734 454 3792; x_wconf 90' lang='lat' dir='ltr'><strong>certo</strong></span> <span class='ocrx_word' id='word_1_566' title='bbox 476 3729 580 3809; x_wconf 89' lang='lat' dir='ltr'><strong>spatio</strong></span> <span class='ocrx_word' id='word_1_567' title='bbox 608 3729 845 3806; x_wconf 88' lang='lat' dir='ltr'><strong>circumscribi,</strong></span> <span class='ocrx_word' id='word_1_568' title='bbox 874 3728 988 3793; x_wconf 90' lang='lat' dir='ltr'><strong>autin</strong></span> <span class='ocrx_word' id='word_1_569' title='bbox 1010 3728 1086 3793; x_wconf 91' lang='lat' dir='ltr'><strong>sede</strong></span> <span class='ocrx_word' id='word_1_570' title='bbox 1109 3728 1167 3793; x_wconf 88' lang='lat' dir='ltr'><strong>ali-</strong></span> <span class='ocrx_word' id='word_1_571' title='bbox 1220 3727 1278 3792; x_wconf 90' lang='lat' dir='ltr'><strong>sed</strong></span> <span class='ocrx_word' id='word_1_572' title='bbox 1299 3728 1408 3793; x_wconf 80' lang='lat' dir='ltr'><strong>visum</strong></span> <span class='ocrx_word' id='word_1_573' title='bbox 1429 3733 1479 3792; x_wconf 91' lang='lat' dir='ltr'><strong>est</strong></span> <span class='ocrx_word' id='word_1_574' title='bbox 1499 3728 1656 3805; x_wconf 90' lang='lat' dir='ltr'><strong>Domino,</strong></span> <span class='ocrx_word' id='word_1_575' title='bbox 1684 3749 1755 3793; x_wconf 90' lang='lat' dir='ltr'><strong>sese</strong></span> <span class='ocrx_word' id='word_1_576' title='bbox 1784 3726 1969 3791; x_wconf 90' lang='lat' dir='ltr'><strong>hominibus</strong></span> <span class='ocrx_word' id='word_1_577' title='bbox 1998 3725 2061 3791; x_wconf 91' lang='lat' dir='ltr'><strong>hoc</strong></span> <span class='ocrx_word' id='word_1_578' title='bbox 2082 3725 2196 3791; x_wconf 91' lang='lat' dir='ltr'><strong>ordine</strong></span> 
     </span>
     <span class='ocr_line' id='line_1_39' title="bbox 189 3812 2196 3896; baseline -0 -18"><span class='ocrx_word' id='word_1_579' title='bbox 189 3835 256 3896; x_wconf 92' lang='lat' dir='ltr'><strong>qua</strong></span> <span class='ocrx_word' id='word_1_580' title='bbox 276 3814 334 3896; x_wconf 86' lang='lat' dir='ltr'><strong>figi</strong></span> <span class='ocrx_word' id='word_1_581' title='bbox 355 3812 479 3877; x_wconf 86' lang='lat' dir='ltr'><strong>debeat</strong></span> <span class='ocrx_word' id='word_1_582' title='bbox 1220 3813 1389 3892; x_wconf 81' lang='lat' dir='ltr'><strong>exhibere3</strong></span> <span class='ocrx_word' id='word_1_583' title='bbox 1413 3822 1451 3878; x_wconf 92' lang='lat' dir='ltr'><strong>ut</strong></span> <span class='ocrx_word' id='word_1_584' title='bbox 1469 3835 1545 3878; x_wconf 91' lang='lat' dir='ltr'><strong>cum</strong></span> <span class='ocrx_word' id='word_1_585' title='bbox 1562 3834 1604 3877; x_wconf 85' lang='lat' dir='ltr'><strong>ex</strong></span> <span class='ocrx_word' id='word_1_586' title='bbox 1621 3834 1699 3878; x_wconf 90' lang='lat' dir='ltr'><strong>suae</strong></span> <span class='ocrx_word' id='word_1_587' title='bbox 1721 3814 1867 3895; x_wconf 91' lang='lat' dir='ltr'><strong>ipsorum</strong></span> <span class='ocrx_word' id='word_1_588' title='bbox 1883 3813 2085 3895; x_wconf 88' lang='lat' dir='ltr'><strong>paupertatis</strong></span> <span class='ocrx_word' id='word_1_589' title='bbox 2102 3812 2196 3896; x_wconf 81' lang='lat' dir='ltr'><strong>agni·</strong></span> 
     </span>
    </p>

    <p class='ocr_par' dir='ltr' id='par_1_6' title="bbox 186 3898 2196 5097">
     <span class='ocr_line' id='line_1_40' title="bbox 277 3898 2195 3978; baseline -0.002 -14"><span class='ocrx_word' id='word_1_590' title='bbox 277 3898 451 3964; x_wconf 89' lang='lat' dir='ltr'><strong>Credimus</strong></span> <span class='ocrx_word' id='word_1_591' title='bbox 478 3900 557 3964; x_wconf 91' lang='lat' dir='ltr'><strong>item</strong></span> <span class='ocrx_word' id='word_1_592' title='bbox 583 3900 842 3966; x_wconf 91' lang='lat' dir='ltr'><strong>communionem</strong></span> <span class='ocrx_word' id='word_1_593' title='bbox 874 3907 1076 3978; x_wconf 90' lang='lat' dir='ltr'><strong>sanctorum,</strong></span> <span class='ocrx_word' id='word_1_594' title='bbox 1106 3901 1168 3966; x_wconf 90' lang='lat' dir='ltr'><strong>hoo</strong></span> <span class='ocrx_word' id='word_1_595' title='bbox 1220 3900 1307 3963; x_wconf 88' lang='lat' dir='ltr'><strong>tione</strong></span> <span class='ocrx_word' id='word_1_596' title='bbox 1334 3920 1464 3963; x_wconf 93' lang='lat' dir='ltr'><strong>omnem</strong></span> <span class='ocrx_word' id='word_1_597' title='bbox 1495 3899 1617 3964; x_wconf 87' lang='lat' dir='ltr'><strong>fastum</strong></span> <span class='ocrx_word' id='word_1_598' title='bbox 1641 3899 1806 3976; x_wconf 88' lang='lat' dir='ltr'><strong>exuerint,</strong></span> <span class='ocrx_word' id='word_1_599' title='bbox 1841 3920 1876 3963; x_wconf 90' lang='lat' dir='ltr'><strong>se</strong></span> <span class='ocrx_word' id='word_1_600' title='bbox 1897 3905 1981 3963; x_wconf 89' lang='lat' dir='ltr'><strong>totos</strong></span> <span class='ocrx_word' id='word_1_601' title='bbox 2009 3898 2195 3977; x_wconf 86' lang='lat' dir='ltr'><strong>abiecerint,</strong></span> 
     </span>
     <span class='ocr_line' id='line_1_41' title="bbox 188 3983 2196 4068; baseline -0 -18"><span class='ocrx_word' id='word_1_602' title='bbox 188 3991 253 4050; x_wconf 90' lang='lat' dir='ltr'><strong>est:</strong></span> <span class='ocrx_word' id='word_1_603' title='bbox 282 3986 317 4048; x_wconf 92' lang='lat' dir='ltr'><strong>in</strong></span> <span class='ocrx_word' id='word_1_604' title='bbox 342 3984 479 4050; x_wconf 90' lang='lat' dir='ltr'><strong>ecclesia</strong></span> <span class='ocrx_word' id='word_1_605' title='bbox 504 3986 664 4051; x_wconf 90' lang='lat' dir='ltr'><strong>catholica</strong></span> <span class='ocrx_word' id='word_1_606' title='bbox 684 3986 794 4052; x_wconf 89' lang='lat' dir='ltr'><strong>electis</strong></span> <span class='ocrx_word' id='word_1_607' title='bbox 822 3987 985 4064; x_wconf 90' lang='lat' dir='ltr'><strong>omnibus,</strong></span> <span class='ocrx_word' id='word_1_608' title='bbox 1012 3988 1068 4068; x_wconf 91' lang='lat' dir='ltr'><strong>qui</strong></span> <span class='ocrx_word' id='word_1_609' title='bbox 1089 4009 1168 4052; x_wconf 79' lang='lat' dir='ltr'><strong>vera</strong></span> <span class='ocrx_word' id='word_1_610' title='bbox 1220 4005 1257 4049; x_wconf 89' lang='grc' dir='ltr'><strong>ιο</strong></span> <span class='ocrx_word' id='word_1_611' title='bbox 1285 3986 1346 4050; x_wconf 90' lang='lat' dir='ltr'><strong>sibi</strong></span> <span class='ocrx_word' id='word_1_612' title='bbox 1373 3984 1470 4067; x_wconf 87' lang='lat' dir='ltr'><strong>plane</strong></span> <span class='ocrx_word' id='word_1_613' title='bbox 1498 3985 1577 4067; x_wconf 91' lang='lat' dir='ltr'><strong>ipsis</strong></span> <span class='ocrx_word' id='word_1_614' title='bbox 1599 3984 1767 4062; x_wconf 84' lang='lat' dir='ltr'><strong>viluerint;</strong></span> <span class='ocrx_word' id='word_1_615' title='bbox 1795 3991 1866 4048; x_wconf 90' lang='lat' dir='ltr'><strong>tum</strong></span> <span class='ocrx_word' id='word_1_616' title='bbox 1893 3983 2024 4049; x_wconf 90' lang='lat' dir='ltr'><strong>demum</strong></span> <span class='ocrx_word' id='word_1_617' title='bbox 2052 3985 2196 4049; x_wconf 88' lang='lat' dir='ltr'><strong>suavita-</strong></span> 
     </span>
     <span class='ocr_line' id='line_1_42' title="bbox 187 4068 2194 4154; baseline -0.001 -18"><span class='ocrx_word' id='word_1_618' title='bbox 187 4071 300 4136; x_wconf 92' lang='lat' dir='ltr'><strong>Deum</strong></span> <span class='ocrx_word' id='word_1_619' title='bbox 331 4070 395 4136; x_wconf 91' lang='lat' dir='ltr'><strong>fido</strong></span> <span class='ocrx_word' id='word_1_620' title='bbox 428 4071 526 4136; x_wconf 88' lang='lat' dir='ltr'><strong>simul</strong></span> <span class='ocrx_word' id='word_1_621' title='bbox 557 4072 681 4151; x_wconf 89' lang='lat' dir='ltr'><strong>colunt,</strong></span> <span class='ocrx_word' id='word_1_622' title='bbox 720 4094 791 4137; x_wconf 90' lang='lat' dir='ltr'><strong>esse</strong></span> <span class='ocrx_word' id='word_1_623' title='bbox 828 4079 977 4136; x_wconf 87' lang='lat' dir='ltr'><strong>mutuam</strong></span> <span class='ocrx_word' id='word_1_624' title='bbox 1008 4073 1168 4137; x_wconf 91' lang='lat' dir='ltr'><strong>bonorum</strong></span> <span class='ocrx_word' id='word_1_625' title='bbox 1219 4077 1286 4135; x_wconf 88' lang='lat' dir='ltr'><strong>tem</strong></span> <span class='ocrx_word' id='word_1_626' title='bbox 1313 4068 1569 4148; x_wconf 89' lang='lat' dir='ltr'><strong>misericordiae,</strong></span> <span class='ocrx_word' id='word_1_627' title='bbox 1597 4091 1696 4152; x_wconf 88' lang='lat' dir='ltr'><strong>quam</strong></span> <span class='ocrx_word' id='word_1_628' title='bbox 1723 4068 1788 4135; x_wconf 92' lang='lat' dir='ltr'><strong>illis</strong></span> <span class='ocrx_word' id='word_1_629' title='bbox 1817 4070 1852 4133; x_wconf 92' lang='lat' dir='ltr'><strong>in</strong></span> <span class='ocrx_word' id='word_1_630' title='bbox 1874 4068 2006 4136; x_wconf 88' lang='lat' dir='ltr'><strong>Christo</strong></span> <span class='ocrx_word' id='word_1_631' title='bbox 2035 4071 2194 4154; x_wconf 88' lang='lat' dir='ltr'><strong>proponit,</strong></span> 
     </span>
     <span class='ocr_line' id='line_1_43' title="bbox 188 4157 2195 4240; baseline -0.002 -17"><span class='ocrx_word' id='word_1_632' title='bbox 188 4158 337 4223; x_wconf 91' lang='lat' dir='ltr'><strong>omnium</strong></span> <span class='ocrx_word' id='word_1_633' title='bbox 353 4159 679 4223; x_wconf 87' lang='lat' dir='ltr'><strong>communicationem</strong></span> <span class='ocrx_word' id='word_1_634' title='bbox 699 4179 737 4223; x_wconf 89' lang='lat' dir='ltr'><strong>ac</strong></span> <span class='ocrx_word' id='word_1_635' title='bbox 759 4159 1047 4240; x_wconf 89' lang='lat' dir='ltr'><strong>participationem.</strong></span> <span class='ocrx_word' id='word_1_636' title='bbox 1091 4157 1166 4239; x_wconf 79' lang='lat' dir='ltr'><strong>Quo</strong></span> <span class='ocrx_word' id='word_1_637' title='bbox 1218 4162 1351 4239; x_wconf 85' lang='lat' dir='ltr'><strong>gustare</strong></span> <span class='ocrx_word' id='word_1_638' title='bbox 1367 4157 1533 4238; x_wconf 89' lang='lat' dir='ltr'><strong>incipiant,</strong></span> <span class='ocrx_word' id='word_1_639' title='bbox 1553 4177 1619 4239; x_wconf 88' lang='lat' dir='ltr'><strong>qua</strong></span> <span class='ocrx_word' id='word_1_640' title='bbox 1635 4162 1797 4239; x_wconf 83' lang='lat' dir='ltr'><strong>percepta,</strong></span> <span class='ocrx_word' id='word_1_641' title='bbox 1819 4157 1989 4238; x_wconf 86' lang='lat' dir='ltr'><strong>respirent,</strong></span> <span class='ocrx_word' id='word_1_642' title='bbox 2011 4178 2049 4222; x_wconf 86' lang='lat' dir='ltr'><strong>ac</strong></span> <span class='ocrx_word' id='word_1_643' title='bbox 2066 4178 2102 4221; x_wconf 91' lang='lat' dir='ltr'><strong>se</strong></span> <span class='ocrx_word' id='word_1_644' title='bbox 2119 4177 2195 4221; x_wconf 92' lang='lat' dir='ltr'><strong>con·</strong></span> 
     </span>
     <span class='ocr_line' id='line_1_44' title="bbox 188 4240 2194 4328; baseline 0 -21"><span class='ocrx_word' id='word_1_645' title='bbox 188 4263 256 4307; x_wconf 93' lang='lat' dir='ltr'><strong>non</strong></span> <span class='ocrx_word' id='word_1_646' title='bbox 278 4250 427 4325; x_wconf 83' lang='lat' dir='ltr'><strong>negatm,</strong></span> <span class='ocrx_word' id='word_1_647' title='bbox 451 4245 530 4325; x_wconf 92' lang='lat' dir='ltr'><strong>quin</strong></span> <span class='ocrx_word' id='word_1_648' title='bbox 550 4244 698 4308; x_wconf 85' lang='lat' dir='ltr'><strong>divorsae</strong></span> <span class='ocrx_word' id='word_1_649' title='bbox 720 4245 787 4308; x_wconf 87' lang='lat' dir='ltr'><strong>sint</strong></span> <span class='ocrx_word' id='word_1_650' title='bbox 807 4243 945 4327; x_wconf 82' lang='lat' dir='ltr'><strong>singulis</strong></span> <span class='ocrx_word' id='word_1_651' title='bbox 967 4245 1092 4326; x_wconf 81' lang='lat' dir='ltr'><strong>gratiae</strong></span> <span class='ocrx_word' id='word_1_652' title='bbox 1115 4244 1168 4328; x_wconf 94' lang='lat' dir='ltr'><strong>(ut</strong></span> <span class='ocrx_word' id='word_1_653' title='bbox 1218 4241 1372 4320; x_wconf 91' lang='lat' dir='ltr'><strong>solentur,</strong></span> <span class='ocrx_word' id='word_1_654' title='bbox 1395 4258 1508 4309; x_wconf 86' lang='lat' dir='ltr'><strong>secure</strong></span> <span class='ocrx_word' id='word_1_655' title='bbox 1529 4242 1591 4307; x_wconf 93' lang='lat' dir='ltr'><strong>sibi</strong></span> <span class='ocrx_word' id='word_1_656' title='bbox 1617 4242 1652 4306; x_wconf 95' lang='lat' dir='ltr'><strong>in</strong></span> <span class='ocrx_word' id='word_1_657' title='bbox 1669 4240 1802 4306; x_wconf 83' lang='lat' dir='ltr'><strong>Christo</strong></span> <span class='ocrx_word' id='word_1_658' title='bbox 1823 4243 2049 4324; x_wconf 80' lang='lat' dir='ltr'><strong>promittentes</strong></span> <span class='ocrx_word' id='word_1_659' title='bbox 2066 4250 2100 4306; x_wconf 86' lang='lat' dir='ltr'><strong>et</strong></span> <span class='ocrx_word' id='word_1_660' title='bbox 2119 4262 2194 4324; x_wconf 89' lang='lat' dir='ltr'><strong>pec·</strong></span> 
     </span>
     <span class='ocr_line' id='line_1_45' title="bbox 187 4328 2192 4411; baseline -0.001 -17"><span class='ocrx_word' id='word_1_661' title='bbox 187 4329 314 4395; x_wconf 89' lang='lat' dir='ltr'><strong>Paulus</strong></span> <span class='ocrx_word' id='word_1_662' title='bbox 336 4328 441 4393; x_wconf 85' lang='lat' dir='ltr'><strong>divisa</strong></span> <span class='ocrx_word' id='word_1_663' title='bbox 463 4351 533 4394; x_wconf 90' lang='lat' dir='ltr'><strong>osse</strong></span> <span class='ocrx_word' id='word_1_664' title='bbox 551 4329 636 4393; x_wconf 88' lang='lat' dir='ltr'><strong>dona</strong></span> <span class='ocrx_word' id='word_1_665' title='bbox 656 4330 805 4411; x_wconf 87' lang='lat' dir='ltr'><strong>spiritus,</strong></span> <span class='ocrx_word' id='word_1_666' title='bbox 827 4336 861 4394; x_wconf 90' lang='lat' dir='ltr'><strong>et</strong></span> <span class='ocrx_word' id='word_1_667' title='bbox 880 4331 972 4395; x_wconf 80' lang='lat' dir='ltr'><strong>varie</strong></span> <span class='ocrx_word' id='word_1_668' title='bbox 993 4329 1167 4395; x_wconf 89' lang='lat' dir='ltr'><strong>distributa</strong></span> <span class='ocrx_word' id='word_1_669' title='bbox 1217 4336 1365 4393; x_wconf 85' lang='lat' dir='ltr'><strong>catorum</strong></span> <span class='ocrx_word' id='word_1_670' title='bbox 1385 4328 1609 4393; x_wconf 91' lang='lat' dir='ltr'><strong>remissionem</strong></span> <span class='ocrx_word' id='word_1_671' title='bbox 1630 4335 1664 4392; x_wconf 90' lang='lat' dir='ltr'><strong>et</strong></span> <span class='ocrx_word' id='word_1_672' title='bbox 1690 4329 1819 4393; x_wconf 84' lang='lat' dir='ltr'><strong>beatam</strong></span> <span class='ocrx_word' id='word_1_673' title='bbox 1843 4328 1991 4392; x_wconf 86' lang='lat' dir='ltr'><strong>salutem.</strong></span> <span class='ocrx_word' id='word_1_674' title='bbox 2035 4329 2192 4405; x_wconf 89' lang='lat' dir='ltr'><strong>Rursum,</strong></span> 
     </span>
     <span class='ocr_line' id='line_1_46' title="bbox 188 4413 2192 4499; baseline -0.001 -20"><span class='ocrx_word' id='word_1_675' title='bbox 188 4414 297 4499; x_wconf 86' lang='lat' dir='ltr'><strong>docet)</strong></span> <span class='ocrx_word' id='word_1_676' title='bbox 320 4415 352 4497; x_wconf 92' lang='lat' dir='ltr'><strong>(l</strong></span> <span class='ocrx_word' id='word_1_677' title='bbox 375 4413 449 4479; x_wconf 89' lang='lat' dir='ltr'><strong>Cor.</strong></span> <span class='ocrx_word' id='word_1_678' title='bbox 472 4414 535 4498; x_wconf 82' lang='lat'><strong>12),</strong></span> <span class='ocrx_word' id='word_1_679' title='bbox 557 4436 624 4479; x_wconf 94' lang='lat' dir='ltr'><strong>non</strong></span> <span class='ocrx_word' id='word_1_680' title='bbox 641 4416 721 4497; x_wconf 92' lang='lat' dir='ltr'><strong>quin</strong></span> <span class='ocrx_word' id='word_1_681' title='bbox 737 4424 824 4481; x_wconf 88' lang='lat' dir='ltr'><strong>recte</strong></span> <span class='ocrx_word' id='word_1_682' title='bbox 845 4423 942 4497; x_wconf 86' lang='lat' dir='ltr'><strong>atque</strong></span> <span class='ocrx_word' id='word_1_683' title='bbox 961 4415 1073 4481; x_wconf 90' lang='lat' dir='ltr'><strong>ordine</strong></span> <span class='ocrx_word' id='word_1_684' title='bbox 1091 4436 1166 4498; x_wconf 90' lang='lat' dir='ltr'><strong>pro-</strong></span> <span class='ocrx_word' id='word_1_685' title='bbox 1217 4416 1273 4497; x_wconf 94' lang='lat' dir='ltr'><strong>qui</strong></span> <span class='ocrx_word' id='word_1_686' title='bbox 1300 4414 1352 4479; x_wconf 93' lang='lat' dir='ltr'><strong>his</strong></span> <span class='ocrx_word' id='word_1_687' title='bbox 1381 4413 1536 4498; x_wconf 77' lang='lat' dir='ltr'><strong>gradibus</strong></span> <span class='ocrx_word' id='word_1_688' title='bbox 1563 4414 1606 4479; x_wconf 92' lang='lat' dir='ltr'><strong>ad</strong></span> <span class='ocrx_word' id='word_1_689' title='bbox 1631 4414 1741 4478; x_wconf 92' lang='lat' dir='ltr'><strong>Deum</strong></span> <span class='ocrx_word' id='word_1_690' title='bbox 1768 4435 1835 4478; x_wconf 94' lang='lat' dir='ltr'><strong>non</strong></span> <span class='ocrx_word' id='word_1_691' title='bbox 1858 4413 2073 4488; x_wconf 89' lang='lat' dir='ltr'><strong>contendunt,</strong></span> <span class='ocrx_word' id='word_1_692' title='bbox 2105 4434 2192 4476; x_wconf 91' lang='lat' dir='ltr'><strong>nun-</strong></span> 
     </span>
     <span class='ocr_line' id='line_1_47' title="bbox 188 4498 2191 4584; baseline -0 -20"><span class='ocrx_word' id='word_1_693' title='bbox 188 4502 299 4583; x_wconf 92' lang='lat' dir='ltr'><strong>prium</strong></span> <span class='ocrx_word' id='word_1_694' title='bbox 321 4501 443 4583; x_wconf 80' lang='lat' dir='ltr'><strong>singuli</strong></span> <span class='ocrx_word' id='word_1_695' title='bbox 463 4508 604 4578; x_wconf 87' lang='lat' dir='ltr'><strong>teneant,</strong></span> <span class='ocrx_word' id='word_1_696' title='bbox 627 4501 713 4583; x_wconf 93' lang='lat' dir='ltr'><strong>quod</strong></span> <span class='ocrx_word' id='word_1_697' title='bbox 730 4523 772 4565; x_wconf 81' lang='lat' dir='ltr'><strong>ex</strong></span> <span class='ocrx_word' id='word_1_698' title='bbox 790 4501 922 4583; x_wconf 89' lang='lat' dir='ltr'><strong>politica</strong></span> <span class='ocrx_word' id='word_1_699' title='bbox 938 4502 1165 4567; x_wconf 88' lang='lat' dir='ltr'><strong>constitutione</strong></span> <span class='ocrx_word' id='word_1_700' title='bbox 1217 4521 1315 4584; x_wconf 89' lang='lat' dir='ltr'><strong>quam</strong></span> <span class='ocrx_word' id='word_1_701' title='bbox 1333 4500 1427 4578; x_wconf 84' lang='lat' dir='ltr'><strong>hanc,</strong></span> <span class='ocrx_word' id='word_1_702' title='bbox 1448 4520 1532 4582; x_wconf 89' lang='lat' dir='ltr'><strong>quae</strong></span> <span class='ocrx_word' id='word_1_703' title='bbox 1550 4501 1664 4565; x_wconf 89' lang='lat' dir='ltr'><strong>salutis</strong></span> <span class='ocrx_word' id='word_1_704' title='bbox 1680 4498 1779 4566; x_wconf 87' lang='lat' dir='ltr'><strong>cardo</strong></span> <span class='ocrx_word' id='word_1_705' title='bbox 1796 4508 1854 4579; x_wconf 75' lang='lat' dir='ltr'><strong>est,</strong></span> <span class='ocrx_word' id='word_1_706' title='bbox 1878 4501 2099 4564; x_wconf 90' lang='lat' dir='ltr'><strong>remissionem</strong></span> <span class='ocrx_word' id='word_1_707' title='bbox 2116 4518 2191 4579; x_wconf 91' lang='lat' dir='ltr'><strong>pec-</strong></span> 
     </span>
     <span class='ocr_line' id='line_1_48' title="bbox 187 4584 2193 4671; baseline -0.001 -20"><span class='ocrx_word' id='word_1_708' title='bbox 187 4586 356 4669; x_wconf 90' lang='lat' dir='ltr'><strong>possident</strong></span> <span class='ocrx_word' id='word_1_709' title='bbox 378 4586 430 4671; x_wconf 89' lang='lat' dir='ltr'><strong>(ut</strong></span> <span class='ocrx_word' id='word_1_710' title='bbox 445 4608 577 4651; x_wconf 89' lang='lat' dir='ltr'><strong>necesse</strong></span> <span class='ocrx_word' id='word_1_711' title='bbox 595 4594 645 4651; x_wconf 91' lang='lat' dir='ltr'><strong>est</strong></span> <span class='ocrx_word' id='word_1_712' title='bbox 662 4586 721 4651; x_wconf 94' lang='lat' dir='ltr'><strong>sub</strong></span> <span class='ocrx_word' id='word_1_713' title='bbox 740 4587 908 4652; x_wconf 90' lang='lat' dir='ltr'><strong>elementis</strong></span> <span class='ocrx_word' id='word_1_714' title='bbox 926 4587 1024 4653; x_wconf 88' lang='lat' dir='ltr'><strong>huius</strong></span> <span class='ocrx_word' id='word_1_715' title='bbox 1040 4586 1164 4666; x_wconf 88' lang='lat' dir='ltr'><strong>mundi,</strong></span> <span class='ocrx_word' id='word_1_716' title='bbox 1217 4595 1364 4652; x_wconf 89' lang='lat' dir='ltr'><strong>catorum</strong></span> <span class='ocrx_word' id='word_1_717' title='bbox 1391 4593 1608 4668; x_wconf 89' lang='lat' dir='ltr'><strong>assequuntur</strong></span> <span class='ocrx_word' id='word_1_718' title='bbox 1636 4585 1731 4671; x_wconf 85' lang='lat' dir='ltr'><strong>(Luc.</strong></span> <span class='ocrx_word' id='word_1_719' title='bbox 1759 4584 1822 4669; x_wconf 86' lang='grc'><strong>16),</strong></span> <span class='ocrx_word' id='word_1_720' title='bbox 1871 4585 2022 4650; x_wconf 90' lang='lat' dir='ltr'><strong>Polleant</strong></span> <span class='ocrx_word' id='word_1_721' title='bbox 2043 4584 2193 4665; x_wconf 85' lang='lat' dir='ltr'><strong>quamvis</strong></span> 
     </span>
     <span class='ocr_line' id='line_1_49' title="bbox 187 4669 2192 4757; baseline -0.002 -19"><span class='ocrx_word' id='word_1_722' title='bbox 187 4675 276 4738; x_wconf 81' lang='lat' dir='ltr'><strong>inter</strong></span> <span class='ocrx_word' id='word_1_723' title='bbox 297 4672 446 4737; x_wconf 92' lang='lat' dir='ltr'><strong>homines</strong></span> <span class='ocrx_word' id='word_1_724' title='bbox 467 4671 636 4737; x_wconf 87' lang='lat' dir='ltr'><strong>distinctas</strong></span> <span class='ocrx_word' id='word_1_725' title='bbox 658 4694 728 4738; x_wconf 92' lang='lat' dir='ltr'><strong>esse</strong></span> <span class='ocrx_word' id='word_1_726' title='bbox 750 4672 997 4757; x_wconf 90' lang='lat' dir='ltr'><strong>possessiones);</strong></span> <span class='ocrx_word' id='word_1_727' title='bbox 1021 4672 1079 4737; x_wconf 89' lang='lat' dir='ltr'><strong>sed</strong></span> <span class='ocrx_word' id='word_1_728' title='bbox 1100 4673 1165 4738; x_wconf 91' lang='lat' dir='ltr'><strong>huc</strong></span> <span class='ocrx_word' id='word_1_729' title='bbox 1217 4671 1388 4754; x_wconf 90' lang='lat' dir='ltr'><strong>splendida</strong></span> <span class='ocrx_word' id='word_1_730' title='bbox 1413 4692 1549 4754; x_wconf 87' lang='lat' dir='ltr'><strong>operum</strong></span> <span class='ocrx_word' id='word_1_731' title='bbox 1573 4672 1830 4755; x_wconf 77' lang='lat' dir='ltr'><strong>magnificentia,</strong></span> <span class='ocrx_word' id='word_1_732' title='bbox 1861 4672 1960 4735; x_wconf 88' lang='lat' dir='ltr'><strong>etiam</strong></span> <span class='ocrx_word' id='word_1_733' title='bbox 1983 4669 2025 4734; x_wconf 92' lang='lat' dir='ltr'><strong>ad</strong></span> <span class='ocrx_word' id='word_1_734' title='bbox 2050 4670 2192 4734; x_wconf 90' lang='lat' dir='ltr'><strong>miracu-</strong></span> 
     </span>
     <span class='ocr_line' id='line_1_50' title="bbox 188 4756 2193 4842; baseline -0 -20"><span class='ocrx_word' id='word_1_735' title='bbox 188 4765 315 4842; x_wconf 86' lang='lat' dir='ltr'><strong>spectat</strong></span> <span class='ocrx_word' id='word_1_736' title='bbox 335 4757 482 4822; x_wconf 90' lang='lat' dir='ltr'><strong>fidelium</strong></span> <span class='ocrx_word' id='word_1_737' title='bbox 503 4759 728 4837; x_wconf 89' lang='lat' dir='ltr'><strong>communitas,</strong></span> <span class='ocrx_word' id='word_1_738' title='bbox 747 4758 833 4840; x_wconf 91' lang='lat' dir='ltr'><strong>quod</strong></span> <span class='ocrx_word' id='word_1_739' title='bbox 853 4760 962 4823; x_wconf 89' lang='lat' dir='ltr'><strong>omnia</strong></span> <span class='ocrx_word' id='word_1_740' title='bbox 979 4758 1165 4824; x_wconf 90' lang='lat' dir='ltr'><strong>huiusmodi</strong></span> <span class='ocrx_word' id='word_1_741' title='bbox 1216 4757 1286 4823; x_wconf 90' lang='lat' dir='ltr'><strong>lum</strong></span> <span class='ocrx_word' id='word_1_742' title='bbox 1311 4778 1429 4840; x_wconf 90' lang='lat' dir='ltr'><strong>usquc;</strong></span> <span class='ocrx_word' id='word_1_743' title='bbox 1454 4759 1565 4822; x_wconf 90' lang='lat' dir='ltr'><strong>omnia</strong></span> <span class='ocrx_word' id='word_1_744' title='bbox 1588 4763 1699 4822; x_wconf 86' lang='lat' dir='ltr'><strong>tamen</strong></span> <span class='ocrx_word' id='word_1_745' title='bbox 1728 4778 1841 4823; x_wconf 89' lang='lat' dir='ltr'><strong>eorum</strong></span> <span class='ocrx_word' id='word_1_746' title='bbox 1862 4757 1962 4834; x_wconf 90' lang='lat' dir='ltr'><strong>diota,</strong></span> <span class='ocrx_word' id='word_1_747' title='bbox 1984 4756 2081 4832; x_wconf 84' lang='lat' dir='ltr'><strong>facta,</strong></span> <span class='ocrx_word' id='word_1_748' title='bbox 2105 4757 2193 4839; x_wconf 82' lang='lat' dir='ltr'><strong>cogi·</strong></span> 
     </span>
     <span class='ocr_line' id='line_1_51' title="bbox 186 4843 2194 4928; baseline -0.002 -17"><span class='ocrx_word' id='word_1_749' title='bbox 186 4845 275 4911; x_wconf 88' lang='lat' dir='ltr'><strong>bona</strong></span> <span class='ocrx_word' id='word_1_750' title='bbox 296 4852 367 4908; x_wconf 90' lang='lat' dir='ltr'><strong>tum</strong></span> <span class='ocrx_word' id='word_1_751' title='bbox 393 4845 527 4926; x_wconf 89' lang='lat' dir='ltr'><strong>spiritus</strong></span> <span class='ocrx_word' id='word_1_752' title='bbox 554 4852 625 4908; x_wconf 91' lang='lat' dir='ltr'><strong>tum</strong></span> <span class='ocrx_word' id='word_1_753' title='bbox 651 4845 810 4926; x_wconf 88' lang='lat' dir='ltr'><strong>corporis,</strong></span> <span class='ocrx_word' id='word_1_754' title='bbox 839 4851 999 4926; x_wconf 87' lang='lat' dir='ltr'><strong>quatenus</strong></span> <span class='ocrx_word' id='word_1_755' title='bbox 1025 4866 1165 4928; x_wconf 89' lang='lat' dir='ltr'><strong>aequum</strong></span> <span class='ocrx_word' id='word_1_756' title='bbox 1217 4850 1285 4909; x_wconf 85' lang='lat' dir='ltr'><strong>tata</strong></span> <span class='ocrx_word' id='word_1_757' title='bbox 1305 4843 1399 4911; x_wconf 90' lang='lat' dir='ltr'><strong>Deus</strong></span> <span class='ocrx_word' id='word_1_758' title='bbox 1419 4843 1638 4921; x_wconf 85' lang='lat' dir='ltr'><strong>abominatur,</strong></span> <span class='ocrx_word' id='word_1_759' title='bbox 1661 4865 1699 4907; x_wconf 91' lang='lat' dir='ltr'><strong>eo</strong></span> <span class='ocrx_word' id='word_1_760' title='bbox 1720 4845 1818 4908; x_wconf 87' lang='lat' dir='ltr'><strong>etiam</strong></span> <span class='ocrx_word' id='word_1_761' title='bbox 1840 4843 1959 4924; x_wconf 82' lang='lat' dir='ltr'><strong>magis,</strong></span> <span class='ocrx_word' id='word_1_762' title='bbox 1985 4862 2049 4923; x_wconf 91' lang='lat' dir='ltr'><strong>quo</strong></span> <span class='ocrx_word' id='word_1_763' title='bbox 2070 4843 2194 4908; x_wconf 91' lang='lat' dir='ltr'><strong>maiore</strong></span> 
     </span>
     <span class='ocr_line' id='line_1_52' title="bbox 188 4927 2192 5014; baseline -0.002 -17"><span class='ocrx_word' id='word_1_764' title='bbox 188 4938 240 4997; x_wconf 90' lang='lat' dir='ltr'><strong>est</strong></span> <span class='ocrx_word' id='word_1_765' title='bbox 259 4937 481 5012; x_wconf 88' lang='lat' dir='ltr'><strong>quantumque</strong></span> <span class='ocrx_word' id='word_1_766' title='bbox 507 4952 586 4994; x_wconf 91' lang='lat' dir='ltr'><strong>usus</strong></span> <span class='ocrx_word' id='word_1_767' title='bbox 612 4930 769 5013; x_wconf 88' lang='lat' dir='ltr'><strong>postulat,</strong></span> <span class='ocrx_word' id='word_1_768' title='bbox 796 4931 937 5014; x_wconf 80' lang='lat' dir='ltr'><strong>benigne</strong></span> <span class='ocrx_word' id='word_1_769' title='bbox 964 4939 1083 5014; x_wconf 92' lang='lat' dir='ltr'><strong>etqua</strong></span> <span class='ocrx_word' id='word_1_770' title='bbox 1109 4930 1165 4995; x_wconf 90' lang='lat' dir='ltr'><strong>de-</strong></span> <span class='ocrx_word' id='word_1_771' title='bbox 1217 4929 1399 4994; x_wconf 90' lang='lat' dir='ltr'><strong>sanctitatis</strong></span> <span class='ocrx_word' id='word_1_772' title='bbox 1436 4929 1543 5010; x_wconf 92' lang='lat' dir='ltr'><strong>specie</strong></span> <span class='ocrx_word' id='word_1_773' title='bbox 1579 4929 1728 4994; x_wconf 91' lang='lat' dir='ltr'><strong>homines</strong></span> <span class='ocrx_word' id='word_1_774' title='bbox 1766 4927 1897 5005; x_wconf 79' lang='lat' dir='ltr'><strong>fallunt,</strong></span> <span class='ocrx_word' id='word_1_775' title='bbox 1938 4948 2076 5009; x_wconf 89' lang='lat' dir='ltr'><strong>quorum</strong></span> <span class='ocrx_word' id='word_1_776' title='bbox 2108 4928 2192 4993; x_wconf 90' lang='lat' dir='ltr'><strong>oculi</strong></span> 
     </span>
     <span class='ocr_line' id='line_1_53' title="bbox 188 5013 2191 5097; baseline -0.002 -15"><span class='ocrx_word' id='word_1_777' title='bbox 188 5017 267 5083; x_wconf 89' lang='lat' dir='ltr'><strong>bent</strong></span> <span class='ocrx_word' id='word_1_778' title='bbox 288 5017 433 5093; x_wconf 87' lang='lat' dir='ltr'><strong>caritate,</strong></span> <span class='ocrx_word' id='word_1_779' title='bbox 456 5017 542 5080; x_wconf 90' lang='lat' dir='ltr'><strong>inter</strong></span> <span class='ocrx_word' id='word_1_780' title='bbox 563 5037 598 5080; x_wconf 90' lang='lat' dir='ltr'><strong>se</strong></span> <span class='ocrx_word' id='word_1_781' title='bbox 620 5017 868 5082; x_wconf 83' lang='lat' dir='ltr'><strong>communicant</strong></span> <span class='ocrx_word' id='word_1_782' title='bbox 1217 5015 1308 5080; x_wconf 90' lang='lat' dir='ltr'><strong>inani</strong></span> <span class='ocrx_word' id='word_1_783' title='bbox 1337 5013 1393 5078; x_wconf 91' lang='lat' dir='ltr'><strong>illo</strong></span> <span class='ocrx_word' id='word_1_784' title='bbox 1419 5035 1555 5096; x_wconf 91' lang='lat' dir='ltr'><strong>operum</strong></span> <span class='ocrx_word' id='word_1_785' title='bbox 1587 5014 1758 5097; x_wconf 87' lang='lat' dir='ltr'><strong>splendore</strong></span> <span class='ocrx_word' id='word_1_786' title='bbox 1790 5033 1886 5094; x_wconf 85' lang='lat' dir='ltr'><strong>saepe</strong></span> <span class='ocrx_word' id='word_1_787' title='bbox 1917 5014 2191 5096; x_wconf 76' lang='lat' dir='ltr'><strong>perstringtmtur.</strong></span> 
     </span>
    </p>

    <p class='ocr_par' dir='ltr' id='par_1_7' title="bbox 188 5098 2193 5444">
     <span class='ocr_line' id='line_1_54' title="bbox 274 5098 2193 5187; baseline 0 -22"><span class='ocrx_word' id='word_1_788' title='bbox 274 5102 321 5166; x_wconf 88' lang='lat' dir='ltr'><strong>Et</strong></span> <span class='ocrx_word' id='word_1_789' title='bbox 343 5123 421 5165; x_wconf 90' lang='lat' dir='ltr'><strong>sane</strong></span> <span class='ocrx_word' id='word_1_790' title='bbox 443 5101 598 5183; x_wconf 89' lang='lat' dir='ltr'><strong>quidquid</strong></span> <span class='ocrx_word' id='word_1_791' title='bbox 620 5101 779 5167; x_wconf 91' lang='lat' dir='ltr'><strong>donorum</strong></span> <span class='ocrx_word' id='word_1_792' title='bbox 797 5103 862 5167; x_wconf 92' lang='lat' dir='ltr'><strong>Dei</strong></span> <span class='ocrx_word' id='word_1_793' title='bbox 878 5103 937 5166; x_wconf 91' lang='lat' dir='ltr'><strong>uni</strong></span> <span class='ocrx_word' id='word_1_794' title='bbox 953 5102 1077 5185; x_wconf 84' lang='lat' dir='ltr'><strong>obtigit,</strong></span> <span class='ocrx_word' id='word_1_795' title='bbox 1096 5102 1166 5169; x_wconf 88' lang='lat' dir='ltr'><strong>eius</strong></span> <span class='ocrx_word' id='word_1_796' title='bbox 1320 5126 1347 5178; x_wconf 86' lang='lat' dir='ltr'><strong>p.</strong></span> <span class='ocrx_word' id='word_1_797' title='bbox 1370 5098 1444 5187; x_wconf 83' lang='lat'>151]</span> <span class='ocrx_word' id='word_1_798' title='bbox 1474 5099 1646 5165; x_wconf 89' lang='lat' dir='ltr'><strong>Credimus</strong></span> <span class='ocrx_word' id='word_1_799' title='bbox 1678 5100 1785 5164; x_wconf 89' lang='lat' dir='ltr'><strong>carnis</strong></span> <span class='ocrx_word' id='word_1_800' title='bbox 1817 5099 2101 5177; x_wconf 89' lang='lat' dir='ltr'><strong>resurrectionem,</strong></span> <span class='ocrx_word' id='word_1_801' title='bbox 2131 5099 2193 5165; x_wconf 93' lang='lat' dir='ltr'><strong>hcc</strong></span> 
     </span>
     <span class='ocr_line' id='line_1_55' title="bbox 188 5184 2193 5270; baseline -0.002 -15"><span class='ocrx_word' id='word_1_802' title='bbox 188 5209 304 5255; x_wconf 88' lang='lat' dir='ltr'><strong>omnes</strong></span> <span class='ocrx_word' id='word_1_803' title='bbox 323 5208 402 5254; x_wconf 82' lang='lat' dir='ltr'><strong>vere</strong></span> <span class='ocrx_word' id='word_1_804' title='bbox 427 5190 512 5252; x_wconf 89' lang='lat' dir='ltr'><strong>fiunt</strong></span> <span class='ocrx_word' id='word_1_805' title='bbox 538 5188 727 5270; x_wconf 88' lang='lat' dir='ltr'><strong>participes,</strong></span> <span class='ocrx_word' id='word_1_806' title='bbox 754 5189 886 5254; x_wconf 84' lang='lat' dir='ltr'><strong>tametsi</strong></span> <span class='ocrx_word' id='word_1_807' title='bbox 905 5188 970 5253; x_wconf 92' lang='lat' dir='ltr'><strong>Dei</strong></span> <span class='ocrx_word' id='word_1_808' title='bbox 998 5187 1166 5270; x_wconf 84' lang='lat' dir='ltr'><strong>dispensa·</strong></span> <span class='ocrx_word' id='word_1_809' title='bbox 1218 5192 1282 5252; x_wconf 88' lang='lat' dir='ltr'><strong>est:</strong></span> <span class='ocrx_word' id='word_1_810' title='bbox 1345 5191 1471 5265; x_wconf 86' lang='lat' dir='ltr'><strong>tunnn,</strong></span> <span class='ocrx_word' id='word_1_811' title='bbox 1499 5193 1538 5251; x_wconf 88' lang='lat' dir='ltr'><strong>ut</strong></span> <span class='ocrx_word' id='word_1_812' title='bbox 1554 5186 1674 5253; x_wconf 73' lang='lat' dir='ltr'><strong>,omnia</strong></span> <span class='ocrx_word' id='word_1_813' title='bbox 1700 5184 1870 5248; x_wconf 90' lang='lat' dir='ltr'><strong>hominum</strong></span> <span class='ocrx_word' id='word_1_814' title='bbox 1896 5204 2032 5267; x_wconf 87' lang='lat' dir='ltr'><strong>corpora</strong></span> <span class='ocrx_word' id='word_1_815' title='bbox 2059 5205 2101 5248; x_wconf 85' lang='lat' dir='ltr'><strong>ex</strong></span> <span class='ocrx_word' id='word_1_816' title='bbox 2122 5205 2193 5251; x_wconf 92' lang='lat' dir='ltr'><strong>cor-</strong></span> 
     </span>
     <span class='ocr_line' id='line_1_56' title="bbox 188 5269 2193 5359; baseline -0.003 -17"><span class='ocrx_word' id='word_1_817' title='bbox 188 5275 278 5341; x_wconf 86' lang='lat' dir='ltr'><strong>tione</strong></span> <span class='ocrx_word' id='word_1_818' title='bbox 299 5272 334 5338; x_wconf 93' lang='lat' dir='ltr'><strong>id</strong></span> <span class='ocrx_word' id='word_1_819' title='bbox 355 5274 414 5338; x_wconf 90' lang='lat' dir='ltr'><strong>uni</strong></span> <span class='ocrx_word' id='word_1_820' title='bbox 433 5273 641 5356; x_wconf 88' lang='lat' dir='ltr'><strong>peculiariter</strong></span> <span class='ocrx_word' id='word_1_821' title='bbox 662 5272 776 5339; x_wconf 87' lang='lat' dir='ltr'><strong>datum</strong></span> <span class='ocrx_word' id='word_1_822' title='bbox 797 5282 944 5354; x_wconf 78' lang='lat' dir='ltr'><strong>estnon</strong></span> <span class='ocrx_word' id='word_1_823' title='bbox 966 5272 1039 5340; x_wconf 84' lang='lat' dir='ltr'><strong>eliis</strong></span> <span class='ocrx_word' id='word_1_824' title='bbox 1054 5270 1165 5359; x_wconf 86' lang='lat' dir='ltr'><strong>(Rom.</strong></span> <span class='ocrx_word' id='word_1_825' title='bbox 1218 5271 1369 5355; x_wconf 83' lang='lat' dir='ltr'><strong>mptione</strong></span> <span class='ocrx_word' id='word_1_826' title='bbox 1394 5271 1430 5337; x_wconf 93' lang='lat' dir='ltr'><strong>in</strong></span> <span class='ocrx_word' id='word_1_827' title='bbox 1455 5270 1745 5353; x_wconf 88' lang='lat' dir='ltr'><strong>incorruptionem,</strong></span> <span class='ocrx_word' id='word_1_828' title='bbox 1772 5290 1815 5334; x_wconf 86' lang='lat' dir='ltr'><strong>ex</strong></span> <span class='ocrx_word' id='word_1_829' title='bbox 1839 5269 2037 5334; x_wconf 85' lang='lat' dir='ltr'><strong>mortalitate</strong></span> <span class='ocrx_word' id='word_1_830' title='bbox 2063 5270 2101 5334; x_wconf 93' lang='lat' dir='ltr'><strong>in</strong></span> <span class='ocrx_word' id='word_1_831' title='bbox 2130 5271 2193 5335; x_wconf 91' lang='lat' dir='ltr'><strong>im·</strong></span> 
     </span>
     <span class='ocr_line' id='line_1_57' title="bbox 191 5353 2192 5444; baseline -0.001 -18"><span class='ocrx_word' id='word_1_832' title='bbox 191 5364 242 5426; x_wconf 84' lang='lat'><strong>12.</strong></span> <span class='ocrx_word' id='word_1_833' title='bbox 268 5365 283 5424; x_wconf 95' lang='lat' dir='ltr'><strong>l</strong></span> <span class='ocrx_word' id='word_1_834' title='bbox 304 5359 379 5425; x_wconf 92' lang='lat' dir='ltr'><strong>Cor.</strong></span> <span class='ocrx_word' id='word_1_835' title='bbox 401 5360 470 5444; x_wconf 84' lang='lat'>12);</span> <span class='ocrx_word' id='word_1_836' title='bbox 489 5357 762 5441; x_wconf 85' lang='lat' dir='ltr'><strong>quemadmodum</strong></span> <span class='ocrx_word' id='word_1_837' title='bbox 781 5360 880 5426; x_wconf 87' lang='lat' dir='ltr'><strong>unius</strong></span> <span class='ocrx_word' id='word_1_838' title='bbox 899 5359 1043 5442; x_wconf 87' lang='lat' dir='ltr'><strong>corporis</strong></span> <span class='ocrx_word' id='word_1_839' title='bbox 1063 5380 1167 5425; x_wconf 90' lang='lat' dir='ltr'><strong>mem·</strong></span> <span class='ocrx_word' id='word_1_840' title='bbox 1217 5356 1459 5437; x_wconf 77' lang='lat' dir='ltr'><strong>mortalitatem,</strong></span> <span class='ocrx_word' id='word_1_841' title='bbox 1482 5354 1583 5422; x_wconf 90' lang='lat' dir='ltr'><strong>semel</strong></span> <span class='ocrx_word' id='word_1_842' title='bbox 1599 5355 1796 5421; x_wconf 84' lang='lat' dir='ltr'><strong>suscitentur</strong></span> <span class='ocrx_word' id='word_1_843' title='bbox 1817 5354 1850 5439; x_wconf 92' lang='grc'><strong>(1</strong></span> <span class='ocrx_word' id='word_1_844' title='bbox 1864 5353 1946 5421; x_wconf 86' lang='lat' dir='ltr'><strong>Cor.</strong></span> <span class='ocrx_word' id='word_1_845' title='bbox 1967 5359 2015 5420; x_wconf 86' lang='lat' dir='ltr'><strong>lb.</strong></span> <span class='ocrx_word' id='word_1_846' title='bbox 2042 5359 2056 5418; x_wconf 96' lang='lat' dir='ltr'><strong>l</strong></span> <span class='ocrx_word' id='word_1_847' title='bbox 2077 5355 2192 5423; x_wconf 75' lang='lat' dir='ltr'><strong>mess</strong></span> 
     </span>
    </p>
   </div>
   <div class='ocr_carea' id='block_1_5' title="bbox 0 0 2390 6022">
    <p class='ocr_par' dir='ltr' id='par_1_8' title="bbox 0 0 2390 6022">
     <span class='ocr_line' id='line_1_58' title="bbox 0 0 2390 6022; baseline 0 0"><span class='ocrx_word' id='word_1_848' title='bbox 0 0 2390 6022; x_wconf 95' lang='lat' dir='ltr'><strong> </strong></span> 
     </span>
    </p>
   </div>
  </div>
 </body>
</html>
