4732 6030
226 319 267 380 es
870 291 1135 379 maurusio
1157 314 1261 379 auu.
1285 311 1465 380 euulsa.
1492 317 1582 379 1536.
2189 313 2232 377 ee

224 524 284 569 nos
311 525 423 568 servos
452 524 522 567 esee
551 523 589 567 ac
614 501 699 567 filios
721 503 785 567 Dei
808 509 965 569 testemur
977 509 1021 567 et
1046 504 1199 584 profitea-
1223 505 1226 529 ¹
1251 524 1314 585 quo
1337 510 1446 566 autem
1468 524 1579 568 rerum
1601 503 1693 585 eopia
1715 502 1808 568 nobis
1827 503 1949 579 affluat,
1972 502 2072 566 etiam
2092 501 2150 565 ubi
2171 523 2231 566 ex-

224 611 313 668 mur,
349 590 419 654 eius
451 587 566 653 honori
598 586 700 671 (quod
721 587 851 653 domino
877 589 1026 671 patrique
1048 586 1199 671 debetur)
1250 588 1339 671 pleta
1366 588 1489 653 firerint
1516 589 1635 654 horrea
1661 595 1695 652 et
1720 587 1819 671 plena
1845 587 1992 666 cellaria,
2025 607 2154 668 semper
2180 595 2232 653 ta-

224 681 383 758 quantum
410 675 445 737 in
472 673 565 738 nobis
592 682 655 752 est,
684 675 871 739 servientes.
916 675 1032 757 Itaque
1061 675 1116 757 qui
1137 673 1199 738 hoo
1252 695 1328 740 men
1350 694 1471 756 panem
1496 674 1723 756 quotidianum
1750 695 1811 738 nos
1837 681 1949 756 petere
1971 673 2139 752 convenit;
2167 673 2231 741 hoc

225 761 343 826 affeetu
365 781 406 825 ae,
431 758 538 824 studio
564 759 804 841 promovendae
825 761 890 825 D'ei
912 760 1034 843 gloriae
1055 780 1123 824 non
1143 781 1200 842 pe-
1252 761 1441 842 cogitantes,
1464 781 1597 824 omnem
1618 760 1836 825 substantiam
1857 759 1941 824 nihil
1963 780 2043 838 esse,
2066 760 2131 824 nisi
2148 779 2230 841 qua

225 853 311 923 tunt,
340 851 379 908 ut
404 866 524 910 nomen
549 844 615 909 Dei
640 846 874 925 sanctificetur,
903 854 942 911 ut
969 867 1109 930 mgnum
1130 846 1200 910 eius
1253 853 1363 923 tenus,
1395 845 1499 910 effirsa
1526 867 1586 910 sua
1607 844 1845 924 benedictione,
1874 846 2038 911 Dominus
2059 853 2232 928 prosperat

224 929 386 1008 adveniat,
409 937 448 995 ut
468 933 527 995 fiat
549 930 701 996 voluntas
723 932 807 1010 eius,
835 933 859 995 ii
881 953 986 1015 neque
1008 932 1094 996 inter
1115 931 1199 996 filios
1253 939 1286 996 et
1304 930 1491 1010 foecundat,
1520 938 1553 995 et
1573 951 1657 1013 quae
1679 933 1715 996 in
1741 953 1844 996 manu
1866 938 1978 997 nostra
1999 939 2062 1009 est,
2090 953 2134 996 ne
2156 953 2231 997 eam

223 1022 257 1081 et
279 1038 390 1102 servos
411 1018 476 1082 Dei
493 1016 636 1081 habendi
653 1024 745 1095 sunt;
768 1040 806 1084 ao
827 1017 1102 1101 quemadmodum
1119 1017 1200 1082 haec
1252 1016 1384 1100 quidem
1405 1024 1552 1082 nostram
1574 1038 1653 1096 esse,
1676 1018 1741 1083 nisi
1762 1025 1924 1099 quatenus
1942 1019 1978 1082 in
2000 1016 2148 1099 singulas
2170 1016 2231 1083 ho-

224 1102 334 1168 omnia
355 1102 420 1167 illis
441 1103 553 1168 invitis
572 1103 667 1181 fient,
689 1103 736 1168 ita
756 1104 794 1168 in
814 1104 1038 1169 confusionem
1060 1103 1125 1168 illis
1148 1124 1199 1168 oe-
1253 1124 1306 1183 ras
1328 1102 1569 1185 portiunculam
1603 1103 1698 1168 nohis
1725 1103 1879 1186 largitur,
1908 1124 2068 1186 usumque
2094 1103 2231 1185 permit·

224 1187 304 1253 dent
324 1211 362 1253 ae
383 1188 548 1256 iudicium.
1253 1189 1299 1252 tit.
1351 1186 1418 1269 Qui
1445 1209 1523 1254 vero
1547 1210 1633 1271 pane
1659 1188 1847 1272 quotidiano
1878 1209 1947 1253 non
1979 1188 2138 1271 contenti,
2173 1187 2232 1254 sed
2336 1240 2346 1259 ,

245 1311 246 1314 ¹
1252 1274 1368 1339 effrem
1389 1273 1580 1356 eupiditate,
1603 1275 1741 1340 infinitis
1762 1274 1943 1353 inhiantes,
1966 1281 2024 1339 aut
2044 1275 2102 1356 qui
2125 1274 2232 1339 abun-

1252 1358 1365 1425 dantia
1386 1381 1447 1425 sua
1468 1361 1571 1424 saturi
1598 1366 1631 1425 et
1650 1359 1840 1426 divitiarum
1868 1381 2004 1425 suarum
2025 1359 2155 1425 cumulo
2178 1381 2229 1425 se-

610 1409 810 1493 QUARTA·
1252 1447 1336 1523 curi,
1364 1445 1427 1511 hae
1454 1445 1667 1510 nihilominus
1691 1443 1731 1532 [p.
1752 1443 1826 1531 188]
1845 1445 2031 1529 precatione
2051 1445 2123 1511 Deo
2151 1466 2230 1530 sup-

309 1549 402 1615 Haec
424 1571 466 1613 ex
487 1549 620 1632 reliquis
647 1550 752 1615 tribus
776 1551 898 1633 prima,
921 1551 1038 1633 quihus
1058 1550 1200 1633 peculia-
1251 1531 1389 1614 Plissstssh
1417 1531 1626 1631 nihildum
1652 1532 1761 1614 ipsum
1785 1531 1932 1631 1114in
1982 1532 2115 1598 Pfi⁰r⁰⁸
2141 1531 2233 1630 Opim

224 1636 304 1700 riter
325 1656 408 1718 quae
438 1635 473 1697 in
496 1656 567 1699 rem
586 1642 734 1700 nostram
753 1644 843 1716 sunt,
873 1658 911 1702 ac
932 1644 1063 1701 nostrae
1088 1658 1200 1701 neees-
1252 1625 1377 1717 Psslllssl,
1400 1616 1487 1701 q¹¹⁰d
1508 1625 1719 1699 mpetratum
1740 1617 1874 1695 ¹1011ss11h
1889 1639 1963 1717 ‘uno
1980 1616 2066 1701 (111οᾶ
2086 1637 2233 1682 mmm

224 1721 313 1786 „itaq
335 1728 539 1799 summm,
566 1742 586 1785 a
606 1721 678 1786 Deo
699 1723 871 1805 pomus,
1253 1704 1497 1769 abommantur:
1520 1724 1647 1786 nempe,
1666 1723 1788 1786 panem
1808 1702 2035 1786 quotrdranum
2052 1701 2232 1784 duntaxat;

1253 1797 1476 1872 quantumque
1505 1795 1657 1870 possunt,
1688 1790 1843 1855 avaritiae
1871 1794 1949 1854 suae
1977 1790 2130 1877 affectum
2154 1788 2232 1855 Deo

224 1863 389 1946 Panem
426 1873 620 1946 nostrum
658 1864 951 1974 quotidianum
988 1864 1044 1946 da
1080 1864 1200 1946 nobis
1254 1874 1476 1951 dissimulant,
1505 1896 1580 1939 oum
1600 1875 1802 1940 remoratio
1824 1875 2053 1958 totemipsam
2073 1880 2230 1955 montem,
2287 1925 2290 1929 .

644 1984 769 2067 hodie
1253 1967 1286 2025 et
1312 1959 1468 2043 quidquid
1495 1961 1586 2024 intus
1612 1959 1707 2038 latet,
1736 1960 1824 2043 apud
1848 1961 1957 2044 ipsum
1982 1959 2150 2026 effimdere
2172 1958 2232 2026 de-

772 2048 781 2067 '
1253 2047 1335 2111 beat.
1370 2045 1477 2110 Alteri
1497 2067 1575 2110 vero
1592 2045 1768 2128 postulant,
1791 2045 1878 2129 quod
1896 2048 2032 2113 minime
2054 2046 2095 2112 ab
2116 2067 2154 2111 eo
2172 2067 2231 2112 ex·

313 2129 353 2217 [p.
374 2130 448 2282 1863
468 2131 544 2212 Qua
570 2134 607 2197 in
628 2155 747 2218 genere
769 2133 892 2212 omnia,
920 2134 1036 2215 quibus
1058 2134 1200 2215 corporis
1251 2138 1396 2214 pectant:
1418 2152 1545 2213 nempe,
1567 2130 1654 2215 quod
1676 2133 1737 2197 sibi
1759 2131 1847 2216 apud
1868 2154 1903 2197 se
1925 2153 1996 2198 esse
2018 2132 2230 2197 arbitrantur.

225 2240 304 2284 usus
325 2219 386 2283 sub
407 2220 577 2284 cementis
598 2218 696 2284 huius
717 2218 832 2284 mundi
853 2218 987 2303 indiget,
1011 2241 1032 2283 a
1049 2220 1122 2284 Deo
1143 2240 1200 2302 pe·
1252 2217 1294 2280 In
1317 2236 1354 2282 eo
1376 2215 1462 2300 quod
1483 2223 1594 2282 noster
1616 2216 1743 2297 dicitur,
1765 2219 1871 2302 magis
1892 2217 2000 2284 adhuc
2022 2218 2146 2283 eminet
2165 2217 2232 2284 Dei

224 2305 337 2381 timus,
360 2325 428 2369 non
448 2304 544 2369 modo
566 2326 629 2387 quo
656 2306 784 2370 alamur
805 2327 842 2376 ao
865 2306 1056 2384 vestiamur,
1085 2326 1201 2370 verum
1252 2304 1447 2388 benignitas,
1470 2324 1552 2385 quae
1574 2310 1725 2368 nostrum
1741 2305 1828 2383 facit,
1851 2304 1936 2387 quod
1954 2302 2048 2369 nobis
2066 2301 2160 2368 nulla
2177 2325 2231 2371 ra·

225 2391 324 2456 etiam
345 2389 503 2473 quidquid
524 2392 655 2455 omnino
677 2390 769 2456 nobis
791 2390 970 2457 conducere
988 2392 1057 2473 ipse
1075 2391 1200 2473 prospi-
1252 2390 1340 2453 tione
1368 2388 1546 2453 debebatur
1568 2389 1680 2472 (Dent.
1701 2387 1745 2474 8).
1798 2388 1896 2471 Quod
1923 2390 1994 2455 dari
2021 2388 2115 2455 nobis
2147 2391 2231 2473 peti-

225 2476 285 2554 cit,
313 2482 351 2539 nt
379 2496 498 2558 panem
524 2484 674 2542 nostmrm
701 2477 737 2541 in
762 2498 842 2559 paee
863 2476 1079 2542 comedamus.
1125 2474 1201 2557 Qua
1253 2496 1336 2553 mus,
1360 2475 1565 2558 significatur
1586 2496 1656 2552 esse
1674 2476 1736 2539 sim
1758 2475 1813 2540 lex
1835 2497 1872 2541 ac
1890 2476 2072 2560 grabritum
2089 2474 2156 2540 Dei
2173 2474 2230 2551 do·

225 2561 369 2627 breviter
394 2584 453 2627 nos
479 2562 516 2626 in
542 2563 612 2628 eius
640 2584 754 2628 euram
780 2561 941 2627 tradimus
963 2584 1001 2627 ae
1026 2561 1200 2646 providen-
1253 2582 1342 2639 num,
1365 2560 1582 2643 undecunque
1600 2561 1693 2626 nobis
1754 2561 1873 2638 veniat,
1896 2562 1996 2627 etiam
2012 2561 2069 2626 uhi
2087 2560 2232 2627 maxime

226 2647 291 2711 tiae
309 2648 549 2725 committimus,
567 2656 605 2712 ut
621 2669 682 2713 nos
699 2656 819 2731 pascat,
837 2649 955 2727 foveat,
975 2655 1091 2713 servet.
1123 2648 1199 2711 Non
1253 2647 1343 2712 visus
1365 2647 1464 2710 fuerit
1485 2653 1554 2711 arte
1572 2654 1669 2729 atque
1686 2646 1848 2713 industria
1865 2656 1978 2713 nostra
1995 2647 2170 2730 quaesitus,
2193 2668 2233 2714 ae

226 2733 316 2797 enim
342 2731 539 2818 dedignatur
564 2735 705 2817 optimus
731 2741 839 2816 pater,
868 2755 985 2816 corpus
1011 2734 1110 2799 etiam
1142 2755 1200 2798 no·
1253 2733 1405 2798 manibus
1427 2734 1547 2798 nostris
1570 2739 1784 2815 comparatus.

227 2826 332 2884 strum
352 2818 388 2882 in
409 2818 509 2885 fidem
530 2842 568 2885 ac
589 2819 770 2886 custodiam
791 2841 886 2884 suam
907 2820 1079 2901 suscipere,
1103 2827 1140 2883 ut
1160 2820 1200 2883 fi-

226 2902 301 2969 dem
323 2913 470 2969 nostram
491 2907 627 2971 minutis
652 2906 724 2971 istis
749 2906 786 2969 in
809 2906 906 2971 rebus
927 2913 1092 2983 exerceat,
1120 2904 1201 2969 dum

226 2991 267 3055 ab
299 3011 337 3054 eo
369 2992 492 3068 omnia,
526 3013 628 3073 usque
662 2990 704 3056 ad
734 2992 853 3057 micam
885 2992 981 3074 panis
1011 2999 1044 3056 et
1072 2996 1200 3075 guttam
1646 2988 1830 3071 quatra

226 3096 329 3158 aquae
351 3083 569 3158 expectamus.
602 3076 690 3141 Nam
712 3099 788 3143 cum
808 3079 852 3143 sit
872 3077 981 3142 neseio
1002 3098 1068 3159 qua
1088 3084 1201 3141 nostra
1388 3129 1392 3136 .

225 3161 396 3260 iniqmtate
419 3169 655 3261 comparatum,
686 3171 723 3227 ut
743 3163 859 3227 maiori
880 3164 988 3228 carnis
1008 3184 1107 3246 quam
1129 3162 1200 3260 anij
1254 3149 1444 3232 Remitte
1482 3150 1602 3233 nobis
1649 3149 1793 3232 debita
1830 3162 1993 3257 nostra,
2040 3151 2150 3234 sieut
2187 3160 2234 3235 eb

224 3245 1080 3412 mgqggssfflpqfflffingsse,qffiugq
1093 3248 1202 3398 iffi
1314 3299 1391 3352 nos
1422 3269 1678 3353 remisimus
1709 3270 1971 3355 debitoribus
2001 3269 2171 3356 nosces.
2214 3258 2217 3265 “

223 3353 267 3483 ds
283 3439 382 3485 carne
405 3418 546 3497 sollieiti;
570 3419 677 3485 adhue
697 3420 870 3497 haesitant,
893 3419 971 3502 quid
993 3419 1100 3498 edant,
1123 3418 1201 3502 quid
1340 3417 1416 3498 Qua
1444 3425 1651 3502 peecatorum
1683 3421 1908 3486 remissionem
1935 3420 2113 3486 condonari
2138 3420 2233 3486 nohis

225 3505 423 3582 vestiantur,
445 3513 478 3570 et
500 3506 562 3570 nisi
585 3528 663 3588 prae
684 3507 836 3571 manibus
863 3504 1007 3570 habeant
1026 3506 1110 3584 vini,
1132 3504 1201 3569 fru-
1254 3506 1409 3587 petimus,
1438 3505 1605 3583 omnibus,
1635 3506 1705 3570 sine
1727 3505 1795 3570 ulla
1816 3507 2020 3588 exceptione,
2044 3506 2233 3572 hominibus

224 3591 328 3655 menti
361 3598 394 3654 ot
420 3591 482 3656 olei
503 3592 643 3675 copiam,
666 3591 838 3674 trepidant
885 3592 990 3656 'Panto
1018 3592 1122 3673 pluris
1143 3612 1202 3655 no·
1254 3592 1472 3656 necessariam
1499 3589 1608 3675 (Rom.
1634 3591 1677 3674 3).
1734 3592 1781 3656 Et
1807 3598 1939 3674 peecata
1967 3591 2075 3657 debita
2103 3614 2234 3658 nuncu·

225 3675 275 3739 bis
295 3684 345 3739 est
366 3676 464 3742 huius
491 3684 739 3743 momentaneae
760 3678 847 3743 vitae
868 3677 998 3756 umbra,
1027 3698 1127 3759 quam
1148 3700 1202 3742 ee-
1254 3698 1385 3759 pomus,
1414 3675 1501 3759 quod
1527 3697 1641 3740 eorum
1666 3697 1806 3760 poenam
1826 3679 1898 3743 Deo
1926 3699 1986 3744 ceu
2011 3678 2158 3760 pretium·
2176 3677 2233 3743 de·

224 3764 322 3824 terna
342 3761 399 3825 illa
419 3764 655 3830 immortalitas.
685 3763 752 3844 Qui
773 3784 852 3829 vero
872 3763 1089 3842 Deobonfisi,
1112 3762 1203 3827 illam
1256 3763 1384 3841 bemus,
1420 3783 1480 3827 noc
1509 3762 1694 3827 satisfacere
1724 3762 1791 3826 ullo
1823 3762 1919 3827 modo
1950 3785 2133 3845 possemus,
2167 3764 2234 3829 nisi

172 3896 177 3905 .
227 3844 267 3909 de
289 3847 396 3911 carnis
418 3869 497 3913 cura
520 3850 719 3915 anxietatem
746 3849 846 3915 semel
874 3849 1075 3928 abiecerunt,
1105 3849 1204 3913 simul
1255 3849 1317 3913 hae
1349 3848 1539 3912 remissione
1569 3847 1797 3913 liberaremur:
1853 3869 1915 3913 uae
1947 3850 2044 3915 venia
2076 3855 2127 3915 est
2155 3870 2233 3933 gra-

226 3932 338 3996 statim
365 3953 448 4014 quae
473 3936 597 4000 maiora
624 3944 714 4014 sunt,
748 3937 848 4001 etiam
875 3935 1015 4001 salutem
1041 3943 1075 3999 et
1101 3935 1204 4001 vitam
1255 3934 1338 3999 tuito
1358 3932 1597 3999 misericordiae
1619 3934 1689 3998 eius
1713 3931 1753 4032 [p.
1778 3870 1852 4020 isal
1870 3955 1946 3999 cum
1965 3936 2034 4017 ipse
2053 3933 2234 4000 liberaliter

228 4013 271 4103 [p.
293 4013 366 4102 187]
391 4025 567 4099 aeternam,
590 4021 631 4086 ah
653 4043 691 4086 eo
713 4028 895 4105 expectant
934 4021 1010 4086 Non
1032 4041 1110 4104 ergo
1130 4022 1203 4086 leve
1255 4020 1336 4085 haee
1363 4018 1472 4084 debita
1499 4020 1673 4103 expungit,
1701 4021 1805 4102 iisque
1833 4041 1893 4085 nos
1920 4021 2031 4097 solvit,
2060 4019 2191 4084 nullum
2213 4041 2234 4087 a

226 4109 277 4169 est
300 4101 377 4167 fidei
398 4105 603 4181 exercitium,
633 4128 672 4171 ea
699 4106 740 4172 de
761 4108 833 4172 Deo
861 4127 992 4190 sperare
1019 4127 1102 4188 qnae
1124 4107 1202 4171 alio·
1255 4106 1348 4170 nobis
1367 4105 1510 4186 pretium
1532 4105 1707 4186 accipiens,
1728 4105 1786 4170 sed
1807 4128 1868 4170 sna
1888 4107 1991 4188 ipsius
2010 4105 2234 4173 misericordia

225 4189 283 4272 qui
303 4209 363 4253 nos
385 4194 554 4270 tantopere
577 4192 691 4256 anxios
714 4192 845 4271 habent,
868 4213 974 4273 neque
991 4211 1110 4273 parum
1128 4213 1202 4273 pro-
1255 4191 1317 4256 sibi
1343 4191 1545 4256 satisfaciens
1571 4191 1607 4254 in
1629 4189 1777 4269 Christo,
1806 4192 1862 4274 qui
1890 4214 1925 4256 se
1950 4191 2054 4259 semel
2081 4190 2169 4274 patri
2195 4193 2233 4256 in

224 4275 346 4341 fectum
367 4280 425 4351 est,
448 4275 504 4338 ubi
525 4275 620 4353 hanc,
643 4298 726 4360 quae
746 4279 784 4341 in
804 4277 952 4342 omnium
972 4295 1077 4358 paene
1098 4277 1203 4341 homi-
1254 4276 1552 4359 compensationem
1572 4275 1714 4341 tradidit
1759 4277 1875 4359 Itaque
1896 4278 1952 4361 qui
1981 4278 2049 4343 suis
2071 4284 2129 4342 aut
2151 4276 2232 4343 alio·

226 4382 307 4425 num
328 4360 454 4426 ossibus
475 4362 639 4428 mordicus
660 4362 782 4441 haeret,
805 4361 1031 4427 infidelitatem
1052 4362 1203 4427 exuimus
1255 4384 1330 4426 rum
1356 4361 1482 4427 meritis
1508 4362 1580 4426 Deo
1608 4363 1758 4428 satisfieri
1780 4363 1963 4442 confidunt,
1993 4363 2109 4447 hisque
2134 4363 2232 4429 satis-

226 4444 425 4532 (Mettus).
470 4446 585 4529 Itaque
613 4469 633 4512 a
660 4455 753 4530 patre
780 4454 891 4513 nostro
918 4448 1061 4530 petimus
1082 4467 1202 4531 panem
1254 4447 1447 4513 factionibus
1472 4453 1679 4530 peccatorum
1705 4449 1929 4514 remissionem
1956 4449 2088 4531 pensari
2111 4470 2149 4514 ae
2179 4469 2231 4514 re-

226 4540 385 4598 nostrum
1254 4532 1342 4612 dimi,
1366 4533 1443 4599 huie
1465 4533 1626 4617 gmtiritae
1648 4533 1876 4599 condonationi
1895 4536 2031 4599 minime
2049 4534 2232 4600 communi·

311 4618 415 4683 Porro
437 4617 524 4702 quod
545 4618 771 4702 quotidianum
792 4629 825 4684 et
843 4619 940 4685 hodie
962 4619 1115 4696 dicimus,
1145 4617 1201 4682 do·
1254 4628 1344 4698 eant;
1367 4640 1405 4687 ac
1423 4618 1502 4684 dum
1519 4619 1555 4682 in
1572 4618 1659 4684 hane
1675 4620 1815 4684 formam
1831 4621 1941 4685 Deum
1958 4621 2122 4698 invocant,
2145 4618 2233 4684 nihil

225 4724 345 4784 cemur,
369 4726 413 4770 ne
433 4704 606 4771 immodice
626 4706 793 4770 fluxarum
818 4706 957 4771 istarum
978 4725 1090 4771 rerum
1111 4704 1201 4785 cupi·
1254 4704 1343 4769 alind
1364 4726 1464 4787 quam
1491 4705 1527 4769 in
1556 4720 1650 4770 suam
1672 4706 1912 4770 accusationem
1941 4706 2163 4783 subscribunt,
2193 4727 2233 4773 ac

225 4788 326 4853 ditate
347 4789 534 4869 ardeamus,
562 4812 644 4874 quas
671 4798 784 4875 postea
805 4793 974 4858 ambitiose
995 4793 1031 4856 in
1052 4788 1202 4872 volupta·
1254 4789 1497 4855 damnationem
1514 4791 1697 4874 obsignant,
1716 4812 1775 4855 suo
1791 4792 1938 4873 ipsorum
1958 4791 2159 4871 testimonio;
2181 4791 2232 4857 fa·

223 4881 300 4953 tem,
324 4876 360 4939 in
376 4878 635 4957 ostentationem,
659 4885 717 4943 aut
733 4877 832 4943 aliam
848 4877 947 4943 luxus
969 4877 1109 4960 speciem
1126 4896 1200 4959 pro-
1254 4883 1366 4940 tentur
1387 4877 1533 4942 enimse
1556 4875 1729 4956 debitores,
1759 4878 1823 4943 nisi
1844 4878 2043 4943 remissionis
2071 4877 2231 4943 beneficio

224 4960 409 5027 frmdamus.
461 4960 530 5028 Sed
563 4962 741 5046 petendum
766 4961 929 5029 duntaxat
954 4968 1116 5046 quantum
1143 4983 1200 5026 ne-
1254 4962 1437 5040 solvantur,
1472 4982 1571 5044 quam
1595 4971 1707 5027 tamen
1736 4984 1804 5027 non
1832 4965 2009 5046 accipiunt,
2039 4962 2097 5028 md
2205 4963 2211 4976 '

226 5047 368 5112 cessitati
395 5054 525 5115 nostrae
553 5051 631 5116 satis
658 5057 708 5115 est
735 5059 768 5116 et
793 5050 886 5115 velut
918 5050 955 5113 in
982 5047 1077 5112 diem
1127 5047 1201 5113 Hac
1253 5054 1422 5130 respmmt,
1445 5046 1525 5111 dum
1545 5069 1606 5112 sua
1627 5049 1744 5113 menta
1766 5069 1803 5115 ae
1824 5049 2060 5115 satisfactiones
2078 5048 2192 5114 Deoo

226 5139 316 5196 certa
336 5131 456 5198 fiducia
475 5141 603 5216 patrem
625 5143 782 5215 nostmm,
803 5136 860 5200 ubi
881 5157 941 5201 nos
958 5133 1055 5199 hodie
1076 5133 1200 5198 nutrie-
1253 5132 1400 5198 trudunt
1453 5131 1509 5198 Sic
1536 5134 1625 5197 enim
1651 5154 1719 5198 non
1740 5135 1811 5200 eius
1837 5134 2092 5200 misericordiam
2112 5133 2231 5218 implo-

226 5217 283 5295 rit,
312 5239 417 5300 neque
444 5218 537 5285 nobis
567 5223 718 5294 crastino
737 5222 934 5299 defuturum
985 5216 1200 5300 Quantaeun-
1253 5226 1344 5298 rant,
1368 5218 1426 5284 sed
1446 5219 1604 5289 iustitiam
1632 5219 1807 5302 appellant
1850 5221 1999 5286 Petimus
2022 5219 2156 5285 demum
2176 5241 2232 5287 re·¹
