4770 6030
2152 329 2214 389 376

1802 476 1811 498 r
1896 427 2215 530 [aeuscacss.

211 334 273 400 375
787 321 1054 398 mertanne
1073 328 1178 394 ann.
1200 325 1381 394 enarer.
1406 329 1636 392 reas-1554.

210 547 324 592 severe
350 525 582 598 retinerentur,
612 520 665 586 hic
693 521 835 586 iustitiae
856 520 1087 604 perlectionem
1115 540 1186 583 esse
1239 516 1512 600 transgressione;
1545 523 1660 582 contra
1694 523 1816 595 autem,
1850 537 1928 600 qma
1952 516 2070 580 animis
2096 516 2216 579 nostris

210 610 479 694 comprehensam
505 608 709 690 pronuntiat:
737 607 822 689 quod
844 606 1081 671 validissimum
1108 605 1187 669 reti-
1239 603 1307 667 lata
1329 608 1379 666 est
1399 602 1454 665 lex
1476 602 1620 680 Domini,
1644 624 1758 668 earum
1780 603 1930 668 coercitio
1949 600 1991 666 ad
2008 602 2130 665 iustam
2146 601 2216 665 eius

209 696 363 764 naculum
385 716 455 759 esse
478 693 630 770 debebat;
661 714 721 758 nec
742 701 853 757 temen
874 692 916 757 ab
938 691 995 756 illa
1016 682 1197 773 tantopere’
1240 689 1500 753 observationem
1520 689 1556 751 in
1576 689 1692 770 primis
1714 689 1898 754 necessaria
1919 697 1977 752 est.

209 783 312 849 vetita
334 780 469 845 audacia
498 779 700 844 destiterunt.
747 777 835 858 Quid
854 778 936 843 nos?
964 776 1079 842 eodem
1099 783 1186 842 certe
1326 777 1354 837 8.
1399 774 1447 837 At
1468 773 1588 857 vulgus
1610 774 1789 854 hominum,
1813 776 1913 839 etiam
1935 772 2013 837 dum
2036 772 2118 856 legis
2140 793 2216 838 con-

210 867 296 932 dicto
326 866 588 948 constringimur.
638 864 713 928 Non
742 865 828 928 enim
854 864 990 928 dubium
1011 864 1090 946 quin
1112 884 1186 945 per·
1239 865 1401 942 temptum
1422 859 1549 934 fortiter
1570 860 1768 939 dissimulat,
1792 860 1917 938 oculos,
1945 859 2059 942 pedes,
2089 878 2215 937 manus,

208 957 307 1042 petuo
332 952 443 1017 valeat
471 950 565 1030 illud,
594 972 657 1033 quo
686 950 868 1015 absolutam
898 949 1040 1014 iustitiae
1067 948 1186 1013 doctri-
1240 953 1273 1010 et
1294 965 1407 1009 omnes
1427 946 1572 1027 corporis
1600 954 1711 1030 partes
1731 948 1766 1010 in
1792 946 1936 1028 aliquam
1958 945 2040 1028 legis
2063 944 2216 1009 observa-

208 1060 287 1103 nem
307 1038 372 1121 legi
398 1059 476 1102 suae
498 1037 659 1101 Dominus
690 1035 882 1101 vindicavit:
911 1036 969 1100 illa
990 1043 1100 1099 tamen
1119 1056 1186 1099 non
1240 1032 1361 1095 tionem
1383 1031 1562 1113 componit·
1591 1054 1646 1096 cor
1674 1033 1714 1098 ab
1736 1033 1825 1097 omni
1850 1030 2035 1095 obedientia
2057 1030 2217 1096 alienissi-

208 1124 368 1201 contenti,
396 1124 489 1187 bonis
512 1123 663 1206 operibus
692 1122 763 1186 aliis
792 1143 890 1205 super
912 1122 976 1186 elia
998 1122 1186 1205 contingen·
1239 1127 1331 1181 mum
1363 1117 1496 1183 interim
1528 1119 1662 1196 retinet,
1697 1139 1734 1183 ao
1764 1140 1799 1184 se
1831 1117 2019 1182 dehmctum
2047 1123 2156 1199 putat,
2188 1118 2217 1182 si

207 1209 257 1275 dis
278 1217 311 1273 et
333 1208 489 1275 cudendis
511 1208 693 1291 prodigiose
714 1208 910 1273 laboramus.
950 1207 1039 1272 Huic
1065 1228 1185 1272 sanan·
1238 1203 1338 1286 probe
1356 1202 1504 1267 homines
1522 1202 1678 1268 celaverit
1694 1204 1781 1286 quod
1798 1204 1884 1288 gerit
1900 1204 1935 1266 in
1953 1208 2127 1286 conspectu
2141 1203 2213 1268 Dei.

208 1294 250 1360 do
272 1296 352 1360 vitio
380 1294 561 1359 remedium
589 1295 748 1375 optimum
770 1295 847 1372 erit,
879 1295 906 1358 si
928 1299 1115 1359 constanter
1135 1294 1186 1356 in·
1241 1287 1404 1365 Audiunt,
1433 1310 1500 1352 non
1522 1289 1662 1368 occides,
1686 1311 1752 1354 non
1770 1289 2009 1367 moechaberis,
2040 1309 2106 1352 non
2128 1288 2217 1352 fura

210 1381 331 1447 sederit
359 1381 440 1446 haec
461 1382 624 1463 cogitatio:
656 1380 762 1464 legem
790 1380 883 1444 nobis
905 1400 976 1444 esse
1003 1378 1186 1443 aDomino
1239 1375 1340 1439 beris:
1376 1372 1523 1457 gladium
1555 1374 1596 1439 ad
1629 1375 1761 1440 eaedem
1789 1396 1855 1440 non
1884 1381 2054 1452 exserunt,
2083 1395 2218 1455 corpora

209 1467 373 1545 traditam,
393 1488 474 1549 quae
493 1488 551 1530 nos
569 1466 746 1548 perfectam
765 1466 922 1530 iustitiam
939 1464 1102 1544 edoceret;
1120 1464 1187 1529 illic
1240 1481 1300 1524 sua
1335 1460 1561 1525 meretricibus
1592 1482 1658 1525 non
1691 1463 1917 1539 commiscent,
1951 1464 2068 1525 manus
2102 1460 2218 1526 alienis

210 1574 278 1617 non
301 1553 398 1617 uliam
420 1553 577 1616 iustitiam
601 1550 725 1629 doceri,
753 1553 817 1615 nisi
838 1573 921 1633 quae
943 1549 985 1614 ad
1006 1551 1187 1632 praescrip—
1239 1547 1333 1610 bonis
1354 1565 1422 1608 non
1443 1547 1611 1626 iniiciunt;
1634 1547 1715 1613 haec
1733 1548 1844 1612 omnia
1861 1546 1944 1612 bene
1962 1545 2136 1611 hactenus:
2160 1546 2219 1611 sed

210 1645 280 1703 tum
309 1638 439 1702 divinae
465 1638 641 1702 voluntatis
664 1639 835 1721 exigatur3
857 1638 981 1701 hustra
1005 1638 1108 1720 igitur
1128 1658 1187 1700 no·
1240 1631 1355 1698 caedes
1381 1632 1459 1696 totis
1486 1633 1606 1697 animis
1634 1635 1774 1715 spirant,
1807 1634 1937 1698 fervent
1968 1631 2004 1695 in
2036 1624 2217 1710 libidihem,

209 1746 269 1790 vas
291 1745 426 1806 operum
456 1725 577 1787 formas
600 1723 641 1786 ad
670 1721 903 1787 demerendum
924 1724 1033 1787 Deum
1056 1723 1185 1799 tentari,
1240 1717 1388 1783 omnium
1417 1718 1502 1782 bona
1523 1719 1625 1783 oeulis
1647 1720 1779 1784 retortis
1801 1719 1965 1801 aspiciunt
1985 1723 2019 1782 et
2039 1717 2218 1800 cupiditate

210 1811 302 1875 cuius
324 1810 495 1893 legitimus·
512 1809 618 1873 cultus
641 1810 709 1872 sola
732 1816 860 1874 constat
880 1808 1078 1887 obedientia3
1107 1809 1187 1890 quin
1241 1804 1408 1869 devorant.
1458 1803 1531 1867 Iam
1556 1825 1634 1868 vero
1663 1805 1754 1871 deest
1784 1804 1870 1887 quod
1895 1804 2114 1887 ¹praecipuum
2145 1811 2219 1868 erat

209 1897 331 1978 potius,
365 1894 452 1977 quod
483 1902 579 1959 extra
606 1897 670 1959 Dei
702 1895 809 1979 legem
838 1901 996 1978 evagetur
1028 1894 1188 1957 bonorum
1240 1891 1331 1974 legis.
1376 1888 1473 1953 Unde
1498 1911 1619 1972 quaeso
1640 1898 1708 1955 tam
1731 1912 1860 1956 crassus
1887 1898 2016 1972 stupor,
2045 1889 2109 1954 nisi
2127 1889 2217 1972 quod

213 2002 349 2064 operum
389 1981 554 2058 studium,
589 2003 660 2045 esse
693 1979 822 2045 divinae
850 2001 1011 2062 veraeque
1044 1981 1188 2044 iustitiae
1241 1977 1359 2041 omisso
1386 1974 1572 2058 legislatore
1599 1977 1759 2041 iustitiam
1787 1997 1845 2042 suo
1872 1976 1978 2059 magis
2006 1976 2139 2060 ingenio
2165 1995 2219 2039 ao-

212 2089 278 2131 non
300 2066 503 2134 tolerandam
525 2067 791 2148 profanationem.
836 2083 987 2136 Verissime
1006 2099 1113 2150 qnoque
1132 2081 1188 2134 Au·
1242 2059 1471 2127 commodant?
1523 2062 1589 2126 His
1618 2063 1747 2127 f0rtitflr
1779 2063 1936 2128 roolssmsst
1960 2062 2101 2138 Paulum
2129 2061 2219 2125 affiI·
2268 2086 2271 2091 “

213 2153 344 2222 gostinus,
356 2151 378 2219 ¹)
400 2153 446 2220 qui
464 2168 534 2205 nunc
557 2157 670 2204 matrem
689 2153 882 2221 custodemque
905 2153 1037 2205 virtutum
1061 2152 1187 2214 omnium,
1241 2169 1335 2211 mans
1368 2145 1475 2230 legem
1507 2168 1578 2213 esse
1612 2148 1815 2230 spiritualem
1847 2147 1959 2233 (Rom.
1985 2152 2018 2225 7,
2046 2145 2102 2231 14)
2109 2171 2117 2227 3
2155 2168 2218 2229 quo

212 2216 283 2275 nahe
301 2222 432 2352 drighllm
450 2221 575 2354 appellat}
587 2221 769 2353 elbediciptiam
787 2238 856 2304 quae
874 2222 932 2353 Dlpo
949 2226 1155 2354 pppestalpur.fu

323 2340 329 2354 .
408 2311 501 2354 erum
522 2313 578 2353 ur
612 2312 654 2353 ex
705 2311 805 2354 omrm
827 2311 890 2374 exp
917 2311 955 2354 oa
1006 2311 1048 2353 no
1071 2311 1099 2353 rs
1155 2310 1189 2353 e·

213 2377 271 2455 rit,
305 2384 376 2439 tum
406 2375 513 2459 aptius
544 2374 675 2439 demum
701 2382 735 2439 et
761 2377 884 2441 maiore
910 2398 986 2442 oum
1013 2376 1121 2440 fructu
1149 2373 1189 2439 de

214 2463 316 2544 ipsius
345 2461 449 2525 officio
477 2483 600 2542 usuque
631 2460 817 2526 disseretur.
868 2462 957 2527 Ante
984 2482 1063 2526 vero
1091 2481 1189 2543 quam

212 2547 255 2612 ad
283 2546 477 2611 excutienda
503 2546 634 2630 singula
661 2547 767 2629 capita
794 2547 1012 2630 ingredimur,
1042 2562 1125 2628 quae
1147 2545 1189 2609 ad

212 2632 431 2697 universalem
455 2633 524 2696 eius
544 2633 694 2697 notitiam
720 2633 859 2710 faciunt,
887 2633 982 2699 modo
1002 2633 1189 2715 praecipere

211 2719 490 2801 operaepretium
512 2725 569 2783 est.
614 2719 713 2782 Initio
735 2720 948 2784 constitutum
969 2720 1027 2797 sit,
1057 2739 1124 2782 non
1147 2716 1189 2781 ad

212 2811 384 2869 externam
406 2804 611 2868 honestatem
632 2803 742 2883 modo,
768 2804 826 2870 sed
848 2804 890 2869 ad
911 2805 1101 2869 interiorem
1123 2805 1188 2885 spi-

210 2889 427 2971 ritualemque
449 2890 621 2968 iustitiam,
650 2891 792 2957 hominis
813 2893 917 2955 vitam
937 2892 972 2955 in
994 2890 1066 2974 lege
1087 2890 1188 2953 insor-

210 2976 303 3040 mari.
350 2966 447 3055 Quod
469 2997 569 3056 quum
591 2977 730 3041 inficiari
753 2998 849 3042 nemo
872 2984 978 3059 queat,
1000 2976 1189 3058 paucissimi

211 3068 322 3125 tamen
344 3062 406 3124 rite
427 3060 700 3126 animadvertunt.
746 3062 785 3127 Id
813 3064 851 3127 fit
871 3063 947 3145 quia
968 3063 1004 3127 in
1024 3061 1189 3145 legislato-

211 3168 282 3210 rem
310 3167 377 3209 non
406 3147 585 3228 respiciunt
607 3169 628 3211 a
648 3149 740 3213 cuius
766 3149 897 3232 ingenio
923 3155 1042 3213 natura
1063 3168 1190 3229 quoque

211 3230 293 3314 legis
321 3231 523 3297 aestimanda
550 3241 607 3297 est.
661 3231 699 3299 si
720 3236 792 3316 quis
820 3257 880 3300 rex
910 3234 1014 3300 edicto
1042 3233 1187 3311 scortari,

212 3316 367 3398 occidere,
390 3319 492 3382 furari
514 3318 699 3400 prohibeat:
724 3322 899 3400 sanctione,
921 3320 1034 3396 fateor,
1057 3340 1122 3383 non
1140 3325 1189 3383 te-

210 3402 351 3480 nebitur,
374 3405 400 3468 si
423 3404 496 3486 quis
518 3404 691 3484 scortandi,
715 3405 890 3485 occidendi,
912 3405 1044 3470 furandi
1066 3404 1190 3487 cupidi-

211 3496 313 3554 tatem
336 3490 445 3554 animo
467 3492 650 3572 conceperit
672 3499 810 3571 tantum,
833 3491 916 3555 nihil
938 3512 1051 3555 eorum
1072 3511 1189 3575 perpe·

156 3606 161 3612 ·
212 3576 337 3639 trarit'
361 3575 502 3657 Nempe,
530 3579 606 3659 quia
627 3577 774 3643 mortalis
799 3577 995 3661 legislatoris
1016 3576 1190 3659 providen-

212 3661 259 3723 tia
280 3661 410 3725 nonnisi
429 3661 470 3726 ad
488 3671 659 3727 externam
677 3663 868 3729 civilitatem
884 3661 1099 3746 protenditur,
1122 3684 1190 3727 non

212 3744 377 3810 violantur
399 3747 468 3811 eius
490 3748 664 3814 interdicta
682 3751 747 3814 nisi
765 3751 902 3831 patratis
920 3749 1062 3834 flagitiis.
1096 3749 1189 3812 Deus

213 3839 337 3908 autem,
368 3833 459 3896 cuius
488 3834 616 3897 oculum
644 3836 728 3898 nihil
755 3837 854 3919 fugit,
884 3835 994 3918 etqui
1016 3841 1190 3899 externam

212 3917 352 3997 speciem
381 3939 446 3980 non
475 3927 542 3982 tam
570 3930 716 3985 moratur
745 3943 844 4003 quam
872 3921 977 3987 cordis
1002 3920 1188 4004 puritatem,

213 4001 272 4066 sub
296 4000 513 4081 scortationis,
543 4005 725 4085 homicidii,
753 4009 832 4072 furti
859 4006 1049 4085 interdicto,
1081 4004 1189 4071 libidi-

211 4108 303 4164 nem,
331 4088 430 4164 iram,
464 4088 589 4170 odium,
619 4092 715 4156 alieni
745 4094 979 4175 appetentiam,
1008 4091 1134 4168 dolum,
1157 4098 1191 4155 et

212 4172 369 4255 quidquid
395 4173 459 4237 talc
488 4186 537 4239 est
565 4185 660 4241 vetat.
711 4178 798 4242 Nam
819 4199 919 4261 quum
942 4179 985 4243 sit
1011 4177 1190 4260 spiritualis
1261 4207 1267 4222 ·

211 4257 388 4342 legislator,
413 4261 541 4325 animae
563 4285 629 4324 non
647 4265 756 4328 minus
774 4286 872 4346 quam
890 4265 1016 4348 corpon'
1036 4263 1188 4346 loquitur.

212 4343 435 4409 Homicidium
459 4355 567 4409 autern
590 4349 734 4428 animae,
764 4351 815 4414 ira
834 4357 884 4416 est
906 4372 943 4416 ac
965 4348 1091 4427 odium;
1120 4348 1189 4411 fur-

212 4436 298 4507 tum,
331 4430 419 4495 mala
445 4430 606 4512 cupiditas
634 4444 667 4498 et
693 4436 845 4515 avaritia;
879 4436 1045 4512 scortatio,
1078 4432 1187 4498 libido.

212 4515 320 4599 Leges
348 4517 447 4580 etiam
475 4517 652 4598 humanae,
683 4520 769 4585 dicet
796 4522 971 4603 quispiam,
1001 4518 1136 4586 consilia
1157 4526 1191 4584 et

212 4601 397 4668 voluntates
425 4612 587 4685 spectant,
619 4627 686 4669 non
712 4607 863 4672 fortuitos
885 4615 1036 4694 eventum
1069 4605 1187 4670 fateor:

212 4686 269 4751 sed
291 4709 373 4768 quae
395 4697 490 4753 extra
513 4700 723 4756 emerserunt.
759 4691 833 4772 Quo
856 4694 965 4757 animo
982 4691 1188 4774 unumquod-

212 4788 274 4854 que
301 4775 427 4838 facinus
457 4774 581 4841 editum
607 4776 707 4841 fuerit
735 4777 938 4862 expendunt,
972 4777 1030 4843 sed
1051 4798 1189 4842 arcanas

201 4858 424 4941 ⁴cogitationes
455 4882 521 4925 non
547 4871 743 4930 scrutantm.
787 4863 931 4930 Proinde
952 4863 1019 4928 illis
1040 4863 1188 4928 satisfac-

211 4951 282 5007 tum
303 4945 415 5022 frierit,
440 4947 495 5010 ubi
516 4948 589 5028 quis
610 4970 746 5015 manum
767 4950 930 5015 duntaxat
950 4950 1148 5017 continuerit
1169 4969 1189 5012 a

282 5180 311 5246 1)
329 5184 387 5234 Lib.
409 5183 448 5236 14.
469 5185 501 5238 dr
521 5184 601 5240 (livit.
620 5189 678 5253 Dei,
698 5209 719 5243 o.
734 5189 774 5243 12.
807 5191 847 5243 Dc
865 5191 936 5243 bono
955 5189 1086 5258 coniugali
1106 5205 1127 5241 c.
1145 5185 1188 5240 33.

212 5246 314 5301 (lontra
331 5252 500 5304 adversarios
519 5256 585 5324 legis
604 5263 632 5310 et
650 5258 843 5328 prophetarum
862 5257 885 5324 1,
905 5256 946 5311 19.

1242 2233 1419 2317 significat,
1441 2254 1507 2297 non
1528 2233 1624 2298 modo
1647 2234 1784 2311 animae,
1806 2235 1937 2311 mentis,
1960 2233 2140 2300 voluntatis
2161 2233 2219 2298 ob·

1242 2319 1391 2401 sequium
1421 2319 1566 2400 exigere,
1602 2318 1659 2384 sed
1687 2321 1853 2402 requirere
1882 2319 2066 2404 angelicam
2092 2319 2219 2404 purita-

1242 2411 1324 2482 tem,
1360 2425 1443 2486 quae
1475 2405 1626 2470 omnibus
1653 2407 1762 2471 camis
1789 2405 1939 2471 sordibus
1961 2405 2108 2471 abstersa
2134 2405 2220 2469 nihil

1241 2511 1340 2573 quarn
1362 2491 1514 2572 spiritum
1536 2492 1649 2573 sapiat

1329 2580 1357 2640 9.
1403 2576 1502 2641 Hunc
1523 2597 1626 2658 quum
1644 2599 1715 2643 esse
1734 2578 1817 2661 legis
1835 2598 1969 2643 sensum
1985 2576 2133 2652 dicimus,
2151 2596 2219 2640 non

1241 2683 1361 2726 novam
1395 2683 1437 2725 ex
1466 2661 1560 2727 nobis
1593 2665 1894 2746 interpretationem
1926 2663 2120 2746 ingerimus,
2159 2660 2218 2727 sed

1242 2747 1413 2813 Christum
1452 2749 1633 2831 sequimur,
1676 2751 1836 2832 optimum
1872 2748 1962 2833 legis·
1993 2748 2215 2830 interpretem

1242 2832 1356 2915 Quum
1384 2833 1472 2898 enim
1501 2834 1676 2899 Pharisaei
1703 2855 1860 2917 perversa
1880 2835 2032 2918 opinione
2059 2833 2218 2933 populum

1179 2976 1185 2988 .
1241 2919 1443 2997 imbuissent,
1466 2919 1574 3003 legem
1593 2923 1758 3002 perficere,
1781 2920 1836 3004 qui
1857 2927 1994 2985 externo
2016 2940 2112 3003 opere
2134 2918 2217 2983 mhil

1242 3005 1400 3070 adversus
1417 3005 1524 3089 legem
1541 3013 1775 3090 perpetrasset:
1800 3007 1889 3072 hunc
1906 3005 2218 3090 periculosissimum

1242 3111 1387 3156 errorem
1416 3091 1526 3175 arguit
1553 3091 1689 3175 (Matth.
1722 3100 1756 3171 5,
1786 3097 1824 3156 21
1854 3091 1927 3177 ss),
1956 3100 1990 3158 et
2016 3091 2219 3175 impudicum

1241 3177 1390 3241 mulieris
1423 3182 1605 3260 aspectum,
1646 3179 1875 3245 scortationem
1908 3199 1979 3244 esse
2010 3179 2217 3261 pronuntias

1241 3261 1422 3327 homicidas
1443 3266 1592 3342 testatur,
1614 3265 1799 3347 quicunque
1820 3265 1957 3330 fratrem
1974 3264 2118 3344 oderint3
2140 3263 2219 3329 facit

1165 3405 1170 3417 .
1242 3350 1332 3413 enim
1353 3369 1426 3413 reos
1453 3348 1574 3415 iudicio
1596 3371 1653 3432 qm
1674 3351 1728 3415 vel
1753 3352 1838 3415 iram
1865 3351 1975 3415 animo
1998 3370 2097 3417 conce
2159 3350 2217 3426 ‘t,

1241 3455 1313 3499 reos
1332 3434 1467 3499 consilio
1484 3435 1542 3517 qui
1558 3436 1797 3501 murmurando
1815 3444 1873 3501 ant
1888 3435 2057 3501 fremendo
2110 3437 2218 3518 ‘quam

1242 3521 1359 3585 offensi
1397 3520 1500 3585 animi
1536 3521 1810 3605 significationem
1843 3521 2008 3602 dederint,
2051 3543 2125 3586 reos
2162 3542 2218 3604 ge-

1242 3607 1371 3671 hennae
1392 3607 1481 3690 ignis
1502 3608 1559 3689 qui
1580 3608 1734 3672 convitiis
1757 3615 1791 3673 et
1811 3607 2041 3674 maledicentia
2064 3608 2101 3670 in
2123 3627 2217 3689 aper-

1241 3699 1311 3756 tam
1343 3693 1429 3756 irem
1461 3693 1670 3776 prosilierint.
1727 3693 1820 3760 Haeo
1859 3695 1915 3777 qui
1948 3714 2015 3759 non
2052 3692 2216 3768 viderunt,

1241 3780 1411 3842 finxerunt
1438 3777 1611 3845 Christum
1638 3779 1780 3844 alterum
1801 3780 1943 3858 Mosam,
1971 3779 2054 3862 logis
2076 3798 2218 3861 evange-

1241 3864 1325 3929 licae
1347 3863 1494 3944 latorem,
1516 3881 1599 3947 quae
1622 3863 1784 3931 defectum
1802 3867 1962 3931 mosaicae
1973 3865 2068 3930 ¹illius
2086 3862 2219 3948 supple·

1241 3950 1337 4015 verit.
1381 3950 1480 4016 Unde
1504 3949 1588 4015 illud
1608 3951 1782 4034 vulgatum
1804 3952 1934 4016 axioma
1957 3949 1998 4016 de
2020 3950 2219 4034 perfectione

1240 4035 1324 4119 legis
1346 4036 1569 4120 evangelicae,
1597 4058 1680 4119 quae
1700 4036 1808 4121 legem
1829 4043 1974 4103 veterem
1996 4037 2094 4121 longo
2116 4037 2219 4100 inter-

1241 4122 1327 4186 vallo
1356 4130 1496 4206 superet.
1542 4121 1640 4202 Quod
1666 4123 1780 4189 multis
1805 4122 1912 4188 modis
1933 4130 1984 4188 est
2010 4122 2220 4206 perniciosis·

1242 4229 1374 4272 srmum:
1405 4229 1484 4272 nam
1517 4229 1559 4272 ex
1585 4210 1657 4292 ipso
1679 4209 1787 4289 Mose,
1817 4209 1875 4277 ubi
1896 4215 2009 4294 postea
2030 4215 2219 4293 praecepto-

1242 4315 1317 4357 rum
1343 4312 1507 4359 summam
1533 4294 1739 4378 colligemus,
1773 4296 1900 4380 patebit
1921 4316 2024 4378 quam·
2047 4294 2218 4378 indignam

1242 4380 1474 4445 contumeliam
1511 4379 1642 4445 divinae
1680 4381 1743 4445 le'
1782 4381 1904 4446 inurat.
1961 4383 2100 4446 Petrum
2129 4385 2218 4446 certe

1242 4467 1494 4531 sanctimoniam
1517 4487 1586 4530 non
1613 4487 1691 4549 proc
1749 4466 1790 4532 ab
1814 4466 1981 4551 hypocrisi
2003 4467 2145 4532 abhrisse
2166 4466 2218 4529 in·

1241 4552 1367 4630 sinuat,
1389 4573 1513 4636 nosque
1534 4552 1576 4617 ab
1598 4573 1665 4617 una
1686 4551 1744 4616 illa
1765 4559 1799 4616 et
1820 4560 1980 4636 perpetua
2000 4552 2147 4617 iustitiae
2167 4571 2218 4614 re-

1242 4637 1320 4722 gula
1346 4636 1486 4705 deducit
1536 4638 1710 4704 Facillime
1739 4643 1850 4702 autem
1880 4646 1931 4704 est
1957 4639 2077 4703 erroris
2106 4637 2219 4703 confu-

1241 4725 1334 4789 tatio:
1368 4724 1456 4807 quod
1482 4731 1643 4808 putarunt
1670 4721 1843 4789 Christum
1876 4724 1942 4808 legi
1973 4723 2127 4800 adiicere,
2160 4719 2219 4785 ubi

1241 4831 1319 4874 suae
1340 4816 1471 4875 tantum
1492 4810 1678 4894 integritati
1699 4809 1854 4888 restituit,
1868 4809 1948 4874 dum
1965 4810 2219 4874 Pharisaeorum

1240 4894 1419 4961 mendaciis
1441 4896 1648 4965 obscuratam
1671 4901 1705 4959 et
1724 4895 1887 4961 fermento
1904 4896 2112 4978 inquinatam
2129 4914 2219 4958 asse·¹

1240 4982 1286 5045 rit
1307 4988 1341 5045 et
1362 4988 1528 5066 repurgat.
1884 4998 1892 5025 ¹

1332 5071 1379 5132 10.
1430 5067 1523 5132 Haec
1549 5064 1645 5131 nobis
1672 5065 1815 5131 secunda
1842 5068 1885 5131 sit
1913 5065 2110 5146 observatio,
2144 5067 2220 5153 plus

1240 5154 1347 5218 inesse
1380 5173 1509 5236 semper
1540 5153 1576 5216 in
1609 5152 1790 5234 praeceptis
1819 5174 1857 5219 ac
1887 5151 2086 5228 interdictis,
2121 5173 2220 5236 quam

1240 5237 1350 5315 verbis
1376 5238 1596 5322 exprimatur:
1630 5236 1717 5320 quod
1744 5245 1856 5304 tamen
1889 5241 1944 5305 sic'
1967 5238 2220 5322 temperandum
