4770 6030
175 355 235 417 nr
765 347 865 415 888.
887 348 929 414 r.
973 348 1038 417 88
1059 336 1227 418 assata
1250 320 1589 418 samartanum.
2053 423 2055 428 ,
2120 350 2182 422 ns

170 542 224 606 hio
245 539 450 606 caeremonia
469 538 662 621 8881888188,
687 535 727 624 [p.
740 537 817 625 368]
841 559 968 611 merum
985 538 1028 603 sit
1045 538 1151 602 homi·
1201 547 1273 603 tum
1299 541 1479 623 composuit
1505 538 1610 625 (1888
1630 539 1679 624 9),
1709 539 1789 604 81188
1810 545 1900 606 18818
1926 543 2069 621 sanavit,
2099 545 2181 611 81188

169 648 249 692 num
267 627 447 703 inventum,
466 645 542 689 cum
558 626 780 690 caeremonias
792 631 1071 690 sacramentorum
1081 646 1148 689 888
1201 626 1310 691 verbo.
1350 625 1404 690 Ad
1426 625 1514 690 hunc
1538 625 1673 689 modum
1694 623 1830 709 apostoli
1853 625 1933 690 81188
1953 628 2084 695 morbos
2111 629 2180 695 solo

169 714 232 778 nisi
256 734 277 776 a
297 712 369 775 1188
391 711 517 775 institui
537 730 646 792 posse,
673 712 741 775 iam
763 709 934 776 definitum
955 711 1006 775 sit.
1051 711 1148 775 11188-
1201 712 1318 788 verbo,
1342 711 1422 776 81188
1444 719 1548 789 18818,
1571 711 1651 777 81188
1673 713 1824 776 unctione
1844 722 2009 777 curarunt
2054 716 2102 779 At
2122 737 2181 781 ve-
2234 711 2240 719 ’

170 799 301 865 dacium
322 817 399 879 ergo
420 802 454 860 et
474 797 656 878 impostura
676 797 752 875 1811,
775 797 861 879 8881
883 796 924 861 18
945 804 1148 862 sacramento
1201 797 1336 862 risimile
1363 805 1412 862 est
1438 798 1627 863 unctionem
1653 799 1751 862 istam
1783 818 1851 860 non
1883 805 2019 877 temere,
2053 809 2091 864 ut
2118 823 2179 869 neo

168 885 387 969 poenitentiae
404 883 579 946 commenti
601 891 685 947 sunt
730 883 936 947 1188811188
956 882 1017 946 hoc
1040 903 1148 947 sacra-
1201 883 1266 948 alia
1287 884 1411 962 omnia,
1439 885 1539 949 181888
1567 890 1765 966 usurpatam.
1810 882 1946 961 Fatoor;
1973 905 2039 948 888
2067 893 2180 953 tamen

169 977 319 1036 mentum
350 974 511 1032 ornarunt
548 988 611 1050 quo
644 966 779 1034 decebat
813 968 930 1052 elogio:
971 968 1148 1033 secundam
1200 976 1238 1033 81
1254 976 1340 1034 esset
1351 971 1526 1034 curationis
1537 990 1707 1053 organum,
1730 969 1787 1034 sed
1805 969 1990 1053 symbolum
2007 969 2178 1051 duntaxat

169 1079 241 1124 8888
263 1055 409 1120 tabulam
430 1061 504 1136 8881
520 1055 741 1138 naufragium,
770 1055 847 1137 quia
873 1055 901 1118 81
928 1055 1001 1136 8818
1022 1061 1149 1120 vestem
1200 1076 1263 1138 quo
1285 1056 1521 1138 imperitorum
1549 1054 1675 1119 ruditas
1702 1055 1946 1132 admoneretur,
1976 1056 2064 1122 undo
2086 1067 2180 1124 tanta

169 1142 374 1208 innocentiae
406 1140 440 1203 in
471 1141 633 1222 baptismo
665 1147 853 1222 perceptam
884 1140 1048 1222 peccando
1078 1161 1148 1205 cor-
1199 1143 1305 1207 virtus
1325 1140 1479 1223 prodiret,
1501 1162 1544 1205 ne
1565 1140 1688 1206 88111881
1709 1142 1778 1206 eius
1795 1139 1927 1205 laudem
1944 1143 2097 1225 apostolis
2119 1146 2179 1211 tri·

170 1229 309 1312 ruperit,
328 1248 386 1309 per
403 1227 636 1307 poenitentiam
654 1246 807 1309 reparare
817 1233 931 1308 potest
940 1225 966 1310 ¹)
995 1224 1062 1291 Sed
1080 1227 1148 1292 dio·
1199 1228 1346 1292 buerant
1397 1225 1479 1292 0188
1506 1234 1617 1291 autem
1638 1227 1817 1310 significari
1839 1227 1991 1308 spiritum
2017 1239 2177 1310 sanctum,

170 1322 244 1379 tum
270 1320 320 1378 est
344 1311 548 1395 Hieronymi.
599 1310 830 1395 Cuiuscunque
857 1312 915 1391 sit,
945 1312 1024 1395 quin
1050 1312 1148 1395 plane
1200 1315 1332 1395 eiusque
1354 1312 1448 1391 dona,
1470 1312 1607 1396 vulgare
1625 1333 1663 1377 88
1682 1313 1795 1376 tritum
1817 1320 1874 1378 est
1905 1312 2080 1379 Caeterum
2102 1336 2179 1382 era·

169 1401 308 1483 impium
329 1399 380 1473 sit,
403 1398 552 1462 excusari
573 1398 693 1479 nequit.
730 1396 836 1478 Quasi
856 1418 935 1463 vero
954 1419 1013 1480 per
1032 1419 1148 1481 pecca·
1200 1399 1274 1463 nuit
1295 1400 1401 1483 gratia
1425 1398 1484 1463 illa
1509 1399 1728 1476 8888118888,
1756 1398 2029 1481 quomadmodum
2051 1409 2085 1465 81
2103 1401 2180 1466 reli·

170 1493 242 1550 tum
268 1483 415 1548 deleatur
439 1484 634 1565 baptismus,
667 1493 700 1548 et
730 1505 797 1548 888
819 1485 927 1566 potius
957 1484 994 1548 in
1025 1505 1148 1549 memo-
1200 1506 1265 1568 qua
1285 1483 1457 1561 miracula,
1485 1505 1568 1566 quae
1595 1482 1637 1548 ad
1659 1489 1726 1548 tem
1748 1506 1787 1550 88
1807 1483 1860 1548 edi
1882 1486 1986 1550 voluit
2006 1486 2179 1567 Dominus,

170 1573 255 1636 riam
276 1568 478 1634 revocandus
500 1569 543 1634 sit
563 1570 725 1652 peccatori
746 1570 871 1652 8881188
893 1569 933 1633 18
954 1571 1077 1652 peccati
1096 1591 1148 1636 re·
1200 1591 1263 1653 quo
1288 1579 1409 1635 novam
1441 1569 1602 1654 evangelii
1634 1591 1656 1652 p
1738 1571 1908 1636 ’88118888
1941 1572 1975 1634 18
2010 1581 2181 1638 caeternum

170 1658 323 1722 missione
346 1657 480 1737 cogitat,
507 1664 545 1720 ut
564 1655 653 1721 illinc
679 1677 750 1721 8888
779 1655 912 1739 colligat
939 1657 1148 1739 animumque
1201 1656 1427 1721 admirabilem
1448 1655 1607 1721 redderet

170 1744 307 1825 recipiat
326 1750 360 1805 81
375 1740 474 1805 fidem
496 1743 673 1820 confirmet,
696 1747 903 1824 peccatorum
923 1742 1148 1806 remissionem
1286 1742 1334 1808 Ut
1353 1742 1455 1826 igitur
1475 1744 1619 1807 maxime
1636 1742 1761 1822 demus,
1784 1743 1971 1808 unctionem
1993 1764 2180 1809 sacramen·

171 1851 206 1895 se
229 1831 489 1911 immtraturum,
511 1848 594 1910 quae
610 1828 672 1892 sibi
693 1828 729 1891 in
744 1827 905 1909 baptismo
914 1828 1076 1909 promissa
1096 1829 1147 1893 sit
1199 1836 1271 1892 tum
1295 1829 1398 1893 181888
1429 1848 1543 1892 earum
1576 1829 1736 1894 virtutum
1768 1836 1948 1910 quactum
1975 1850 2035 1912 per
2061 1850 2180 1895 manus

171 1916 349 1998 Aptissimc
382 1915 492 1996 118888
522 1913 658 1993 dixeris,
697 1914 726 1977 81
757 1914 956 1995 baptismum
981 1915 1149 1979 vocaveris
1200 1913 1418 1996 apostolorum
1449 1913 1775 1994 administrabantur,
1812 1914 1897 1979 nihil
1928 1936 2016 1980 nuno
2049 1915 2090 1979 ad
2120 1936 2181 1982 nos

170 2001 663 2084 poenitentiae⁴sacramentum,
686 2020 762 2064 cum
781 2000 817 2062 in
834 1999 1087 2067 consolationem
1108 2001 1148 2066 iis
1199 2001 1356 2083 pertinet,
1395 2000 1513 2083 quibus
1545 2001 1705 2066 virtutum
1737 1999 1974 2065 administratio
2006 2001 2179 2066 commissa

171 2086 267 2152 18188
289 2088 332 2151 811
357 2087 412 2168 881
435 2085 666 2168 poenitentiam
688 2083 896 2150 meditantur.
1200 2107 1266 2150 non
1293 2092 1350 2150 est
1400 2085 1448 2150 Et
1473 2106 1539 2169 888
1568 2087 1684 2151 maiori
1716 2087 1842 2151 ratione
1869 2094 2110 2152 sacramentum
2137 2107 2179 2152 88

1200 2172 1262 2237 hac
1283 2171 1436 2237 88811888
1454 2172 1592 2250 1881881,
1621 2192 1720 2254 quam
1742 2193 1784 2236 ex
1806 2172 1878 2237 ahie
1900 2172 2069 2254 quibusvis
2090 2194 2179 2259 sym·

1200 2257 1291 2337 bolis,
1312 2278 1396 2340 quae
1418 2257 1511 2322 nobis
1531 2257 1567 2323 18
1584 2258 1746 2339 scriptura
1767 2257 2085 2323 commemorantur?
2109 2257 2179 2324 (188

1199 2365 1267 2408 888
1293 2343 1437 2426 aliquam
1457 2344 1653 2409 natatoriam
1675 2340 1790 2407 Siloah
1815 2341 1993 2422 destinant,
2022 2346 2178 2428 inquam
2258 2398 2261 2406 .

269 2436 335 2517 De
367 2434 532 2540 ultima,
552 2443 614 2515 ut
643 2443 808 2539 vocant,
840 2434 1048 2516 unctione.
1200 2427 1332 2578 [18366]
1356 2430 1453 2495 cerus
1470 2436 1654 2512 temporum
1675 2428 1800 2494 vicibus
1817 2449 1853 2494 ΒΘ
1873 2429 2072 2514 immergant
2092 2431 2179 2497 mals

1225 2515 1379 2580 abentes?
1423 2515 1578 2594 Frustra,
1602 2515 1768 2598 inquiunt,
1791 2514 1826 2578 id
1848 2516 1948 2579 fieret.
1994 2515 2092 2581 Certe
2111 2537 2178 2581 888
2265 2546 2269 2555 ·

257 2602 405 2666 Tertium
442 2600 592 2664 1181111888
631 2606 872 2665 sacramentum
915 2605 965 2665 est
1002 2608 1150 2667 extrema
1199 2602 1306 2685 magis
1331 2603 1469 2678 1888188,
1498 2622 1596 2685 quam
1622 2601 1741 2666 888118.
1786 2599 1856 2666 Gur
1882 2622 1948 2665 non
1969 2603 2106 2666 mortuis
2127 2604 2179 2667 in·

170 2689 289 2766 888118,
311 2707 395 2768 quae
415 2706 480 2749 non
503 2686 568 2750 nisi
594 2684 802 2751 8888881818
823 2685 991 2768 perficitur
1015 2683 1056 2837 Rp
1069 2685 1147 2774 368]
1200 2688 1334 2765 cubant,
1362 2689 1516 2770 quoniam
1542 2708 1679 2770 puerum
1705 2693 1880 2765 mortuum,
1907 2686 1956 2749 illi
1983 2687 2175 2765 incubando,

170 2773 268 2857 idque
293 2774 329 2837 18
356 2772 512 2837 extremis
539 2770 601 2854 (sic
621 2768 814 2856 loquuntur)
842 2778 876 2835 81
904 2769 974 2836 8188
1002 2793 1022 2836 8
1063 2774 1147 2855 epis-
1200 2774 1370 2838 suscitavit
1386 2772 1534 2839 Paulus?
1573 2772 1642 2837 Our
1663 2795 1729 2839 888
1751 2773 1857 2837 lutum
1875 2793 1917 2836 ex
1935 2779 2030 2854 sputo
2051 2781 2085 2836 81
2105 2773 2178 2855 881-

170 2878 253 2943 8888
277 2864 478 2935 consecrato,
514 2864 611 2940 81888
644 2857 707 2922 hac
733 2857 909 2924 vorborum
936 2857 1054 2923 forma:
1088 2880 1148 2942 per
1200 2879 1278 2924 rere
1308 2867 1549 2924 sacramentum
1569 2857 1640 2925 est?
1686 2857 1754 2924 Sed
1776 2858 1841 2924 alia
1866 2857 2047 2957 singularia
2068 2878 2178 2922 exem-

171 2947 270 3013 istam
295 2949 443 3010 sanctam
469 2943 657 3008 unctionem
678 2950 712 3009 81
732 2944 913 3026 piissimam
935 2964 1029 3008 suam
1050 2945 1147 3010 mise-
1199 2943 1255 3027 pla
1271 2944 1412 3024 1888881,
1436 2945 1498 3011 hoc
1509 2952 1620 3010 autem
1630 2945 1671 3010 ab
1682 2944 1799 3011 Iacobo
1816 2944 2023 3027 praecipitur.
2052 2942 2179 3026 Nempe

169 3029 344 3096 ricordiam
364 3029 534 3113 indulgeat
553 3029 614 3093 tibi
635 3030 728 3094 11888
748 3027 905 3113 88118811
926 3030 1067 3113 peccasti
1089 3051 1149 3114 per
1179 3051 1259 3113 ·pro
1280 3051 1318 3095 eo
1339 3039 1485 3114 tempore
1506 3031 1699 3114 loquebatur
1720 3031 1872 3110 Iacobus,
1901 3050 1965 3113 quo
1986 3028 2094 3094 adhuc
2116 3029 2178 3094 hu·

169 3119 286 3196 818888,
304 3137 364 3200 per
374 3114 531 3195 auditum,
550 3113 730 3194 odoratum,
748 3122 882 3194 tactum,
900 3122 1042 3199 gustum
1065 3116 1148 3182 Eius
1199 3116 1338 3181 iusmodi
1359 3117 1425 3181 Dei
1445 3115 1669 3183 benedictione
1690 3117 1860 3181 fruebatur
1881 3114 2026 3181 88818818.

170 3202 253 3268 duas
273 3223 345 3268 esse
366 3202 505 3268 virtutes
526 3200 670 3285 fingunt:
694 3209 902 3284 pennatorum
922 3202 1148 3268 remissionem
1285 3203 1464 3267 Affirmant
1484 3202 1617 3286 quidem
1638 3201 1777 3269 eandem
1803 3203 1984 3267 etiamnum
2006 3202 2079 3278 ¹vim
2100 3221 2179 3266 suae

170 3296 204 3354 81
224 3287 400 3372 corporalis
421 3287 527 3352 morbi
542 3287 703 3366 levamen,
725 3287 818 3353 siita
833 3287 994 3370 88881181,
1017 3289 1069 3353 818
1086 3288 1147 3353 mi-
1199 3288 1344 3354 unctioni
1371 3289 1492 3368 inesse;
1526 3289 1583 3355 sed
1611 3289 1706 3354 aliter
1733 3289 1928 3372 experimur.
1978 3287 2084 3352 Nemo
2111 3288 2179 3350 iam

169 3395 247 3454 nus,
275 3375 404 3439 animae
425 3373 607 3438 sanitatem.
652 3374 758 3439 Aiunt
778 3379 889 3438 autem
908 3374 1147 3439 institutionem
1199 3375 1336 3439 miretur
1360 3374 1519 3458 quomodo
1541 3376 1683 3454 ammas,
1712 3396 1793 3458 8888
1811 3374 1912 3441 verbo
1933 3373 2012 3449 1181,
2035 3372 2096 3436 188
2118 3378 2176 3448 est,

170 3461 211 3526 ab
232 3459 351 3526 188818
367 3460 506 3542 positam
523 3479 603 3539 esse,
626 3461 718 3524 cuius
735 3459 836 3524 verba
853 3468 942 3525 sunt:
961 3461 1148 3526 infirmatur
1199 3461 1268 3526 vita
1294 3467 1328 3525 81
1352 3460 1425 3526 1888
1451 3482 1511 3526 888
1537 3459 1705 3544 spoliatas,
1733 3459 1879 3542 stupidas
1907 3477 1978 3523 esse
2004 3463 2038 3521 et
2064 3477 2178 3522 caecas

170 3548 242 3630 quis
257 3544 434 3610 intervos?
455 3543 590 3610 1818881
606 3545 703 3628 presb
759 3554 813 3611 888
831 3546 985 3611 ecclesiae
1003 3552 1037 3611 81
1053 3552 1148 3611 orent
1199 3546 1357 3624 sciebant,
1379 3553 1473 3611 tauta
1494 3546 1690 3613 confidentia
1711 3544 1868 3610 ludificati
1889 3545 1969 3622 8181,
1998 3563 2074 3607 cum
2094 3542 2179 3607 nihil

170 3653 269 3716 super
290 3653 379 3710 sum,
402 3631 562 3714 ungentes
584 3651 660 3696 eum
681 3653 765 3711 888,
787 3632 823 3695 18
843 3633 976 3697 nomine
996 3633 1146 3712 Domini;
1199 3639 1254 3697 eos
1274 3632 1397 3714 pudeat
1418 3634 1561 3715 corporis
1584 3653 1699 3697 sensus
1720 3631 1812 3697 vivos
1835 3651 1872 3695 ao
1894 3629 2071 3693 8881188188
2092 3628 2179 3694 velle

170 3725 204 3784 81
235 3718 325 3784 8118
355 3717 496 3801 peccatis
527 3717 626 3781 188811
657 3719 864 3783 remittentur
896 3718 925 3782 ei
953 3717 1033 3804 (Iac.
1061 3715 1145 3803 ult).
1197 3717 1319 3782 fallere.
1354 3717 1522 3783 Ridiculus
1544 3739 1622 3802 ergo
1644 3717 1832 3793 881881881,
1855 3714 1934 3780 dum
1956 3715 2063 3799 gratia
2083 3735 2178 3780 cura·

169 3803 329 3881 Eiusdem
348 3803 483 3869 rationis
501 3809 552 3868 est
568 3803 631 3867 ista
647 3805 766 3882 unctio,
789 3806 881 3869 88188
900 3825 971 3870 esse
987 3825 1148 3869 manuum
1198 3805 1325 3868 tionum
1365 3802 1528 3886 praeditos
1560 3824 1631 3868 sese
1667 3800 1804 3867 ‘iactant
1862 3801 1967 3866 Adest
1999 3822 2078 3866 sane
2110 3801 2178 3866 8818

169 3891 408 3973 impositionem
426 3909 526 3972 supra
543 3888 851 3956 demonstravimus:
874 3912 993 3973 nempe
1014 3890 1146 3956 histrio-
1197 3889 1360 3955 Dominus
1392 3890 1541 3955 omnibus
1563 3888 1715 3967 saeculis,
1749 3894 1782 3952 81
1811 3908 1924 3953 eorum
1956 3887 2177 3971 languoribus,

168 3978 244 4043 nica
265 3977 460 4061 hypocrisis,
494 3994 559 4058 qua
586 3975 668 4040 81188
693 3977 854 4041 rationem
876 3983 909 4041 81
936 3978 1006 4042 8188
1027 3977 1145 4055 fructu,
1198 3977 1322 4058 8881188
1349 3996 1429 4058 opus
1456 3982 1521 4054 est,
1552 3974 1702 4039 medetur
1728 3995 1795 4039 888
1823 3975 1932 4038 minus
1959 3994 2057 4054 quom
2085 3972 2177 4050 81188

169 4062 330 4146 apostolos
350 4062 471 4127 referre
493 4060 615 4126 volunt.
660 4062 776 4126 Refert
796 4063 931 4130 Marcus
953 4063 1071 4148 (Marc.
1096 4061 1144 4147 6):
1199 4061 1256 4127 881
1282 4061 1471 4127 manifestas
1504 4061 1578 4126 illas
1610 4061 1749 4126 virtutes
1782 4081 1848 4124 888
1887 4060 1933 4123 118
1965 4059 2084 4137 exerit,
2119 4056 2177 4122 sed

169 4148 331 4231 apostolos
357 4149 393 4212 18
418 4147 525 4230 prima
552 4168 612 4212 sua
638 4148 807 4227 missione,
835 4149 928 4215 iuxta
954 4149 1147 4215 mandatum
1198 4146 1357 4213 miracula
1394 4167 1453 4229 per
1492 4147 1711 4229 apostolorum
1748 4167 1865 4210 manus
1901 4166 1967 4209 888
2001 4143 2175 4226 dispensat

142 4260 145 4263 “
168 4234 256 4316 8881
278 4233 457 4314 aDomino
478 4240 678 4317 acceperant,
701 4240 845 4300 mortuos
867 4236 1048 4315 suscitasse,
1071 4235 1147 4301 dae·
1198 4234 1328 4318 118888,
1358 4240 1396 4297 81
1420 4254 1487 4298 888
1509 4233 1567 4298 818
1587 4253 1623 4296 re
1646 4233 1782 4316 apostoli
1809 4232 1950 4315 gratiam
1972 4230 2176 4295 curationum

169 4322 279 4384 monia
300 4321 446 4399 eiecisse,
466 4320 610 4402 leprosos
631 4319 816 4400 mundasse,
836 4323 984 4387 infirmos
1005 4342 1147 4401 sanasse,
1200 4320 1261 4386 sibi
1282 4317 1524 4385 ¹demandatam
1562 4319 1625 4384 olei
1657 4319 1803 4403 symbolo
1839 4317 2068 4401 designabant,
2108 4332 2176 4377 non

169 4406 205 4469 in
222 4407 388 4471 curatione
405 4411 516 4470 autem
532 4427 706 4490 aegrorum
723 4406 830 4471 oleum
848 4407 1043 4473 adhibuisse.
1077 4407 1148 4473 118·
1200 4428 1307 4486 sum,
1337 4405 1394 4472 881
1415 4405 1549 4488 spiritus
1570 4405 1676 4470 sancti
1696 4425 1766 4469 esse
1783 4404 1954 4481 virtutem,
1976 4403 2023 4465 ita
2044 4419 2176 4463 nusum

169 4490 304 4576 gabant,
331 4492 450 4574 inquit,
479 4491 549 4557 oleo
569 4491 689 4557 multos
709 4492 857 4559 infirmos
885 4502 918 4558 et
939 4493 1147 4558 sanabantur.
1201 4493 1328 4576 spiritui
1357 4499 1469 4558 sancto
1497 4499 1575 4558 sunt
1595 4491 1722 4569 iniurii,
1752 4489 1808 4573 qui
1829 4488 1978 4572 putidum
1999 4493 2033 4550 81
2053 4483 2176 4548 nullius

168 4576 249 4642 Huc
267 4579 411 4660 respexit
429 4577 576 4656 Iacobus,
599 4599 675 4643 cum
689 4579 786 4642 iussit
804 4581 926 4645 accersi
942 4579 1149 4664 presbyteros
1200 4579 1351 4664 energiae
1371 4579 1493 4657 oleum,
1517 4576 1558 4664 [p.
1572 4575 1649 4664 366]
1671 4577 1796 4642 faciunt
1818 4576 1887 4640 8188
1909 4574 2078 4647 virtutem,
2102 4589 2177 4652 per·

169 4661 212 4727 ad
233 4662 423 4748 ungendum
442 4665 617 4728 infirmum.
654 4662 788 4729 Talibus
799 4665 1009 4730 caeremoniis
1020 4665 1149 4730 nullum
1199 4665 1339 4749 indeque
1360 4665 1475 4742 idest,
1503 4686 1542 4730 ao
1559 4665 1588 4729 81
1609 4665 1681 4747 8818
1700 4663 1834 4728 diceret:
1862 4679 1958 4725 omne
1980 4656 2088 4721 oleum
2109 4655 2177 4721 vir·

170 4749 268 4815 altius
295 4750 427 4815 subesse
448 4751 642 4834 mysterium
662 4749 757 4816 facile
777 4750 981 4830 iudicabunt,
1012 4749 1055 4837 [p.
1070 4748 1146 4836 361]
1199 4759 1304 4816 tutem
1325 4772 1396 4817 esse
1417 4751 1550 4834 spiritus
1572 4750 1685 4828 sancti,
1708 4747 1794 4831 quod
1811 4768 1849 4811 eo
1870 4742 2176 4842 888818818188818

170 4835 225 4916 881
245 4836 458 4914 observarint,
481 4841 604 4918 quanta
619 4836 769 4902 libertate
791 4845 824 4902 et
839 4837 1003 4903 Dominus
1024 4844 1058 4901 et
1079 4837 1149 4901 eius
1200 4844 1274 4901 1888
1306 4843 1526 4920 8888888188,
1559 4855 1690 4901 omnem
1717 4832 1899 4899 columbam
1927 4849 1997 4893 esse
2026 4836 2177 4910 spuitum

170 4920 318 5003 apostoli·
328 4921 449 4986 versati
471 4922 538 4986 sint
557 4921 593 4985 in
619 4923 716 4988 rebus
744 4924 816 4990 18118
836 4923 988 4988 externis.
1033 4923 1148 4987 Domi·
1200 4930 1358 5002 sanctum,
1381 4921 1467 5005 8881
1488 4921 1654 5004 easpecie
1676 4918 1871 5003 apparuerit.
1917 4916 2044 4979 Verum
2066 4912 2106 4977 de
2135 4914 2176 4978 iis

169 5026 232 5072 uus
253 5029 348 5072 caeco
369 5006 555 5073 reddimus
573 5008 689 5087 818888,
712 5030 754 5074 88
774 5009 910 5093 pulvere
931 5013 1076 5091 8188818
1097 5007 1148 5072 lu·
1198 5007 1349 5085 viderint

1285 5092 1382 5175 Quod
1404 5094 1549 5159 8811818
1569 5091 1754 5174 praesentia
1772 5089 1977 5165 818818881,
2001 5092 2088 5151 certo
2107 5105 2178 5150 cer-

1200 5180 1265 5244 tius
1275 5180 1498 5262 perspicimus,
1521 5198 1634 5244 eorum
1650 5175 1837 5240 unctionem
1853 5180 2095 5240 sacramentum
2112 5192 2179 5236 non

120 5282 123 5289 ’
239 5279 269 5348 1)
286 5281 345 5333 Lib.
364 5280 390 5334 1.
407 5288 523 5335 sonunt.
543 5280 584 5335 11
603 5282 665 5335 dist.
684 5300 706 5336 e.
727 5281 749 5335 1.
777 5284 936 5352 Deposuit.
956 5283 1018 5337 dist
1038 5282 1062 5336 1.
1082 5281 1147 5338 ct.
1200 5285 1286 5346 esse,
1313 5285 1396 5349 quae
1417 5285 1478 5330 888
1499 5263 1704 5331 caeremonia
1725 5269 1776 5327 ost
1797 5261 1909 5328 81188
1930 5260 2095 5339 instituta,
2118 5279 2180 5324 nec

243 5364 353 5420 0818181
367 5383 459 5436 opero.
499 5365 558 5420 Vol.
575 5365 600 5420 1.
1940 5360 1974 5414 12
