4770 6030
191 361 230 422 91
835 348 1100 416 INSTITU'PIO
1122 350 1226 415 REL.
1250 351 1430 430 cHalsu.
1456 356 1547 418 1536.
2154 355 2195 418 92

189 545 351 628 perditam
373 545 442 609 61116
464 541 605 626 gratiam
626 542 688 607 sibi
709 540 896 619 conciliare,
923 542 1073 624 quamsi
1094 542 1163 623 ipso
1302 541 1356 606 ad
1384 542 1470 608 hane
1497 542 1599 626 igitur
1625 543 1732 626 legem
1759 542 1929 608 christiani
1951 542 2093 607 hominis
2121 564 2194 608 ora·

190 631 328 714 supplex
361 651 399 696 ae
431 628 591 693 demissus
626 627 820 710 culpamque
853 647 1033 710 agnoscens
1061 629 1163 709 patris
1217 630 1339 692 tionem
1365 628 1453 710 exigi
1477 634 1616 710 oportet,
1650 635 1688 692 ut
1716 629 1898 693 communis
1925 630 1980 707 sit,
2014 649 2052 692 ac
2079 649 2193 693 omnes

189 715 444 782 misericordiam
470 713 634 797 imploret,
664 714 746 797 (non
767 714 857 776 enim
878 721 950 776 tum
971 734 1006 777 66
1026 718 1165 794 paterna
1217 714 1465 795 complectatur,
1494 715 1551 796 qui
1571 712 1620 777 illi
1641 720 1720 778 sunt
1740 715 1776 777 11
1798 713 1930 779 Christo
1954 714 2080 779 1161166.
2126 714 2193 778 Ne-

189 804 315 869 viscera
346 799 552 866 dissimulare
590 826 616 877 p.
639 795 715 947 111]
731 804 882 880 possunt,
912 799 992 880 quin
1019 797 1062 863 ad
1082 799 1164 863 tales
1217 821 1279 882 que
1301 799 1407 864 solum
1426 821 1506 882 quos
1522 799 1605 864 11166
1623 799 1664 864 ad
1682 819 1836 882 praesens
1854 799 1943 864 videt
1960 805 2056 882 atque
2073 821 2193 882 cogno·

188 909 301 971 preces
322 892 614 963 commoveantur,
637 885 694 966 qui
736 884 792 948 1116
813 891 907 965 pater
928 883 1185 963 misericordia·⁸
1217 887 1291 963 scit,
1320 884 1378 949 sed
1405 906 1518 950 omnes
1544 886 1600 968 qui
1628 906 1726 969 super
1753 891 1876 950 terram
1903 893 2007 970 agunt
2033 885 2192 950 homines,

189 994 264 1038 rum
293 981 326 1038 et
352 974 444 1038 Deus
470 973 570 1036 totius
597 970 826 1036 consolationis
852 968 886 1054 (2
906 969 980 1035 (101.
1004 967 1057 1054 1)1
1108 972 1165 1035 An
1215 972 1269 1036 De
1290 972 1408 1053 quibus
1434 971 1514 1054 quid
1540 973 1692 1036 statuerit
1712 972 1892 1050 Dominus,
1921 978 2016 1035 extra
2042 972 2193 1036 notitiam

188 1080 255 1124 non
286 1059 394 1142 potius
415 1059 558 1122 filiorum
579 1055 637 1139 p'ro
664 1078 699 1121 sa
732 1055 976 1137 deprecantium
1002 1056 1164 1140 lacrymas
1217 1065 1364 1121 nostram
1390 1063 1454 1136 est,
1484 1058 1549 1121 nisi
1576 1057 1661 1139 quod
1688 1057 1753 1122 illis
1779 1058 1901 1140 optima
1927 1064 2039 1139 optare
2061 1068 2094 1121 et
2121 1079 2193 1140 spe-

188 1152 222 1211 et
243 1146 383 1228 gemitus
405 1143 572 1222 exaudiet,
600 1164 675 1208 oum
696 1142 890 1223 praesertim
911 1141 953 1206 ad
974 1141 1008 1204 id
1029 1163 1090 1206 nos
1112 1143 1164 1206 in-
1216 1164 1290 1208 rare
1317 1142 1480 1208 debemus.
1530 1141 1606 1209 Etsi
1630 1164 1709 1227 prae
1731 1143 1817 1222 aliis,
1846 1144 1882 1207 in
1904 1142 2096 1208 domesticos
2116 1143 2194 1208 fidoi

189 1233 272 1297 vitot
299 1239 332 1296 et
358 1231 563 1306 exhortetur,
597 1249 696 1311 quam
723 1229 857 1310 quaevis
884 1227 1023 1291 aliomm
1054 1235 1163 1311 patro-
1217 1229 1376 1313 singulari
1390 1228 1532 1311 quodam
1543 1229 1663 1295 affectu
1679 1231 1832 1311 propensi
1843 1250 1915 1293 6666
1929 1228 2092 1306 debemus,
2112 1249 2193 1311 quos

189 1317 295 1384 611161
341 1317 395 1381 Ad
417 1336 555 1398 quorum
582 1313 745 1396 praesidia
765 1312 838 1377 ideo
860 1313 1057 1397 suffirgiunt,
1088 1315 1165 1396 quia
1217 1314 1380 1396 apostolus
1398 1313 1488 1399 (Gal.
1503 1312 1537 1398 6)
1556 1314 1764 1397 peculiariter
1779 1311 1873 1380 1101116
1891 1315 1981 1378 omni
1998 1315 2034 1378 in
2052 1336 2088 1379 16
2106 1336 2192 1380 0011-

189 1404 229 1469 de
250 1403 353 1485 patris
375 1404 425 1467 sui
452 1398 703 1465 mansuetudine
726 1421 763 1465 60
790 1399 964 1465 clementia
990 1400 1161 1464 haesitant
1216 1399 1392 1465 mandavit.
1441 1400 1483 1464 In
1506 1422 1651 1479 summa,
1679 1401 1725 1466 sic
1753 1400 1872 1465 debent
1893 1420 2007 1464 omnes
2029 1422 2099 1465 6666
2121 1421 2193 1471 ora·

271 1488 370 1553 Hanc
387 1495 544 1571 paternae
560 1485 823 1550 mansuetudinis
840 1486 1088 1550 exuberantiam
1104 1506 1163 1549 no-
1216 1487 1329 1563 tiones,
1348 1492 1386 1549 11
1403 1487 1438 1549 11
1456 1507 1529 1551 eam
1546 1495 1694 1568 spectent
1709 1487 1985 1565 emmunitatem,
2007 1507 2106 1568 quam
2124 1487 2193 1551 Do-

187 1576 237 1640 bis
258 1575 294 1638 in
316 1574 470 1656 parabola
491 1573 599 1656 pingit
620 1594 658 1636 ac
680 1578 917 1654 repraesentat:
940 1572 998 1636 ubi
1014 1579 1108 1653 pater
1124 1573 1163 1636 fi·
1217 1574 1327 1636 minus
1348 1580 1459 1654 noster
1484 1574 1521 1636 in
1549 1594 1651 1655 regno
1676 1594 1735 1637 suo
1757 1594 1795 1637 ao
1817 1571 1911 1636 domo
1932 1592 1992 1636 sua
2015 1573 2191 1637 constituit

187 1661 269 1725 lium
291 1661 347 1742 qui
369 1660 409 1725 ab
432 1681 469 1724 oo
491 1680 526 1722 66
548 1658 757 1734 alienaverat,
780 1658 836 1739 qui
857 1657 1074 1721 substantiam
1095 1658 1164 1722 eius
1216 1658 1330 1740 Neque
1358 1657 1391 1722 id
1417 1666 1530 1723 tamen
1556 1659 1661 1736 obest,
1697 1659 1871 1740 quominus
1899 1665 1932 1721 et
1957 1679 2017 1740 pro
2044 1659 2138 1722 nobis
2160 1665 2193 1723 61

187 1747 342 1812 dissolute
364 1745 565 1828 prodegerat,
588 1743 645 1826 qui
666 1743 811 1826 graviter
827 1743 863 1805 in
881 1763 958 1806 eum
975 1742 1163 1824 deliquerat,
1216 1765 1274 1826 pro
1295 1744 1392 1811 certis
1414 1744 1485 1808 aliis
1507 1765 1600 1808 orare
1622 1743 1804 1826 specialiter
1824 1743 1934 1823 lieeat;
1963 1742 2059 1808 modo
2080 1750 2193 1808 tamen

187 1834 291 1898 obviis
312 1833 401 1896 ulnis
422 1831 642 1913 amplectitur3
669 1850 731 1893 nee
753 1834 903 1910 expectat
928 1827 1033 1893 donee
1055 1829 1163 1893 verbis
1216 1831 1346 1894 animus
1373 1831 1414 1895 ab
1441 1830 1540 1895 huius
1561 1830 1803 1895 communitatis
1831 1829 2103 1912 contemplatione
2124 1850 2192 1893 non

186 1919 320 1983 veniam
336 1917 485 2000 postulet,
505 1915 563 1980 sed
579 1917 648 1997 ipse
667 1915 850 1991 antevertit,
874 1913 1065 1978 redeuntem
1083 1915 1163 1978 emi-
1216 1914 1361 1980 discedat
1388 1937 1448 1981 nee
1477 1915 1628 1980 deflectat
1650 1914 1795 1998 quidem,
1824 1914 1881 1979 sed
1903 1916 2013 1980 omnia
2033 1916 2117 1989 istuc
2139 1936 2192 1980 re·

188 2026 252 2069 nus
273 2005 434 2087 agnoscit,
456 2002 543 2067 ultro
563 2001 613 2065 illi
634 2001 782 2078 occurrit,
805 2000 942 2077 solatur,
965 2001 1001 2063 in
1023 2002 1163 2082 gratiam
1215 2002 1306 2066 ferat.
1351 2002 1440 2065 Nam
1461 2002 1609 2084 quamvis
1627 2001 1837 2083 singulariter
1859 2002 2092 2084 concipiantur,
2114 2002 2193 2083 quia

187 2090 302 2172 recipit
323 2086 420 2173 (Luc.
443 2088 506 2172 15).
552 2088 625 2152 Hoc
647 2087 736 2151 enim
763 2092 874 2150 tantae
900 2085 1163 2151 mansuetudinis
1215 2096 1326 2151 tamen
1357 2087 1399 2151 ad
1426 2109 1502 2151 eum
1527 2108 1662 2169 scopum
1683 2085 1883 2169 diriguntur,
1912 2108 2101 2152 communes
2122 2107 2194 2153 6666

188 2175 376 2258 exemplum
397 2175 433 2238 in
453 2175 585 2238 homine
603 2171 817 2255 spectandum
832 2192 1027 2254 proponere,
1049 2170 1163 2236 dooere
1215 2194 1282 2236 non
1305 2173 1468 2237 desinunt.
1513 2171 1554 2237 Id
1574 2180 1681 2236 tetum
1703 2171 1915 2237 similitudine
1935 2172 2031 2237 facile
2052 2172 2157 2237 intelli
2183 2173 2190 2188 ⁸

187 2282 248 2326 nos
270 2261 385 2339 voluit,
415 2281 514 2343 quam
540 2259 726 2323 effusiorem
754 2264 926 2340 expectare
947 2258 1122 2323 debeamus
1145 2278 1164 2321 6
1215 2264 1328 2340 potest.
1374 2258 1538 2323 Generale
1561 2264 1611 2322 661
1626 2258 1691 2322 1161
1711 2257 1906 2322 mandatum
1927 2259 1968 2323 de
1990 2258 2149 2323 sublevari
2172 2279 2193 2324 6

188 2368 237 2424 66,
272 2368 339 2410 161
371 2345 466 2410 modo
493 2352 599 2426 patre,
633 2343 691 2408 sed
721 2351 854 2425 patrum
887 2345 1035 2407 omnium
1066 2344 1163 2427 longe
1188 2346 1191 2439 1
1215 2365 1397 2426 pauperum
1425 2345 1573 2408 omnium
1605 2350 1758 2427 egestate.
1803 2344 1849 2408 Et
1880 2343 1957 2409 huic
1978 2351 2090 2408 tamen
2113 2345 2192 2410 obe·

188 2433 309 2515 optimo
331 2454 369 2497 ao
391 2430 657 2507 clementissimo;
685 2429 835 2511 quamvis
862 2430 997 2513 ingrati,
1026 2429 1163 2495 rebelles
1188 2446 1191 2476 ¹
1215 2429 1326 2507 diunt,
1347 2431 1403 2512 qui
1424 2432 1460 2493 in
1482 2452 1558 2494 61111
1578 2431 1680 2493 finem
1697 2450 1811 2494 eorum
1832 2430 1960 2511 inopiae
1984 2437 2190 2510 succurrunt,

188 2541 226 2583 ac
247 2518 387 2600 improbi
407 2517 480 2594 filii,
508 2515 604 2579 modo
626 2522 737 2579 tamen
759 2515 795 2578 in
816 2516 887 2579 eius
907 2515 1163 2580 misericordiam
1215 2536 1295 2597 quos
1316 2515 1465 2580 laborare
1486 2513 2191 2601 [11180]61110111116111111611611111-

187 2605 491 2669 1060011101611116.
542 2601 592 2666 Ac
620 2621 683 2683 quo
711 2600 880 2665 certiorem
907 2600 1006 2665 fidem
1032 2601 1161 2679 faceret,
1216 2602 1243 2666 si
1270 2602 1391 2666 multos
1417 2609 1639 2683 praetereunt,
1672 2601 1728 2684 qui
1757 2622 1825 2664 non
1857 2601 1971 2666 leviori
1996 2602 2190 2666 necessitato

188 2711 223 2754 se
244 2688 429 2754 huiusmodi
451 2694 578 2771 patrem
606 2686 699 2751 nobis
726 2687 804 2768 ipsis
825 2707 910 2764 6666,
934 2688 961 2750 61
982 2685 1163 2750 Christiani
1214 2694 1418 2769 premuntur,
1442 2687 1495 2751 vel
1512 2688 1588 2769 quia
1607 2709 1676 2751 non
1693 2708 1807 2750 omnes
1828 2708 1932 2764 nosse,
1955 2685 2008 2750 vel
2024 2687 2101 2769 quia
2120 2707 2190 2751 non

188 2797 318 2853 sumus,
346 2796 414 2839 non
439 2773 536 2838 modo
557 2780 651 2856 pater
674 2770 731 2836 sed
753 2772 946 2836 nominatim
967 2779 1079 2836 noster
1100 2771 1163 2836 dici
1215 2775 1368 2839 omnibus
1389 2773 1538 2838 sufficere
1559 2774 1692 2854 possint
1737 2772 1779 2836 In
1801 2773 1890 2838 hune
1911 2771 2068 2850 modum,
2082 2791 2190 2855 neque

187 2862 299 2926 voluit.
350 2862 400 2926 Ao
427 2861 455 2925 si
482 2861 517 2923 in
545 2859 632 2923 hunc
659 2856 793 2922 modum
815 2879 890 2922 cum
915 2880 952 2921 eo
976 2879 1161 2941 ageremus:
1214 2860 1238 2922 ii
1259 2860 1420 2923 voluntati
1437 2860 1501 2924 Dei
1519 2866 1713 2942 repugnant,
1736 2859 1792 2940 qui
1809 2879 2017 2924 communem
2033 2857 2120 2923 hano
2137 2877 2189 2923 so-

187 2956 289 3031 pater,
309 2948 364 3030 qui
382 2946 528 3010 1611611
544 2944 628 3008 filios
645 2945 765 3027 pietate
782 2963 817 3008 es
834 2943 1009 3026 praeditus,
1031 2941 1071 3029 [p.
1087 2942 1161 3029 178]
1215 2946 1367 3009 6161111611
1388 2945 1541 3010 ecelesiae
1564 2951 1746 3026 spectantes
1769 2951 1802 3007 et
1819 2945 1998 3026 cogitantes
2019 2943 2192 3008 huiusmo-

187 3039 282 3097 tanta
303 3032 345 3096 ad
365 3030 601 3115 ignoscendum
626 3029 794 3106 facilitate,
823 3049 883 3093 nos
900 3030 960 3094 filii
981 3031 1029 3092 tui
1051 3036 1083 3093 te
1105 3050 1162 3111 ap-
1215 3030 1248 3094 di
1274 3030 1488 3113 particulares
1509 3031 1672 3094 orationes
1693 3030 1893 3112 concipiunt,
1918 3030 2035 3112 quibus
2060 3029 2192 3111 publico

187 3117 348 3200 pellamus
370 3140 408 3182 ac
430 3117 601 3198 poscimus,
624 3115 730 3180 securi
751 3136 788 3180 ac
806 3115 903 3197 plane
920 3117 1076 3198 persuasi,
1095 3137 1162 3179 non
1215 3118 1324 3181 animo
1351 3116 1572 3199 singularibus
1598 3116 1721 3194 verbis,
1747 3131 1784 3180 ’66
1812 3123 1869 3179 aut
1897 3115 1977 3179 alios
2002 3115 2075 3179 Deo
2102 3136 2192 3180 com·

189 3203 251 3267 alio
272 3209 305 3267 te
328 3225 398 3267 esse
419 3222 499 3285 erga
520 3223 580 3266 nos
602 3202 734 3278 affectu,
758 3222 856 3284 quam
877 3209 1029 3283 patemo,
1058 3196 1162 3284 quan·
1187 3240 1189 3253 ·
1214 3201 1380 3280 mendant,
1404 3222 1543 3284 quorum
1565 3202 1791 3267 necessitatem
1812 3202 1944 3283 propius
1967 3201 2028 3266 sibi
2043 3201 2193 3266 innotes-

188 3290 310 3354 tumvis
338 3288 491 3372 indignos
518 3287 576 3352 tali
602 3296 703 3369 patro.
760 3284 856 3366 Quod
884 3294 994 3351 autem
1020 3308 1088 3350 non
1116 3288 1163 3351 ita
1214 3310 1287 3353 cere
1309 3288 1420 3353 voluit
1460 3285 1658 3369 Quanquam
1679 3308 1746 3351 non
1769 3287 1879 3351 omnia
1900 3287 2040 3369 quidem,
2063 3287 2100 3350 in
2116 3307 2193 3351 ora·

186 3375 406 3449 instituimur,
435 3380 473 3437 ut
499 3394 596 3438 suum
628 3373 763 3454 quisque
795 3378 923 3454 patrem
954 3372 1162 3455 peculiariter
1213 3376 1302 3438 tione
1330 3381 1363 3438 et
1388 3372 1582 3438 facultatum
1603 3374 1802 3456 erogatione,
1832 3379 1910 3437 sunt
1932 3373 2057 3437 similia.
2078 3371 2193 3437 ”Nam

186 3461 342 3538 nominet,
366 3460 424 3524 sed
443 3460 550 3542 potius
572 3466 611 3522 ut
631 3465 780 3521 nostrum
801 3458 837 3521 in
859 3479 1031 3523 commune
1048 3480 1161 3523 onmes
1187 3514 1189 3537 ,
1213 3461 1399 3543 benignitas
1420 3458 1583 3543 largiendi
1604 3461 1750 3524 exerceri
1770 3480 1838 3522 non
1860 3459 1923 3523 nisi
1946 3479 2026 3542 erga
2047 3478 2102 3522 606
2118 3465 2193 3540 pot»

186 3567 348 3624 vocemus,
372 3569 414 3610 ex
433 3567 470 3610 eo
493 3545 720 3619 admonemur,
745 3553 908 3625 quantum·
926 3545 1090 3608 fraternae
1112 3544 1161 3608 di·
1187 3577 1189 3663 p
1214 3557 1277 3623 est,
1300 3567 1440 3627 quorum
1467 3553 1637 3629 perspecta
1657 3552 1708 3609 est
1728 3545 1822 3609 nobis
1843 3545 1967 3626 inopia3
1995 3545 2110 3609 iuvare
2132 3565 2193 3608 011-

185 3631 333 3696 leotionis
356 3633 510 3698 affectum
527 3632 613 3694 inter
631 3652 691 3695 nos
709 3629 910 3694 intercedere
927 3638 1082 3712 oporteat,
1105 3631 1161 3713 qui
1187 3666 1189 3701 r
1214 3639 1281 3696 16111
1303 3632 1447 3695 01611016
1474 3632 1527 3696 vel
1553 3630 1768 3695 alienissimos
1795 3637 1829 3693 et
1856 3630 2077 3712 ignotissimos
2104 3629 2191 3707 licet,

186 3716 261 3781 16116
288 3719 390 3800 patris
418 3738 607 3783 communes
637 3737 751 3781 sumus
783 3715 849 3778 filii.
900 3715 987 3780 Nam
1020 3717 1047 3781 si
1074 3738 1161 3780 unus
1186 3705 1189 3730 ⁴
1214 3716 1454 3799 quantumlibet
1474 3717 1572 3800 longo
1592 3722 1756 3780 terrarum
1776 3715 1950 3780 intervallo
1972 3736 1992 3779 a
2013 3714 2106 3781 nobis
2125 3714 2193 3781 dis·

187 3803 338 3868 omnibus
359 3805 453 3868 nobis
475 3804 657 3869 communis
679 3810 729 3866 est
750 3808 856 3884 pater,
886 3823 990 3884 equo
1011 3803 1163 3885 provenit
1214 3804 1268 3867 siti
1290 3805 1363 3866 sint.
1409 3801 1449 3866 Id
1471 3810 1582 3866 autem
1607 3803 1646 3865 fit
1672 3823 1731 3884 per
1752 3800 1946 3885 generalem⁴
1964 3800 2060 3865 illam·
2077 3822 2194 3883 preca·

185 3887 343 3970 quidquid
364 3891 497 3952 omnino
524 3889 599 3953 boni
622 3889 790 3972 obtingere
817 3888 911 3952 nobis
933 3895 1053 3970 potest,
1078 3887 1163 3951 nihil
1214 3890 1311 3953 tionis
1332 3888 1516 3966 formulam,
1539 3909 1604 3970 qua
1625 3908 1738 3952 omnes
1756 3887 1817 3951 filii
1834 3887 1897 3951 Dei
1915 3888 2133 3965 eontinentur,
2156 3888 2194 3952 in

185 3974 354 4037 internos
376 3974 518 4039 divisum
540 3994 610 4038 esse
632 3974 731 4052 decet,
755 3973 841 4056 quod
863 3995 931 4037 non
952 3995 1074 4058 magna
1091 3974 1162 4038 ani-
1215 3974 1333 4057 quibus
1355 3981 1388 4039 et
1409 3973 1458 4037 illi
1480 3980 1565 4038 sunt.

59 4120 69 4141 ,
185 4059 233 4123 mi
254 4059 421 4124 alacritate
442 4060 549 4141 parati
570 4060 673 4123 simus
694 4059 777 4123 alter
798 4059 892 4123 alteri
912 4061 1160 4137 communicare,
1301 4059 1522 4125 Adscribitur:
1562 4060 1670 4142 ipsum
1706 4080 1776 4124 6666
1811 4059 1846 4122 11
1873 4057 1980 4123 coelis.
2041 4058 2096 4122 Ex
2126 4079 2194 4141 quo

186 4152 347 4227 quantum
369 4166 448 4209 usus
469 4144 620 4228 1106111161.
665 4138 742 4208 Iani
759 4145 787 4208 si
807 4146 867 4222 ita,
892 4153 929 4208 ut
950 4166 1010 4227 par
1032 4155 1089 4224 est,
1112 4146 1163 4211 vi-
1215 4167 1282 4209 101
1303 4146 1452 4226 protinus
1469 4144 1731 4210 ratiocinandum
1748 4153 1806 4224 661,
1829 4145 1937 4228 ipsum
1954 4143 2035 4208 coeli
2052 4145 2195 4209 circum-

187 4231 296 4319 cissim
318 4251 454 4295 manum
475 4231 642 4313 porrigere
665 4236 760 4312 atque
781 4251 876 4312 opem
896 4228 981 4295 forre
1003 4233 1161 4314 cupimus,
1188 4300 1190 4309 Κ
1214 4232 1361 4310 ferentia,
1383 4232 1476 4314 quasi
1498 4230 1650 4296 cancellis
1671 4230 1874 4313 quibusdam,
1897 4229 2061 4295 inclusum
2078 4236 2111 4294 61
2129 4231 2196 4295 cir·

186 4337 253 4381 non
281 4324 330 4381 est
357 4315 393 4378 in
421 4336 484 4398 quo
517 4316 622 4400 magis
649 4314 854 4380 commodare
879 4316 1034 4382 fratribus
1060 4317 1163 4399 possi-
1188 4314 1191 4345 ⁸
1215 4319 1449 4401 cumscriptum
1467 4316 1603 4400 alligari.
1639 4314 1809 4399 Siquidem
1827 4323 1860 4381 61
1877 4314 2032 4381 Solomon
2054 4314 2085 4396 (1
2107 4316 2192 4400 Reg.

187 4423 276 4481 mus,
304 4423 404 4485 quam
431 4402 459 4466 si
486 4401 600 4482 optimi
625 4401 728 4484 patris
755 4422 853 4466 curae
880 4423 917 4466 ac
940 4403 1163 4483 providentiae
1216 4402 1252 4488 8)
1274 4405 1460 4468 confitetur:
1485 4403 1589 4468 606106
1611 4403 1775 4468 coelorum
1796 4420 1871 4466 eum
1893 4422 2008 4483 capere
2028 4422 2096 4465 non
2116 4422 2196 4484 pos·
2282 4448 2286 4454 ·

189 4487 909 4570 6011116116111611111011101111101161616116
932 4488 1163 4552 nihilomnino
1216 4511 1259 4569 66,
1278 4496 1312 4554 61
1332 4491 1401 4573 ipse
1418 4510 1478 4571 per
1494 4489 1688 4571 prophetam
1706 4485 1782 4573 (Ios.
1797 4485 1852 4570 66)
1871 4488 1930 4551 ait:
1949 4487 2076 4552 coelum
2097 4507 2196 4553 suam

189 4572 365 4639 desiderari
391 4579 505 4655 potest
554 4572 602 4636 Et
628 4592 708 4637 6616
733 4572 795 4638 hoc
821 4574 930 4656 ipsum
957 4574 1044 4656 patri
1065 4574 1164 4638 etiam
1216 4575 1327 4641 sedem
1349 4596 1428 4654 6666,
1452 4581 1575 4640 terram
1597 4581 1707 4639 autem
1725 4571 1901 4639 scabellum
1918 4572 2040 4654 pedum
2057 4593 2197 4639 suorum

188 4667 299 4751 nostro
327 4658 491 4727 debemus.
536 4658 584 4725 Ut
604 4659 693 4723 enim
740 4658 774 4721 ui
801 4667 930 4741 patrem
952 4659 1094 4742 aliquem
1115 4659 1164 4723 fa
1216 4659 1438 4746 (1161111).
1484 4659 1559 4742 Quo
1586 4660 1709 4726 seilicet
1730 4659 1905 4742 signifieat,
1934 4679 2001 4723 non
2022 4666 2112 4724 certa
2134 4658 2195 4723 ali-

188 4743 295 4810 milias
321 4767 398 4810 vore
424 4752 458 4809 et
484 4766 526 4810 ex
554 4745 662 4809 animo
714 4743 744 4757 ''
773 4744 810 4823 't,
845 4752 948 4810 totam
974 4745 1072 4810 simul
1095 4746 1164 4810 eius
1216 4769 1281 4830 qua
1313 4747 1446 4830 regione
1473 4768 1509 4812 66
1540 4746 1688 4824 limitari,
1718 4742 1758 4830 [p
1780 4740 1854 4829 181]
1881 4742 1939 4808 sed
1967 4743 2107 4808 diffundi
2134 4764 2197 4828 per
2276 4754 2279 4759 ’

189 4829 322 4894 domum
339 4848 449 4895 amore
467 4829 996 4913 aebenevolentiacomplectitur3
1015 4831 1164 4896 adhunc
1216 4834 1334 4897 omnia.
1379 4833 1522 4909 Verum,
1544 4833 1621 4915 quia
1642 4831 1738 4896 aliter
1757 4829 2011 4894 inenarrabilem
2032 4831 2102 4895 eins
2124 4829 2197 4914 glo·

189 4915 336 4995 modum,
365 4938 428 5000 quo
451 4918 553 4982 simus
579 4917 616 4980 in
643 4915 733 4981 hune
752 4917 924 4982 coelestem
946 4924 1165 5000 1611611611-
1217 4920 1301 4983 riam
1322 4939 1415 4983 mens
1437 4926 1564 4994 nostra,
1588 4938 1647 5000 pro
1669 4915 1911 4993 616016661116,
1935 4917 2104 4998 concipere
2126 4936 2196 4981 non

190 5000 360 5084 dicatque
383 5003 511 5081 affectu,
534 5023 614 5087 erga
634 5002 704 5067 eius
720 5002 886 5084 populum,
909 5003 979 5068 eius
996 5003 1163 5079 familiam,
1216 5011 1356 5088 poterat,
1386 5005 1480 5070 nobis
1506 5024 1566 5086 per
1586 5003 1713 5068 coelum
1739 5000 1910 5084 designata
1932 5008 1995 5080 661,
2024 5023 2088 5084 quo
2110 5001 2197 5067 111111

190 5087 260 5151 6116
278 5087 416 5171 denique
428 5088 663 5153 haereditatem
674 5086 846 5152 ostendere
858 5090 1020 5167 convenit,
1037 5086 1163 5189 [11170]
1218 5091 1402 5174 augustius,
1432 5097 1490 5155 aut
1515 5089 1685 5153 maiestate
1710 5086 1840 5169 plenius
1862 5088 1924 5151 sub
1945 5096 2112 5170 aspectum
2135 5107 2196 5152 no-

190 5192 289 5253 quam
306 5181 474 5255 tantopere
491 5174 672 5253 honoravit,
695 5179 734 5236 ut
748 5173 986 5255 plenitudinem
1003 5175 1166 5259 unigeniti
1217 5184 1322 5241 strum
1343 5177 1457 5241 venire
1477 5182 1592 5257 potest
1636 5172 1763 5254 Quare,
1788 5172 1848 5236 hoc
1868 5171 2004 5254 perinde
2025 5182 2084 5251 est,
2106 5195 2145 5239 ac
2167 5174 2198 5239 61
2262 5210 2264 5214 ·

189 5256 248 5322 filii
270 5260 322 5324 sui
340 5260 507 5324 vocaverit
526 5259 626 5343 (llph.
649 5258 690 5342 1).
1217 5261 1323 5328 dietus
1344 5267 1431 5326 66661
1450 5267 1575 5343 potens,
1598 5259 1756 5336 sublimis,
1778 5258 2124 5339 incomprehensibilis.
2154 5258 2198 5328 Id

1189 4806 1192 4851 1
