4770 6030
999 323 1003 332 ι

184 356 246 418 css
731 348 830 416 oss.
852 349 985 433 vm(
1038 348 1063 434 .)
1106 345 1320 416 sisenem
1340 348 1636 439 sxsmoffla
2124 357 2187 419 ssi

182 468 293 534 siin
311 463 414 518 ciis.
1975 471 1981 496 =

183 543 263 606 oiter
290 559 323 605 co
354 560 376 602 n
424 559 442 602 o
471 539 576 604 laesus
599 544 645 604 est
677 558 783 603 eorum
816 536 918 601 bonor.
966 536 1049 618 Quid
1070 538 1162 601 'suun
1208 537 1391 618 principum
1419 537 1550 603 bonitate
1582 537 1674 602 abusi
1704 540 1842 603 suntin
1875 557 1969 602 suum
1999 542 2188 607 commodum

183 625 446 703 contumeliosius,
481 645 587 688 eorum
614 625 739 706 quidem
766 624 920 705 opinione,
952 623 1017 688 dici
1042 627 1165 711 poterat
1213 623 1361 704 episcopi,
1390 621 1444 690 boc
1475 642 1536 686 una
1564 624 1728 705 specimine
1755 624 1850 701 edito,
1877 624 1957 688 satis
1976 645 2128 708 superque
2148 632 2188 692 to·

183 713 256 777 istis
288 709 406 775 uerbis:
438 730 523 794 repes
549 712 687 793 pontium
718 715 746 774 et
771 710 933 790 principes
964 708 1163 773 dominantur
1214 710 1288 771 stati
1314 713 1401 787 surii,
1429 727 1462 771 se
1487 709 1615 774 minime
1635 730 1701 774 esse
1721 710 1885 792 episcopos.
1929 709 2016 774 Nam
2043 713 2189 793 siquam

184 799 265 875 illis,·
286 817 340 862 uos
361 800 463 860 antem
483 816 543 859 non
565 796 635 860 sie?
678 795 744 859 Nec
763 800 865 859 tanim
890 795 1047 858 duriorem
1068 793 1163 877 leqem
1213 794 1380 860 scintillam
1407 793 1586 859 babuissent
1604 795 1762 876 apostolici
1786 797 1935 878 spirutus,
1962 799 2190 878 respondissent

185 884 284 948 seruis
308 883 380 946 suis
407 882 551 963 imponit,
584 902 680 962 mam
707 882 773 961 ipse
794 882 921 961 primus
948 879 1009 942 sibi
1035 879 1106 943 tulit
1126 898 1163 943 ac
1208 880 1320 960 procel
1338 879 1430 944 dnbio
1451 900 1489 944 eu
1509 899 1561 944 ore
1584 879 1697 946 Pauli.-
1718 901 1810 946 arma
1831 881 1963 946 militiae
1987 888 2109 948 nostrae
2128 903 2189 948 non

185 970 303 1050 recepit.
350 964 1073 1050 ossuumquteffiuo.12,1u)‚notcom
1096 985 1162 1028 con-
1213 965 1354 1029 carnalia
1374 965 1429 1028 sed
1456 965 1640 1046 spiritualia
1667 973 1739 1032 sunt
1760 967 1795 1051 (2
1814 965 1888 1032 (lor.
1911 972 1960 1046 10,
1978 968 2023 1051 4).
2075 969 2190 1035 Verum

187 1055 300 1134 stituit,
329 1058 384 1118 aut
409 1054 576 1117 divisorem
596 1053 676 1116 inter
703 1051 779 1115 uos?
831 1050 978 1115 Videmus
998 1051 1162 1115 iudicandi
1213 1071 1302 1116 caeca
1332 1051 1498 1132 cupiditate
1525 1053 1610 1133 rapti
1643 1057 1729 1119 etse
1754 1058 1782 1118 et
1804 1058 1945 1136 posteras
1975 1059 2003 1118 et
2031 1056 2193 1120 ecclesiam

185 1161 300 1205 ininius
325 1139 506 1220 simpliciter
533 1160 555 1202 a
573 1157 607 1203 se
632 1137 774 1201 reiicere:
801 1136 882 1216 quod
903 1158 964 1201 non
983 1135 1110 1218 faceret,
1132 1136 1162 1199 si
1206 1138 1420 1218 perdiderunt.

185 1247 235 1290 res
256 1231 333 1291 esset
353 1245 411 1288 sua
431 1225 553 1289 muneri
575 1227 781 1288 consentanca.
826 1221 868 1285 In
887 1222 1033 1300 ordinem,
1055 1222 1107 1286 cui
1128 1241 1162 1286 se
1259 1245 1261 1255 ⁴
1301 1226 1370 1286 178.
1429 1223 1568 1288 Tandem
1604 1244 1753 1289 rmnanus
1792 1224 1947 1306 pontifen,
1985 1225 2190 1291 mediocribus

186 1313 345 1377 Dorninus
372 1310 511 1389 subiecit,
539 1328 600 1373 non
615 1310 777 1390 patientur
798 1308 880 1372 serui
901 1328 934 1372 se
954 1308 1044 1390 copi?
1076 1306 1162 1371 Alte-
1212 1308 1364 1389 satrapiis
1388 1328 1450 1372 non
1478 1313 1647 1389 numnius,
1680 1311 1784 1394 repnis
1804 1311 1962 1392 prunum,
1995 1311 2105 1375 dnnde
2131 1313 2189 1376 im·

185 1419 257 1461 rcum
278 1396 383 1461 seban
403 1401 467 1460 tam
488 1395 689 1477 ecpermcnn
704 1393 885 1475 prodessent,
906 1413 1000 1474 quam
1019 1393 1162 1457 dictitare
1206 1395 1297 1474 perio
1323 1414 1440 1474 qnoque
1464 1414 1594 1458 manum
1626 1396 1738 1460 iniecit.
1781 1397 1885 1476 Atque
1905 1402 1939 1460 ut
1961 1398 2189 1479 possessionem

80 1516 87 1533 ο
184 1483 277 1565 facile
302 1487 353 1546 est.
402 1480 503 1561 Atqui
529 1501 625 1560 quum
658 1479 805 1560 apostolis
831 1478 919 1563 (Aoi
942 1483 976 1556 6,
996 1483 1031 1563 2)
1056 1479 1161 1542 uisum
1212 1501 1294 1545 mero
1315 1479 1475 1544 latrocinio
1495 1485 1673 1562 occupatam
1699 1479 1904 1563 qualicunque
1930 1483 2026 1546 colore
2050 1473 2212 1563 retineat,‘

186 1590 247 1633 non
270 1568 381 1651 suerit,
409 1567 548 1631 derelicto
569 1565 633 1631 Dei
653 1585 804 1644 sennam,
833 1566 1014 1629 ministrare
1034 1565 1159 1642 mensis,
1212 1584 1294 1629 nunc
1314 1565 1384 1630 iure
1404 1566 1509 1630 diuino
1530 1585 1563 1630 se
1579 1565 1689 1631 babere
1706 1567 1866 1649 qloniatur,
1886 1565 1970 1632 nunc
1993 1566 2189 1633 Constantini

187 1675 224 1718 eu
250 1674 283 1718 eo
309 1655 385 1733 quia
411 1653 513 1717 doceri
536 1652 656 1729 nolunt,
679 1652 913 1729 conoiucuntur,
940 1671 1002 1714 uon
1023 1650 1161 1714 eiusdem
1212 1652 1416 1731 donationem,
1443 1671 1525 1716 nunc
1546 1652 1646 1716 alium
1666 1653 1791 1717 titulum
1812 1654 1994 1735 praetendit.
2040 1652 2188 1718 Primum

187 1761 250 1805 esse
263 1744 290 1804 et
311 1739 422 1802 boumn
442 1739 618 1820 episcopum
634 1741 797 1818 praestare
818 1736 971 1800 sibonum
975 1737 1160 1817 prinoipem.
1213 1757 1283 1802 cum
1309 1735 1475 1801 Bernardo
1487 1736 1512 1822 ¹)
1540 1739 1719 1820 respondeo:
1746 1743 1826 1817 esto,
1857 1743 1892 1802 ut
1919 1739 1987 1803 alia
2008 1759 2188 1820 quacunque

188 1827 275 1890 Nam
295 1825 325 1888 si
346 1825 396 1888 illi
417 1822 486 1905 (qui
505 1843 565 1906 pro
585 1823 750 1900 donorum
777 1822 889 1904 quibis
903 1822 1045 1905 praediti
1065 1825 1160 1900 mant,
1204 1824 1331 1887 'ratium
1355 1821 1411 1887 boc
1438 1823 1500 1887 sibi
1528 1825 1675 1904 vendicet,
1703 1843 1764 1888 non
1790 1829 1892 1889 tamen
1918 1825 2080 1906 apostoliea
2101 1827 2188 1905 iure,-

186 1911 404 1993 amplitudine,
427 1909 575 1991 uminis
596 1908 682 1991 lonqe
703 1913 731 1972 et
749 1907 946 1990 pravioribus
967 1907 1053 1973 uuis
1073 1907 1162 1989 sulii·
1211 1929 1307 1990 neque
1328 1909 1409 1972 enim
1433 1906 1561 1988 Petrus,
1584 1911 1666 1990 quod
1685 1930 1746 1973 non
1766 1909 1876 1974 babuit
1895 1910 1971 1975 dare
1987 1912 2105 1992 potuit,-
2132 1911 2188 1977 sed

184 2018 248 2062 cere
270 2001 425 2079 poterant,
452 2015 547 2076 mam
574 1994 634 2058 ulli
655 1999 728 2075 post
754 2014 804 2058 eos
829 1995 898 2059 nati
915 1992 1067 2077 borsines)
1094 2013 1161 2058 con·
1211 1995 1296 2059 dedit
1319 1993 1545 2058 suecessoribus
1571 1995 1652 2075 quod
1678 1995 1819 2060 babebat:
1845 1995 2081 2061 sollicitudinem
2101 1996 2188 2062 eede-

182 2084 259 2164 sessi
286 2087 359 2146 sunt
385 2086 487 2145 tamen
513 2101 547 2146 se
567 2079 650 2144 uerbi
672 2085 700 2144 et
720 2100 899 2145 menarum
918 2079 1092 2144 ministerio
1113 2079 1161 2143 in-
1211 2081 1342 2144 siarum.
1395 2079 1497 2160 Quum
1522 2100 1594 2144 uero
1619 2081 1703 2144 dieat
1723 2080 1882 2146 Dominus
1909 2102 1945 2146 ac
1970 2083 2133 2164 maqister,
2154 2101 2188 2146 sc

184 2167 320 2233 cumbere
352 2167 447 2232 minui
478 2187 539 2230 non
568 2185 661 2247 posse
693 2167 771 2246 quin
804 2166 892 2231 oneri
927 2164 1159 2244 succumberent,
1212 2185 1273 2229 non
1305 2184 1370 2229 esse
1396 2164 1592 2230 constitutum
1624 2166 1705 2230 inter
1736 2167 1814 2230 duas
1840 2168 1984 2246 iudicem,
2017 2188 2078 2232 non
2105 2167 2188 2232 debet

185 2254 331 2335 quomodo
349 2253 404 2317 isti
422 2273 501 2334 prae
523 2252 670 2333 apostolis
690 2251 785 2316 nibili
805 2251 1020 2316 homunciones
1034 2255 1161 2332 possent
1212 2271 1298 2316 seruo
1319 2271 1356 2315 ao
1376 2250 1528 2332 discipulo
1548 2251 1711 2333 mdiqnmn
1731 2253 1839 2330 uideri,
1860 2254 1891 2316 si
1912 2274 1973 2317 nan
1989 2253 2102 2317 iudicet
2117 2253 2189 2316 uni-

184 2361 289 2404 sonum
310 2339 499 2403 industriam
519 2336 657 2417 centuplo
678 2338 850 2419 superare?
892 2336 935 2400 Id
954 2335 1079 2419 quidem
1099 2341 1161 2400 ten-
1211 2356 1323 2401 oersos.
1371 2336 1526 2417 Loquitur
1544 2341 1646 2401 autem
1667 2335 1854 2401 Bernardus
1875 2338 1912 2402 de
1937 2339 2067 2403 indiciis
2087 2338 2188 2403 ciuili-

184 2432 251 2489 tare
278 2425 563 2505 impudentissimae
590 2423 780 2503 nimiumque
806 2422 939 2487 audacis
965 2422 1161 2503 middentiae
1213 2423 1286 2501 bns,¹
1307 2421 1466 2505 subiunqit
1487 2423 1585 2487 ennn:
1613 2443 1684 2506 erqo
1705 2423 1739 2486 in
1760 2423 1960 2501 crirninibus,
1982 2445 2043 2486 nan
2062 2426 2097 2488 in
2112 2444 2188 2506 pos·

182 2512 253 2593 fuit.
289 2511 349 2575 Sed
371 2515 472 2575 minen
487 2511 605 2591 factum
622 2508 779 2588 uidemus;
801 2528 860 2588 quo
881 2527 1031 2586 successu,
1047 2507 1160 2589 palam
1211 2508 1408 2587 sessionibus,
1424 2513 1562 2589 potestas
1581 2514 1700 2587 uestra,·
1722 2509 1867 2590 quoniam
1883 2513 2011 2589 propter
2032 2509 2102 2587 illa,
2125 2531 2187 2575 non

184 2602 235 2662 est.
281 2597 389 2676 Neque
418 2597 500 2661 enim
526 2596 645 2660 euenire
672 2594 763 2660 aliter
783 2599 918 2674 poterat,
940 2614 1035 2675 quam
1055 2599 1090 2657 ut
1110 2593 1161 2658 dc·
1208 2600 1334 2675 propter
1354 2595 1413 2658 bas
1434 2595 1594 2675 acceptistis
1611 2594 1710 2659 claves
1728 2595 1816 2677 requi
1833 2593 1990 2657 coelorum
2026 2600 2187 2674 Quaenam

183 2688 266 2748 serta
286 2703 347 2747 sua
365 2683 527 2763 iunctione,
550 2682 585 2744 in
606 2680 711 2744 aliena
732 2685 834 2745 castra
855 2681 1095 2762 commiqrarent.
1212 2679 1267 2743 tibi
1298 2680 1420 2746 uidetur
1451 2682 1554 2745 maior
1582 2680 1735 2763 dipsitas,
1767 2679 1943 2744 dimittendi
1969 2685 2108 2760 peccata
2142 2701 2185 2744 an

273 2773 341 2831 177.
389 2768 455 2832 Nec
475 2767 620 2844 dubium,
641 2767 717 2847 quin
739 2787 777 2830 en
797 2766 938 2830 tenuibus
959 2767 1062 2830 initiis
1076 2785 1161 2847 pau·
1205 2767 1342 2854 proedia
1362 2765 1545 2831 diuidendi?
1565 2766 1654 2830 nulla
1675 2766 1880 2847 comparatic;
1909 2763 2017 2829 babent
2044 2765 2117 2829 baec
2137 2767 2186 2829 in-

184 2854 272 2918 latim
299 2858 399 2918 tantos
422 2873 607 2935 propressus
633 2853 767 2933 fecerim
818 2852 926 2933 Neque
951 2852 1033 2915 enim
1054 2851 1160 2932 primo
1209 2853 1286 2932 tima
1306 2856 1335 2916 et
1355 2856 1476 2916 terrem
1496 2852 1614 2917 iudices
1635 2871 1717 2930 suas,
1739 2871 1824 2934 repes
1846 2851 2048 2932 etpriucepes
2069 2856 2184 2929 terrae‚·

178 2959 282 3020 passu
298 2939 454 3018 bucusque
470 2943 613 3020 poterant
629 2938 838 3016 miscendum
862 2938 916 3003 sed
936 2957 1017 3001 nunc
1034 2937 1160 3018 vafritie
1210 2937 1288 3018 quid
1310 2938 1389 3019 fines
1409 2938 1527 3003 aliems
1548 2938 1721 3024 invaditis?
1747 2942 1797 3002 etc.
1841 2936 1939 3000 Item:
1959 2938 2061 3018 faetus
2082 2957 2115 3001 es
2132 2957 2185 3000 su·

184 3030 212 3089 et
238 3024 370 3104 obliquis
392 3024 513 3088 artibirs
544 3044 609 3088 sese
636 3023 808 3088 clanculum
835 3024 1019 3101 extulerunt,
1052 3024 1099 3087 ita
1124 3027 1160 3086 ut
1206 3024 1315 3106 perior
1341 3022 1535 3106 (Eirqenium
1561 3044 1683 3104 papam
1711 3022 1894 3108 alloquitur)
1920 3023 1964 3087 ad
1991 3023 2092 3103 quid?
2123 3041 2185 3088 non

158 3131 269 3175 nemo
294 3111 438 3191 futurum
461 3110 663 3191 prospiceret,
692 3111 783 3174 donec
807 3111 924 3191 factum
950 3114 1041 3186 esset;
1068 3129 1158 3187 nunc,
1211 3111 1292 3174 enirn
1319 3111 1362 3174 ad
1387 3109 1622 3206 dominandum,
1650 3108 1772 3190 opium
1797 3129 1854 3173 nos
1880 3109 1977 3192 iqitnr
1998 3113 2033 3173 ut
2052 3108 2185 3172 multum

180 3218 239 3278 per
260 3196 454 3273 occasionem,
477 3199 590 3259 terrore
607 3200 633 3258 et
651 3197 747 3259 minis
763 3200 953 3260 eudorserunt
968 3217 989 3259 a
1004 3195 1160 3277 principi-
1211 3196 1383 3260 sentiamus
1408 3196 1445 3260 de
1467 3194 1567 3273 nobes,
1595 3195 1826 3260 muniuerimus
1847 3195 2027 3277 inpositum
2047 3195 2185 3259 ministe-

185 3282 242 3346 bus
263 3282 389 3361 aliquod
411 3282 566 3362 potentiae
585 3301 662 3344 suae
683 3282 872 3359 auctarium,
893 3301 975 3345 nunc
995 3300 1092 3361 quum
1113 3281 1159 3345 ui-
1210 3282 1309 3359 rium,
1331 3302 1393 3345 non
1419 3281 1591 3346 dominium
1616 3281 1740 3346 mlum:
1764 3282 1848 3346 disce
1874 3281 1998 3344 sarculo
2024 3280 2079 3343 tibi
2106 3300 2185 3360 opus

183 3369 287 3433 deruit
302 3367 467 3447 principes
487 3367 530 3430 ad
551 3366 746 3449 larqiendum
765 3387 826 3430 non
843 3366 995 3447 difficiles,
1016 3367 1159 3432 stultaet
1210 3387 1356 3432 essenon
1375 3372 1500 3450 sceptro,
1521 3372 1556 3430 ut
1576 3386 1654 3448 opus
1673 3367 1778 3450 facias
1791 3365 1968 3448 prophetae.
2002 3364 2099 3428 Item:
2115 3365 2186 3446 pla·

184 3453 411 3517 inconsiderata
437 3472 541 3516 earum
567 3452 716 3533 facilitate
741 3457 813 3515 mut
839 3452 939 3516 abusi.
991 3451 1074 3517 Olim
1096 3453 1157 3533 pii,
1209 3474 1285 3517 num
1307 3458 1368 3530 est,·
1395 3453 1540 3534 apostolis
1567 3453 1762 3518 interdicitur
1787 3452 1979 3528 dominatus,-
2006 3451 2020 3513 i
2047 3469 2117 3533 erqo
2142 3455 2185 3529 tu,

185 3541 215 3603 si
241 3540 317 3620 quid
342 3538 561 3602 cocurooersiae
581 3539 746 3615 inuideret,
774 3543 809 3601 ut
834 3538 979 3618 litiqondi
997 3539 1159 3602 necessita
1209 3544 1238 3604 et
1265 3538 1322 3603 libi
1343 3558 1499 3620 usurpare
1527 3539 1608 3604 aude
1629 3535 1684 3603 aut
1704 3539 1869 3603 domimus
1889 3536 2108 3617 apostolatum,
2131 3540 2187 3601 aest

185 3631 243 3690 tem
260 3625 432 3706 effuqerent,
455 3624 593 3706 episcopo
612 3623 802 3688 prandebant
823 3623 997 3702 arbitrium,
1020 3623 1100 3704 quod
1121 3625 1159 3689 de
1210 3624 1395 3707 apostolicus
1415 3625 1613 3690 dominatum.
1657 3624 1702 3687 Et
1721 3624 1861 3687 continua
1877 3628 1965 3703 post:
1990 3622 2094 3703 foruna
2114 3641 2186 3704 apo-

185 3712 252 3775 eius
273 3712 445 3792 iuteqritatc
464 3729 526 3774 non
541 3709 728 3773 dubitabant.
764 3709 895 3774 Talibus
910 3709 1052 3774 arbitriis
1068 3729 1159 3792 saepe
1209 3711 1317 3775 stolica
1342 3710 1416 3775 baec
1443 3716 1502 3774 cst:
1529 3710 1697 3774 dominatio
1718 3708 1930 3787 interdianum
1956 3708 2107 3791 indicitur
2128 3708 2187 3772 mi·

185 3796 424 3878 implicabantur
443 3800 554 3860 ueteres
571 3796 720 3877 episcopi;
741 3796 822 3876 quod
836 3796 918 3877 ipsis
935 3795 1058 3875 quidem
1074 3816 1158 3859 suor-
1208 3797 1360 3860 nistratio.
1404 3796 1491 3860 Haec
1523 3816 1619 3876 quum
1646 3795 1685 3858 ab
1711 3794 1832 3858 bomine
1858 3795 1904 3858 sie
1930 3793 2013 3858 dicta
2040 3794 2119 3873 siut,
2151 3799 2188 3859 ui

185 3903 304 3964 mopere
323 3881 503 3962 displicebat
525 3880 795 3965 (quenadmodum
812 3880 929 3946 alicubi
944 3885 1073 3945 testatur
1089 3880 1159 3945 Au-
1210 3883 1314 3963 ipsam
1339 3883 1496 3947 unitatem
1521 3881 1605 3962 loqui
1630 3880 1771 3944 munibus
1793 3879 1905 3962 palam
1926 3881 1984 3959 sit,
2006 3881 2069 3945 imo
2090 3901 2187 3963 quum

183 3968 341 4052 qustinies)
363 3969 417 4032 sed
438 3988 477 4031 ne
496 3973 606 4048 partes
626 3968 669 4032 ad
685 3969 899 4032 contentiosum
915 3967 1070 4032 iudicium
1085 3987 1159 4049 pro
1210 3969 1278 4032 sine
1306 3968 1384 4032 ullis
1410 3967 1510 4032 uerbis
1535 3988 1585 4032 res
1606 3968 1681 4049 ipsa
1700 3970 1823 4049 patuit,
1846 3965 1927 4029 nibil
1948 3970 2049 4031 tamen
2068 3966 2187 4047 puduit

183 4054 313 4132 silirent,
335 4053 414 4117 banc
435 4053 605 4118 molestiam
632 4054 723 4117 inuiti
743 4053 872 4117 obibant.
916 4052 978 4116 Isti
997 4053 1159 4117 eubolum
1209 4074 1373 4118 romanum
1399 4054 1575 4136 pontificmn
1603 4053 1639 4116 in
1666 4053 1791 4117 coneilio
1823 4052 1989 4116 arelatensi
2019 4053 2186 4130 decernere,

184 4140 277 4202 tariis
305 4139 462 4218 arbitriis,
495 4160 574 4219 quae
599 4159 734 4220 prorsuis
760 4161 781 4202 a
804 4140 923 4220 lorensi
949 4139 1080 4220 strepitu
1107 4138 1158 4210 ab·
1210 4159 1389 4220 supremmn
1422 4140 1474 4203 ius
1505 4140 1668 4221 utriusque
1697 4138 1799 4222 qladii
1830 4138 1892 4202 sibi
1924 4143 2086 4219 competere
2116 4139 2184 4200 iure
2302 4189 2304 4193 .

101 4262 104 4267 <
184 4224 358 4303 borrebant,
384 4225 519 4305 fecerunt
539 4225 735 4289 ordinariam
755 4223 1008 4289 iurisdietionem.
1056 4226 1160 4305 Quen
1210 4227 1324 4290 diuino.

183 4310 273 4374 urbes
295 4329 332 4373 oc
358 4311 494 4393 reqiones
521 4311 678 4391 aliquanto
699 4314 773 4390 post
797 4316 928 4391 tempore
952 4311 1054 4375 uariis
1074 4311 1160 4392 difb·
1299 4316 1369 4375 179.
1417 4312 1574 4392 Quantum
1596 4309 1638 4374 ad
1662 4307 1856 4374 Constantini
1875 4309 2067 4373 donationem
2088 4306 2184 4387 perti

184 4395 346 4460 multatibus
361 4402 583 4477 premerentur,
607 4397 649 4461 ad
669 4397 878 4478 episcoporum
893 4397 1105 4478 patrocinium
1125 4416 1159 4461 se
1209 4402 1266 4477 net,
1288 4399 1344 4478 qui
1365 4397 1556 4461 mediamiler
1577 4397 1612 4460 in
1633 4395 1759 4460 illorum
1775 4401 1944 4476 temporum
1959 4393 2098 4458 historiis
2118 4411 2185 4452 uer-

184 4482 384 4560 eontulemnt,
414 4487 448 4545 ut
471 4482 612 4563 ipsorum
631 4482 693 4563 pide
714 4487 951 4566 proteqerenlur.
996 4481 1058 4546 Isti
1078 4483 1159 4548 miro
1209 4486 1273 4548 sati
1297 4488 1384 4560 sunt,
1414 4503 1476 4548 non
1495 4502 1574 4564 opus
1600 4481 1709 4546 babent
1730 4481 1844 4559 doceri,
1872 4501 1965 4561 quarn
1987 4480 2029 4543 sit
2048 4477 2102 4541 boe
2122 4495 2184 4540 non

184 4568 315 4648 amiticia
342 4588 380 4630 eu
402 4570 549 4648 patronis
574 4569 713 4632 dominos
739 4588 772 4633 se
796 4569 941 4646 feceruut.
992 4569 1076 4649 Quin
1096 4570 1159 4634 oio·
1210 4570 1297 4635 modo
1321 4569 1514 4652 fabulosum,
1542 4569 1712 4633 sedetiam
1738 4566 1915 4632 ridiculum.
1961 4563 2022 4627 Sed
2042 4568 2077 4625 ut
2097 4563 2183 4626 unit

185 4654 274 4718 lentis
300 4653 487 4734 factionibus
519 4655 628 4718 bonam
660 4660 784 4735 partem
817 4654 1007 4735 occupcnint,
1048 4655 1159 4737 neqari
1209 4661 1312 4719 tamus
1332 4655 1496 4735 bistonios,
1522 4675 1607 4719 unus
1632 4653 1803 4737 Greqorius
1823 4652 1920 4715 buius
1940 4649 1987 4712 rei
2007 4652 2035 4712 et
2055 4648 2183 4712 idoneus

183 4760 243 4804 non
264 4743 371 4821 potest.
424 4741 486 4820 Qui
512 4760 581 4804 cero
607 4740 758 4822 episeopis
783 4741 1029 4805 iurisdictionem
1054 4745 1159 4821 sponte
1210 4741 1514 4822 etloeupletissimus
1540 4745 1584 4806 est
1604 4741 1697 4804 testis.
1743 4738 1829 4802 Nam
1850 4735 1967 4816 quoties
1987 4733 2025 4797 de
2048 4734 2183 4815 impera·

184 4827 370 4890 contulerunt
396 4828 572 4908 principes,
606 4827 709 4890 uariis
741 4826 782 4891 ad
814 4826 849 4890 id
881 4827 996 4891 studiis
1027 4826 1158 4907 impulsi
1210 4832 1273 4891 tore
1299 4827 1451 4906 loquitur,
1477 4827 1709 4891 serenissimum
1737 4824 1896 4887 dominum
1915 4822 2013 4896 meat,
2034 4824 2062 4882 et
2081 4840 2114 4883 se
2135 4820 2183 4883 in·

183 4917 262 4976 sunt.
324 4911 441 4975 Verum
471 4918 506 4975 ut
533 4911 673 4992 aliquem
699 4912 828 4993 pietatis
859 4913 989 4994 speeiem
1019 4911 1160 4976 babuerit
1210 4913 1340 4994 diqnum
1361 4913 1430 4975 eius
1456 4932 1587 4976 servum.
1633 4910 1713 4975 Item
1734 4908 1826 4971 alibi:
1853 4904 2058 5000 sacerdotibus
2079 4909 2182 4969 aedem

183 4997 323 5077 ipsorum
355 4998 560 5080 indulqentia,
593 5018 655 5062 non
683 4999 793 5078 optime
814 5002 915 5061 tanmn
942 4996 1000 5061 bac
1026 5017 1159 5078 praepo-
1209 5018 1271 5062 icon
1292 5018 1330 5061 es
1350 5001 1470 5061 terreno
1485 5000 1632 5078 potestate
1654 4994 1797 5059 domiuus
1815 4995 1917 5054 noster
1936 4989 2029 5055 ouius
2046 4992 2182 5074 indique·

183 5087 265 5146 stera
296 5103 357 5146 sua
387 5083 528 5166 larqitate
566 5083 783 5148 consuluerunt
812 5083 953 5146 ecclesiae
984 5083 1157 5160 commodis,

185 5169 274 5230 cuius
296 5168 457 5248 alumnam
479 5189 641 5250 veramque
662 5167 864 5249 disciplinam
879 5169 926 5232 sic
942 5172 1159 5248 corruperunt,·

184 5253 255 5331 imo,
277 5257 313 5315 ut
333 5272 401 5316 vere
422 5255 534 5333 duom,
550 5256 676 5336 penitus
698 5252 899 5319 abolemut.
934 5252 996 5334 Qui
1016 5271 1085 5315 vero
1100 5252 1159 5317 tali
1284 5269 1313 5338 1)
1330 5271 1389 5322 Lib.
1408 5270 1442 5323 de
1460 5267 1591 5322 consider.
1603 5266 1628 5332 2,
1647 5265 1671 5318 6.

1302 5572 1317 5618 Ι
