4770 6030
168 367 230 428 aaa
824 360 923 445 cnr.
946 362 1023 427 xv.
1045 361 1139 446 (19.)
1182 362 1245 424 99
1269 359 1516 427 99999999.
2107 368 2169 429 999

168 460 581 634 dt2i>9eirihiaitirictiirildm
603 556 637 612 99
657 548 849 633 impleatur,
877 549 914 612 in
942 548 1141 613 revelatione
1192 567 1261 611 non
1292 554 1412 632 petunt
1443 557 1483 613 ut
1509 571 1631 615 nomen
1658 549 1724 615 Dei
1757 551 1993 631 sanctificetur,
2026 560 2066 616 ut
2099 554 2170 618 9199

169 639 293 702 seilicet
313 634 426 700 iudicii
448 636 533 714 eius;
562 656 627 717 quo
650 634 701 699 die
724 635 814 699 solus
842 635 912 717 ipsc
934 633 1140 712 exaltabitur,
1193 655 1333 716 regnum
1361 634 1528 712 adveniat,
1561 644 1600 700 ut
1624 638 1684 701 fiat
1711 637 1865 703 voluntas
1894 638 1980 715 eius,
2010 639 2035 701 ii
2062 660 2170 721 neque

169 724 297 804 eritque
318 722 354 785 in
377 720 529 785 omnibus
550 721 662 785 omnia
683 720 715 804 (1
737 719 811 785 Oor.
835 725 883 798 15,
903 720 975 805 28),
999 719 1142 784 collectis
1193 719 1281 784 inter
1301 719 1387 783 filios
1413 727 1448 784 99
1469 742 1581 786 999999
1604 721 1669 786 1191
1696 722 1838 787 habendi
1864 731 1957 801 sunt;
1990 744 2027 789 aa
2055 745 2169 806 quem-

168 830 206 873 ac
228 807 367 890 receptis
389 808 424 871 in
446 806 585 890 gloriam
608 806 685 885 suis,
709 827 812 890 regno
834 827 915 872 vero
932 815 1065 870 satanae
1086 803 1141 869 de-
1194 803 1370 868 admodum
1392 806 1606 871 haecomnia
1628 808 1693 872 illis
1715 809 1830 873 invitis
1852 810 1942 888 fient,
1965 809 2012 873 ita
2033 810 2075 884 19ι
2092 829 2169 873 999-

168 892 301 959 turbato
323 893 456 977 penitus
477 900 511 957 et
531 901 705 974 prostrato.
1194 890 1359 955 fusionem
1380 891 1446 954 11119
1468 892 1585 957 cedent
1606 915 1644 958 ac
1663 893 1831 958 iudicium.

460 1166 848 1264 9999119991919.
1477 1199 1886 1281 cambiandum.

170 1363 270 1444 Fiat
308 1361 504 1443 voluntas
541 1369 637 1464 999,
678 1357 801 1439 9919
832 1357 969 1463 99919,
1009 1355 1071 1439 199
1100 1356 1144 1438 19
1196 1357 1360 1440 Ρ99991
1395 1343 1589 1443 nostrum
1627 1362 1918 1471 quotidianum
1957 1362 2012 1444 da
2048 1363 2169 1446 nobis

593 1489 719 1560 terra.
1536 1537 1547 1561 1
1615 1481 1752 1564 hodie.

258 1669 307 1728 37.
358 1662 435 1743 Qua
467 1662 672 1745 postulamus
709 1670 763 1740 ut,
802 1659 1077 1742 quemadmodum
1108 1660 1145 1723 in
1284 1665 1334 1726 38.
1380 1660 1456 1742 Qua
1488 1663 1524 1726 19
1556 1683 1677 1746 genere
1708 1665 1833 1742 omnis,
1873 1664 1993 1746 quibus
2025 1664 2171 1748 corporis

171 1752 259 1815 coelo
287 1749 370 1813 nihil
398 1748 462 1813 9191
489 1769 531 1812 ox
560 1747 631 1811 eius
658 1756 743 1810 nutu
771 1747 913 1830 geritur,
943 1745 989 1810 919
1011 1752 1143 1825 terram
1196 1767 1279 1810 9999
1310 1748 1371 1812 sub
1398 1747 1569 1813 elementis
1602 1750 1703 1814 huius
1730 1749 1847 1814 mundi
1874 1750 2016 1834 indiget,
2050 1770 2070 1813 a
2097 1750 2171 1815 Deo

170 1837 261 1901 omni
288 1834 493 1899 contumacia
519 1840 553 1897 et
585 1832 761 1896 rebellione
794 1832 972 1909 exstincta,
1006 1831 1143 1914 imperio
1196 1832 1452 1914 petimusznon
1478 1832 1576 1897 modo
1598 1856 1663 1917 quo
1686 1836 1815 1900 alamur
1836 1855 1874 1901 99
1894 1837 2090 1914 vestiamur,
2114 1857 2171 1902 vc-

171 1944 231 1986 999
260 1920 399 2004 subigat.
447 1919 560 2000 Atque
588 1919 636 1983 ita
662 1916 784 2000 ubique
806 1918 918 1981 omnia
945 1938 1004 2000 pro
1026 1917 1144 1982 volun·
1197 1938 1273 1981 rum
1295 1919 1395 1982 etiam
1422 1918 1583 2002 quidquid
1612 1923 1747 1985 omnino
1776 1921 1871 1986 nobis
1892 1920 2074 1986 conducere
2101 1922 2171 2005 ipse

170 2016 239 2071 9999
267 2029 328 2070 999
354 2012 516 2088 temperet
548 2010 647 2086 atque
676 2010 865 2085 componat,
896 2023 1010 2067 omnes
1031 2022 1144 2066 rerum
1219 2004 1368 2087 rospicit,
1399 2016 1438 2068 99
1463 2024 1583 2087 panem
1609 2015 1762 2070 nostrum
1789 2008 1825 2071 19
1850 2027 1930 2090 pace
1952 2007 2169 2071 comedamus.

171 2102 310 2160 eventus
331 2090 534 2167 moderetur,
563 2088 715 2153 omnibus
738 2090 806 2152 suis
829 2088 989 2152 creaturis
1009 2109 1069 2171 pro
1091 2109 1144 2152 ar·
1196 2024 1274 2168 &aa
1294 2088 1439 2154 breviter
1466 2111 1527 2154 nos
1549 2091 1585 2154 19
1607 2091 1678 2156 9199
1700 2113 1814 2156 999991
1835 2093 2012 2170 tradimus,
2035 2112 2073 2155 ac
2094 2113 2170 2175 pro-

170 2178 268 2243 1919919
301 2199 360 2241 999
389 2183 518 2254 utatur,
554 2195 668 2239 omnes
695 2175 843 2238 omnium
869 2174 1056 2240 voluntates
1083 2171 1144 2237 sibi
1197 2172 1361 2239 videntiae
1383 2175 1634 2256 committimus,
1663 2186 1703 2241 ut
1724 2198 1785 2241 nos
1806 2187 1932 2261 pascat,
1955 2180 2079 2257 foveat,
2103 2199 2171 2243 ser·

171 2264 330 2341 subiiciat,
352 2268 391 2325 99
412 2261 575 2325 voluntati
597 2280 676 2324 suae
703 2260 827 2341 pariter
848 2259 1010 2324 obediant.
1052 2258 1145 2340 Quin
1196 2267 1260 2325 vet.
1304 2261 1383 2325 Non
1415 2262 1505 2326 enim
1537 2260 1734 2345 dedignatur
1761 2263 1906 2346 optimus
1932 2272 2027 2346 pater
2052 2284 2172 2348 999999

171 2358 205 2414 99
231 2350 342 2433 999919
370 2346 501 2412 diaboli·
518 2345 796 2429 reproborumque
818 2344 1068 2427 cupiditatibus,
1090 2352 1144 2409 99
1196 2346 1297 2410 etiam
1318 2355 1471 2410 nostrum
1498 2347 1534 2410 in
1559 2347 1659 2412 fidem
1681 2369 1719 2412 ac
1747 2347 1930 2413 custodiam
1951 2370 2046 2413 suam
2069 2351 2171 2414 susci-

171 2455 302 2518 eunqus
329 2434 400 2498 eius
427 2432 605 2517 imperium
633 2432 812 2496 effraenata
844 2430 934 2496 rabie
963 2429 1146 2496 detrectent
1196 2453 1283 2515 pere,
1305 2439 1345 2497 99
1363 2432 1464 2497 fidem
1485 2439 1634 2497 nostram
1651 2434 1791 2498 minutis
1812 2435 1939 2498 istisin
1961 2433 2171 2500 9919999999-

172 2543 210 2587 ac
237 2520 481 2603 subterfugiant
510 2525 544 2582 99
571 2517 726 2599 obsequio
755 2536 790 2580 se
818 2516 1000 2581 subducere
1026 2536 1144 2582 conen·
1196 2525 1281 2582 caat:
1305 2517 1385 2582 dum
1407 2517 1447 2582 ab
1469 2538 1507 2583 eo
1529 2520 1653 2598 omnia,
1682 2518 1852 2602 usquead
1879 2520 1999 2583 micam
2020 2521 2116 2602 panis
2138 2530 2172 2586 et

171 2615 242 2684 tur,
275 2606 382 2689 legem
415 2613 526 2669 tamen
558 2604 720 2686 imponat,
755 2624 798 2667 ne
832 2602 911 2685 quid
939 2603 1006 2667 nisi
1037 2623 1055 2666 9
1085 2622 1145 2667 999
1196 2611 1328 2686 guttam
1357 2623 1477 2686 aquae,
1505 2603 1740 2688 exspectamus.
1785 2605 1872 2669 Nam
1901 2626 2005 2687 quum
2032 2605 2091 2683 sit,
2113 2629 2172 2670 ne·

171 2710 250 2762 unius
275 2695 445 2756 voluntate
467 2697 575 2772 agant.
620 2690 732 2770 Atque
759 2688 794 2751 id
816 2688 949 2769 quidem
975 2688 1144 2770 postulan-
1198 2689 1264 2753 scio
1286 2710 1352 2771 qua
1372 2691 1696 2773 nostrainiquitate,
1725 2699 1966 2775 comparatum,
1988 2697 2028 2753 99
2054 2691 2172 2755 maiori

172 2786 221 2843 tes
261 2779 381 2843 nostris
424 2776 574 2841 omnibus
610 2773 778 2840 desideriis
818 2774 1085 2839 abrenuntiamus
1092 2797 1101 2853 ;
1120 2773 1144 2858 ¹)
1198 2775 1306 2839 carnis
1328 2795 1428 2857 quam
1450 2776 1578 2840 animae
1600 2775 1819 2841 sollicitudine
1840 2777 2023 2840 afficiamur
2044 2795 2082 2838 ac
2102 2784 2171 2838 tor-

170 2863 327 2946 quidquid
348 2864 384 2927 in
405 2862 499 2926 nobis
516 2869 568 2927 est
587 2861 763 2925 affectuum
780 2859 922 2925 Domino
940 2860 1145 2943 resignantes
1197 2880 1372 2943 queamur,
1401 2862 1500 2925 multi
1527 2862 1585 2944 qui
1612 2862 1735 2927 audent
1756 2863 1829 2926 Deo
1856 2860 1896 2926 de
1924 2862 2035 2925 anima
2060 2859 2171 2940 fidere,

172 2971 209 3013 aa
230 2950 456 3030 permittentes
478 2953 709 3031 rogantesque,
735 2967 778 3010 ne
799 2967 852 3010 res
874 2966 916 3009 ex
939 2952 1013 3009 voto
1034 2952 1145 3010 nostro
1197 2953 1278 3009 sunt
1302 2955 1413 3010 tamen
1435 2947 1542 3011 adhuc
1570 2947 1610 3012 de
1633 2968 1731 3012 carne
1758 2947 1905 3026 991119191;
1935 2945 2043 3010 adhuc
2064 2946 2171 3011 hacsi-

171 3034 263 3098 nobis
292 3035 407 3111 fluere,
436 3054 552 3098 verum
579 3033 712 3113 991999
738 3032 943 3115 prospexerit
969 3052 1006 3096 ao
1035 3031 1145 3096 decre·
1197 3040 1272 3095 tant
1293 3031 1374 3114 quid
1395 3031 1508 3112 edant,
1532 3034 1611 3114 quid
1633 3035 1831 3112 vestiantur,
1860 3044 1893 3097 et
1914 3033 1979 3096 nisi
2001 3053 2079 3115 prae
2100 3053 2171 3096 ma·

171 3120 269 3197 verit,
299 3118 470 3184 succedere
493 3119 598 3184 faciat.
642 3117 757 3200 Neque
777 3138 855 3182 vero
882 3117 917 3181 id
939 3116 1044 3181 solum
1062 3117 1145 3199 peti-
1197 3117 1296 3181 nibus
1321 3117 1466 3182 habeant
1490 3119 1576 3196 vini,
1604 3120 1763 3184 frumenti
1789 3128 1823 3184 et
1845 3119 1908 3183 olei
1935 3118 2075 3201 copiam,
2104 3126 2171 3183 tre-

171 3227 260 3281 mus,
285 3212 322 3267 ut
343 3205 479 3269 affectus
501 3211 645 3281 nostros,
668 3205 725 3285 qui
746 3203 908 3269 voluntati
930 3202 1146 3268 adversantur
1196 3204 1321 3288 pidant.
1356 3204 1463 3267 Tanto
1484 3205 1590 3287 plmis
1612 3205 1707 3269 nobis
1728 3211 1779 3269 999
1800 3204 1901 3269 199199
1922 3213 2172 3269 momentaneae

172 3312 266 3367 9999,
295 3291 386 3354 Deus
413 3310 515 3354 vanos
543 3297 576 3354 99
602 3291 711 3354 irritos
734 3289 846 3366 faciat;
880 3288 937 3353 scd
956 3289 1078 3372 potius,
1108 3296 1146 3352 ut
1198 3290 1285 3354 vitae
1307 3287 1432 3368 umbra,
1457 3311 1553 3373 quam
1578 3299 1712 3356 aeterna
1732 3291 1789 3354 illa
1810 3290 2050 3353 immortalitas.
2103 3288 2171 3370 Qui

172 3397 274 3441 novas
302 3385 430 3439 mentes
456 3397 621 3457 novosque
648 3376 788 3453 animos,
817 3375 939 3438 nostris
965 3375 1144 3452 exstinctis,
1197 3395 1276 3441 vero
1304 3373 1377 3438 Deo
1406 3376 1520 3440 confisi
1547 3376 1639 3441 illam
1667 3377 1707 3441 de
1734 3375 1842 3440 carnis
1869 3395 1949 3439 cura
1970 3375 2172 3439 anxietatem

171 3463 207 3525 in
229 3460 323 3524 nobis
351 3468 438 3524 creet
468 3462 537 3543 (Ea.
558 3464 607 3538 36,
628 3461 693 3543 26).
744 3461 793 3526 Ut
818 3460 931 3525 nullus
958 3460 1145 3543 cupiditatis
1198 3461 1299 3526 semel
1325 3459 1529 3540 abiecerrmt,
1558 3462 1658 3526 simul
1684 3463 1798 3526 statim
1817 3481 1901 3543 quae
1927 3461 2053 3523 maiora
2081 3469 2170 3540 sunt,

171 3556 282 3611 motus
308 3546 344 3609 in
371 3544 464 3610 nobis
486 3547 662 3625 sentiatur,
686 3567 785 3629 quam
805 3567 909 3629 purus
930 3567 1007 3611 cum
1028 3546 1145 3611 volun·
1197 3547 1298 3611 etiam
1326 3542 1477 3611 salutem‘
1493 3556 1528 3612 et
1554 3548 1658 3613 vitam
1690 3556 1866 3624 aeternam,
1897 3546 1937 3609 ab
1966 3567 2004 3610 eo
2037 3566 2171 3629 exspec-

173 3643 241 3697 tate
268 3654 328 3696 sua
355 3652 540 3696 consensus.
585 3632 866 3711 Insumma,ne
889 3631 1032 3713 quidex
1051 3631 1145 3696 nobis
1196 3639 1278 3696 tant
1323 3632 1400 3696 Non
1433 3653 1511 3716 ergo
1544 3634 1616 3698 leve
1643 3641 1694 3698 est
1720 3632 1797 3697 fidei
1826 3631 2034 3709 exercitium,
2063 3651 2102 3694 ea
2130 3630 2171 3698 de

172 3719 252 3801 ipsis
274 3718 428 3793 velimus,
459 3716 517 3782 sod
544 3725 583 3780 99
610 3719 745 3800 spiritus
771 3739 851 3782 suus
873 3717 953 3783 velit
980 3719 1015 3782 in
1036 3716 1145 3797 nobis;
1197 3717 1270 3782 Deo
1293 3738 1433 3802 sperare,
1456 3739 1540 3801 quae
1562 3719 1684 3801 alioqui
1701 3739 1763 3782 nos
1784 3727 1955 3801 tantopere
1973 3717 2089 3780 anxios
2111 3717 2171 3781 ha-
2293 3791 2297 3800 .

173 3827 238 3887 quo
270 3806 360 3868 intus
390 3803 540 3883 docente,
573 3801 735 3868 discamus
764 3823 874 3867 amare
900 3824 940 3868 99
967 3824 1050 3885 quae
1082 3804 1145 3886 ipsi
1196 3802 1290 3882 bent;
1318 3824 1426 3886 neque
1446 3823 1566 3888 parum
1587 3805 1772 3888 proiectum
1793 3813 1857 3882 cst,
1885 3804 1943 3868 ubi
1965 3803 2065 3880 hanc,
2087 3823 2171 3884 quae

171 3891 291 3973 placita
313 3896 404 3967 sunt,
427 3887 533 3954 odisse
555 3911 632 3954 vero
655 3896 752 3971 atque
776 3888 957 3953 abominari
980 3911 1145 3971 quaecun·
1196 3889 1232 3952 in
1254 3890 1404 3953 omnium
1431 3910 1534 3972 paene
1560 3890 1734 3954 hominum
1756 3888 1884 3953 ossibus
1905 3887 2071 3952 mordicus
2093 3889 2171 3953 hae·

173 3997 235 4057 que
265 3975 445 4057 displicent
495 3977 551 4039 En
579 3977 685 4058 prima
719 3977 783 4039 tria
810 3977 916 4056 capita
939 3975 1143 4057 precationis,
1196 3984 1262 4054 999,
1295 3973 1524 4040 infidelitatem
1554 3976 1715 4041 exuimus.
1768 3973 1867 4056 Quod
1893 3995 1992 4057 porro
2019 3973 2059 4038 de
2086 3994 2172 4058 pane

172 4061 350 4143 inquibus
375 4060 545 4142 poscendis
566 4062 669 4126 solam
691 4061 754 4125 Dei
782 4061 921 4144 gloriam
941 4081 1020 4143 prae
1042 4061 1144 4127 oculis
1197 4060 1507 4144 supersubstantiali
1532 4061 1666 4145 quidam
1692 4060 1983 4144 philosophantur,
2010 4059 2093 4123 mihi
2119 4061 2170 4124 vi-

172 4147 293 4211 hahere
315 4148 475 4226 convenit,
498 4147 618 4212 omissa
638 4148 744 4211 nostri
760 4148 896 4224 ratione,
919 4167 980 4212 nec
1002 4153 1145 4230 spectata
1197 4146 1294 4211 detur
1316 4146 1443 4212 Christi
1465 4147 1647 4213 sentcntiae
1673 4167 1852 4231 perparum
1873 4146 2057 4212 convenire.
2101 4145 2170 4208 Ita-

173 4233 242 4296 ulla
264 4239 376 4295 nostra
398 4233 553 4297 utilitate:
583 4254 666 4315 quae
688 4233 817 4297 tametsi
838 4233 932 4316 larga
952 4233 1029 4298 inde
1052 4232 1146 4298 nobis
1198 4254 1261 4316 quc
1283 4253 1303 4296 a
1323 4241 1416 4316 patre
1436 4240 1550 4297 nostro
1571 4233 1715 4316 petimus
1736 4253 1857 4316 panem
1874 4240 2034 4296 nostrum
2063 4231 2169 4294 Porro

174 4318 333 4401 provenit,
348 4318 401 4381 hic
418 4325 529 4382 999199
547 4341 567 4383 9
584 4317 678 4383 991919
690 4317 878 4400 quaerenda
893 4324 1030 4383 nonest
1053 4319 1146 4386 Haec
1197 4317 1285 4401 quod
1307 4316 1545 4401 quotidianum,
1567 4326 1602 4383 et
1622 4317 1729 4398 hodie,
1752 4326 1811 4382 999
1832 4319 1933 4381 991919
1954 4314 2108 4398 quotidie,
2131 4322 2171 4379 99

175 4411 286 4468 autem
304 4404 422 4481 omnia,
446 4405 595 4485 quamvis
617 4426 677 4469 nec
699 4403 926 4486 cogitantibus,
949 4425 1009 4469 nec
1031 4412 1146 4486 optan-
1197 4411 1248 4468 est
1275 4403 1363 4488 apud
1391 4402 1533 4468 alterum
1554 4405 1805 4488 evangelistam,
1829 4403 1982 4480 dicimus,
2006 4401 2169 4480 docemur,

174 4489 275 4568 tibus,
303 4510 363 4554 nec
392 4490 578 4570 petentibus
603 4488 709 4566 nobis,
738 4510 797 4553 suo
823 4489 1037 4554 nihilominus
1063 4497 1146 4553 tem·
1197 4513 1239 4554 ne
1267 4489 1442 4554 immodica
1472 4491 1640 4554 fluxarum
1674 4492 1816 4554 istarum
1847 4510 1959 4554 rerum
1992 4485 2171 4570 cupiditate

173 4597 251 4657 pore
279 4575 409 4639 evenire
436 4583 597 4657 oporteat,
628 4574 770 4659 optanda
791 4581 902 4638 tamen
924 4581 957 4638 et
984 4575 1146 4657 poscenda
1197 4576 1379 4652 ardeamus,
1403 4597 1485 4658 quas
1506 4583 1621 4660 postea
1642 4576 1816 4640 ambitiose
1837 4576 1873 4639 in
1893 4574 2112 4656 voluptatem,
2134 4573 2171 4636 in

173 4661 265 4725 nobis
286 4667 374 4726 9999.
417 4659 523 4742 quue
550 4662 655 4726 facere
676 4682 743 4725 non
764 4659 836 4725 leve
859 4680 976 4742 operae
1003 4661 1146 4744 pretium
1198 4662 1468 4740 ostentationem,
1497 4669 1556 4726 aut
1582 4662 1680 4726 aliam
1708 4663 1808 4726 luxus
1830 4660 1971 4743 speciem
1992 4656 2170 4741 profunda-

175 4755 233 4826 est,
256 4747 729 4847 99919999999999999999
750 4745 1093 4811 9111991191999999999
1114 4754 1148 4810 et
1197 4769 1281 4811 mus.
1316 4745 1384 4812 Sed
1404 4746 1583 4830 petendum
1607 4747 1777 4825 duntaxat,
1800 4753 1961 4827 quantum
1983 4743 2172 4807 necessitati

174 4835 400 4913 profiteamur,
434 4834 504 4897 eius
537 4835 655 4897 honen
692 4830 792 4917 (quod
824 4832 966 4897 Domino
998 4835 1147 4917 patrique
1198 4840 1329 4898 nostrae
1356 4833 1437 4897 satis
1458 4842 1522 4911 est,
1550 4842 1583 4898 99
1605 4833 1697 4899 99199
1723 4834 1759 4895 19
1787 4831 1881 4895 diem.
1926 4830 2000 4894 Hac
2021 4837 2111 4893 certa
2132 4831 2170 4892 fi-

175 4915 324 5002 debatur)
351 4927 510 4999 quantum
532 4921 568 4983 in
589 4918 683 4982 nobis
706 4925 770 4997 est,
799 4919 986 4982 servientes.
1031 4919 1147 5001 Itaque
1199 4917 1309 4997 ducia,
1344 4926 1473 5001 patrem
1504 4927 1669 4995 nostrum,
1698 4917 1755 4981 ubi
1783 4936 1844 4979 nos
1877 4914 1973 4980 hodie
2006 4914 2169 4994 nutrierit,

176 5004 230 5083 qui
252 5004 314 5069 hoc
336 5005 455 5071 affectu
476 5026 513 5070 ac
539 5003 647 5070 studio
669 5002 908 5087 promovendae
927 5001 993 5070 Dei
1014 5004 1146 5088 gloriae,
1198 5023 1306 5087 neque
1327 5003 1422 5068 nobis
1443 5005 1585 5069 c1astino
1606 5002 1805 5068 defuturum.

885 5084 889 5103 ⁸
1286 5092 1337 5155 39.
1381 5089 1645 5171 Quantacunque
1673 5097 1785 5153 autem
1812 5108 1925 5152 rerum
1953 5085 2047 5170 copia
2075 5083 2171 5153 nobis

1200 5175 1330 5256 affluat,
1358 5177 1458 5240 etiam
1483 5175 1541 5240 ubi
1566 5175 1697 5259 9991999
1724 5174 1849 5239 1999199
1875 5174 1993 5238 1999999
2019 5179 2053 5235 99
2073 5171 2172 5255 plena

196 5271 200 5277 '
246 5275 274 5342 1)
292 5279 474 5330 renuntiamus
493 5277 561 5331 1553
578 5293 648 5346 seqq.
1200 5262 1340 5342 cellaria,
1362 5283 1491 5347 sempor
1511 5269 1623 5327 tamen
1644 5281 1763 5346 panem
1785 5260 2015 5344 quotidianum
2035 5278 2096 5323 nos
2112 5282 2171 5344 pc-

247 5360 357 5414 Oolcs'ai
369 5379 461 5431 opera.
501 5362 603 5419 Vota
723 5366 726 5379 '
1934 5362 1969 5418 199
