<?xml version="1.0" encoding="UTF-8"?>
<!DOCTYPE html PUBLIC "-//W3C//DTD XHTML 1.0 Transitional//EN"
    "http://www.w3.org/TR/xhtml1/DTD/xhtml1-transitional.dtd">
<html xmlns="http://www.w3.org/1999/xhtml" xml:lang="en" lang="en">
 <head>
  <title>
</title>
<meta http-equiv="Content-Type" content="text/html;charset=utf-8" />
  <meta name='ocr-system' content='tesseract 3.04.00' />
  <meta name='ocr-capabilities' content='ocr_page ocr_carea ocr_par ocr_line ocrx_word'/>
</head>
<body>
  <div class='ocr_page' id='page_1' title='image "./ioanniscalvinio05calvgoog_0027.png"; bbox 0 0 4732 6030; ppageno 0'>
   <div class='ocr_carea' id='block_1_1' title="bbox 1144 314 1231 379">
    <p class='ocr_par' dir='ltr' id='par_1_1' title="bbox 1144 314 1231 379">
     <span class='ocr_line' id='line_1_1' title="bbox 1144 314 1231 379; baseline 0.011 -1"><span class='ocrx_word' id='word_1_1' title='bbox 1144 314 1231 379; x_wconf 87' lang='lat' dir='ltr'>XVI</span> 
     </span>
    </p>
   </div>
   <div class='ocr_carea' id='block_1_2' title="bbox 181 507 2184 623">
    <p class='ocr_par' dir='ltr' id='par_1_2' title="bbox 181 507 2184 623">
     <span class='ocr_line' id='line_1_2' title="bbox 181 507 2184 623; baseline -0.002 -28"><span class='ocrx_word' id='word_1_2' title='bbox 181 512 416 623; x_wconf 86' lang='lat' dir='ltr'>exceperis,</span> <span class='ocrx_word' id='word_1_3' title='bbox 444 508 479 592; x_wconf 80' lang='lat' dir='ltr'>O</span> <span class='ocrx_word' id='word_1_4' title='bbox 505 507 608 590; x_wconf 89' lang='lat' dir='ltr'>lvini</span> <span class='ocrx_word' id='word_1_5' title='bbox 642 507 772 591; x_wconf 91' lang='lat' dir='ltr'>libros</span> <span class='ocrx_word' id='word_1_6' title='bbox 811 509 924 590; x_wconf 91' lang='lat' dir='ltr'>inter</span> <span class='ocrx_word' id='word_1_7' title='bbox 957 507 1138 591; x_wconf 89' lang='lat' dir='ltr'>rariores</span> <span class='ocrx_word' id='word_1_8' title='bbox 1172 510 1361 618; x_wconf 88' lang='lat' dir='ltr'>adeoque</span> <span class='ocrx_word' id='word_1_9' title='bbox 1395 507 1629 590; x_wconf 87' lang='lat' dir='ltr'>rarissimos</span> <span class='ocrx_word' id='word_1_10' title='bbox 1656 509 1799 591; x_wconf 82' lang='lat' dir='ltr'>venire</span> <span class='ocrx_word' id='word_1_11' title='bbox 1827 510 1968 622; x_wconf 91' lang='lat' dir='ltr'>cupidi</span> <span class='ocrx_word' id='word_1_12' title='bbox 2000 520 2184 592; x_wconf 87' lang='lat' dir='ltr'>emtores</span> 
     </span>
    </p>
   </div>
   <div class='ocr_carea' id='block_1_3' title="bbox 69 645 2186 3092">
    <p class='ocr_par' dir='ltr' id='par_1_3' title="bbox 179 645 2186 1305">
     <span class='ocr_line' id='line_1_3' title="bbox 181 645 2185 758; baseline -0.002 -26"><span class='ocrx_word' id='word_1_13' title='bbox 181 679 344 732; x_wconf 86' lang='lat' dir='ltr'>summo</span> <span class='ocrx_word' id='word_1_14' title='bbox 379 677 474 729; x_wconf 90' lang='lat' dir='ltr'>cum</span> <span class='ocrx_word' id='word_1_15' title='bbox 508 645 652 728; x_wconf 89' lang='lat' dir='ltr'>dolore</span> <span class='ocrx_word' id='word_1_16' title='bbox 686 674 785 727; x_wconf 86' lang='lat' dir='ltr'>mox</span> <span class='ocrx_word' id='word_1_17' title='bbox 818 645 1105 726; x_wconf 87' lang='lat' dir='ltr'>intelleximus</span> <span class='ocrx_word' id='word_1_18' title='bbox 1112 676 1123 752; x_wconf 83' lang='lat'><em>3</em></span> <span class='ocrx_word' id='word_1_19' title='bbox 1159 675 1296 757; x_wconf 88' lang='lat' dir='ltr'>neque</span> <span class='ocrx_word' id='word_1_20' title='bbox 1328 645 1451 758; x_wconf 90' lang='lat' dir='ltr'>pauci</span> <span class='ocrx_word' id='word_1_21' title='bbox 1478 655 1579 727; x_wconf 87' lang='lat' dir='ltr'>sunt</span> <span class='ocrx_word' id='word_1_22' title='bbox 1605 646 1694 727; x_wconf 91' lang='lat' dir='ltr'>eins</span> <span class='ocrx_word' id='word_1_23' title='bbox 1726 646 1863 729; x_wconf 89' lang='lat' dir='ltr'>libelli</span> <span class='ocrx_word' id='word_1_24' title='bbox 1888 676 2069 757; x_wconf 89' lang='lat' dir='ltr'>quorum</span> <span class='ocrx_word' id='word_1_25' title='bbox 2096 648 2185 729; x_wconf 91' lang='lat' dir='ltr'>edi-</span> 
     </span>
     <span class='ocr_line' id='line_1_4' title="bbox 180 782 2186 896; baseline -0.002 -27"><span class='ocrx_word' id='word_1_26' title='bbox 180 788 315 869; x_wconf 88' lang='lat' dir='ltr'>tiones</span> <span class='ocrx_word' id='word_1_27' title='bbox 348 784 558 896; x_wconf 82' lang='lat' dir='ltr'>principes</span> <span class='ocrx_word' id='word_1_28' title='bbox 591 782 662 863; x_wconf 77' lang='lat' dir='ltr'>rix</span> <span class='ocrx_word' id='word_1_29' title='bbox 696 783 740 864; x_wconf 92' lang='lat' dir='ltr'>in</span> <span class='ocrx_word' id='word_1_30' title='bbox 774 813 859 865; x_wconf 90' lang='lat' dir='ltr'>una</span> <span class='ocrx_word' id='word_1_31' title='bbox 893 782 1079 865; x_wconf 88' lang='lat' dir='ltr'>alterave</span> <span class='ocrx_word' id='word_1_32' title='bbox 1114 782 1371 865; x_wconf 75' lang='lat' dir='ltr'>bibliotheca</span> <span class='ocrx_word' id='word_1_33' title='bbox 1401 784 1521 866; x_wconf 91' lang='lat' dir='ltr'>nobis</span> <span class='ocrx_word' id='word_1_34' title='bbox 1559 783 1874 893; x_wconf 88' lang='lat' dir='ltr'>deprehendere</span> <span class='ocrx_word' id='word_1_35' title='bbox 1908 785 2102 895; x_wconf 87' lang='lat' dir='ltr'>contigit,</span> <span class='ocrx_word' id='word_1_36' title='bbox 2134 796 2186 866; x_wconf 92' lang='lat' dir='ltr'>ut</span> 
     </span>
     <span class='ocr_line' id='line_1_5' title="bbox 180 920 2185 1036; baseline -0.001 -31"><span class='ocrx_word' id='word_1_37' title='bbox 180 924 232 1005; x_wconf 92' lang='lat' dir='ltr'>de</span> <span class='ocrx_word' id='word_1_38' title='bbox 258 921 425 1032; x_wconf 88' lang='lat' dir='ltr'>gallicis</span> <span class='ocrx_word' id='word_1_39' title='bbox 453 920 707 1003; x_wconf 78' lang='lat' dir='ltr'>editionibus</span> <span class='ocrx_word' id='word_1_40' title='bbox 734 930 950 1002; x_wconf 83' lang='lat' dir='ltr'>taceamus</span> <span class='ocrx_word' id='word_1_41' title='bbox 978 949 1086 1028; x_wconf 91' lang='lat' dir='ltr'>quae</span> <span class='ocrx_word' id='word_1_42' title='bbox 1113 948 1196 1001; x_wconf 90' lang='lat' dir='ltr'>non</span> <span class='ocrx_word' id='word_1_43' title='bbox 1223 949 1303 1001; x_wconf 90' lang='lat' dir='ltr'>usu</span> <span class='ocrx_word' id='word_1_44' title='bbox 1331 931 1544 1036; x_wconf 79' lang='lat' dir='ltr'>autcasu,</span> <span class='ocrx_word' id='word_1_45' title='bbox 1579 932 1630 1002; x_wconf 92' lang='lat' dir='ltr'>ut</span> <span class='ocrx_word' id='word_1_46' title='bbox 1656 922 1762 1003; x_wconf 86' lang='lat' dir='ltr'>aliae</span> <span class='ocrx_word' id='word_1_47' title='bbox 1791 921 1942 1027; x_wconf 89' lang='lat' dir='ltr'>solent,</span> <span class='ocrx_word' id='word_1_48' title='bbox 1970 951 2023 1004; x_wconf 85' lang='lat' dir='ltr'>ex</span> <span class='ocrx_word' id='word_1_49' title='bbox 2049 921 2185 1003; x_wconf 90' lang='lat' dir='ltr'>homi-</span> 
     </span>
     <span class='ocr_line' id='line_1_6' title="bbox 179 1055 2186 1169; baseline -0.002 -26"><span class='ocrx_word' id='word_1_50' title='bbox 179 1090 281 1143; x_wconf 91' lang='lat' dir='ltr'>num</span> <span class='ocrx_word' id='word_1_51' title='bbox 322 1058 454 1142; x_wconf 90' lang='lat' dir='ltr'>oculis</span> <span class='ocrx_word' id='word_1_52' title='bbox 493 1060 581 1140; x_wconf 85' lang='lat' dir='ltr'>fere</span> <span class='ocrx_word' id='word_1_53' title='bbox 617 1068 899 1162; x_wconf 88' lang='lat' dir='ltr'>evanuerunt,</span> <span class='ocrx_word' id='word_1_54' title='bbox 941 1086 1090 1138; x_wconf 82' lang='lat' dir='ltr'>verum</span> <span class='ocrx_word' id='word_1_55' title='bbox 1127 1055 1316 1166; x_wconf 91' lang='lat' dir='ltr'>improba</span> <span class='ocrx_word' id='word_1_56' title='bbox 1353 1058 1541 1140; x_wconf 90' lang='lat' dir='ltr'>hostium</span> <span class='ocrx_word' id='word_1_57' title='bbox 1574 1087 1701 1139; x_wconf 90' lang='lat' dir='ltr'>manu</span> <span class='ocrx_word' id='word_1_58' title='bbox 1738 1070 1932 1169; x_wconf 91' lang='lat' dir='ltr'>correpta</span> <span class='ocrx_word' id='word_1_59' title='bbox 1966 1070 2010 1140; x_wconf 91' lang='lat' dir='ltr'>et</span> <span class='ocrx_word' id='word_1_60' title='bbox 2044 1060 2186 1141; x_wconf 88' lang='lat' dir='ltr'>deleta</span> 
     </span>
     <span class='ocr_line' id='line_1_7' title="bbox 180 1193 1810 1305; baseline -0.001 -25"><span class='ocrx_word' id='word_1_61' title='bbox 180 1208 307 1305; x_wconf 87' lang='grc' dir='ltr'>11111.Ι</span> <span class='ocrx_word' id='word_1_62' title='bbox 351 1196 487 1278; x_wconf 92' lang='lat' dir='ltr'>Plura</span> <span class='ocrx_word' id='word_1_63' title='bbox 521 1194 574 1276; x_wconf 90' lang='lat' dir='ltr'>de</span> <span class='ocrx_word' id='word_1_64' title='bbox 611 1196 676 1277; x_wconf 91' lang='lat' dir='ltr'>his</span> <span class='ocrx_word' id='word_1_65' title='bbox 710 1206 755 1276; x_wconf 90' lang='grc'>61</span> <span class='ocrx_word' id='word_1_66' title='bbox 789 1195 898 1276; x_wconf 89' lang='lat' dir='ltr'>scitu</span> <span class='ocrx_word' id='word_1_67' title='bbox 929 1223 1013 1275; x_wconf 91' lang='lat' dir='ltr'>non</span> <span class='ocrx_word' id='word_1_68' title='bbox 1045 1193 1221 1302; x_wconf 85' lang='lat' dir='ltr'>indigna</span> <span class='ocrx_word' id='word_1_69' title='bbox 1254 1195 1340 1276; x_wconf 91' lang='lat' dir='ltr'>suis</span> <span class='ocrx_word' id='word_1_70' title='bbox 1372 1195 1475 1276; x_wconf 91' lang='lat' dir='ltr'>locis</span> <span class='ocrx_word' id='word_1_71' title='bbox 1512 1196 1810 1278; x_wconf 83' lang='lat' dir='ltr'>enarrabimus</span> 
     </span>
    </p>

    <p class='ocr_par' dir='ltr' id='par_1_4' title="bbox 69 1329 2184 2541">
     <span class='ocr_line' id='line_1_8' title="bbox 333 1329 2182 1442; baseline -0.001 -27"><span class='ocrx_word' id='word_1_72' title='bbox 333 1332 609 1442; x_wconf 80' lang='lat' dir='ltr'>Antiquiores</span> <span class='ocrx_word' id='word_1_73' title='bbox 643 1331 848 1414; x_wconf 77' lang='lat' dir='ltr'>editiones</span> <span class='ocrx_word' id='word_1_74' title='bbox 890 1330 1070 1440; x_wconf 89' lang='lat' dir='ltr'>singulis</span> <span class='ocrx_word' id='word_1_75' title='bbox 1110 1333 1199 1413; x_wconf 85' lang='lat' dir='ltr'>fere</span> <span class='ocrx_word' id='word_1_76' title='bbox 1235 1329 1399 1412; x_wconf 78' lang='lat' dir='ltr'>Oalvini</span> <span class='ocrx_word' id='word_1_77' title='bbox 1434 1332 1553 1414; x_wconf 92' lang='lat' dir='ltr'>libris</span> <span class='ocrx_word' id='word_1_78' title='bbox 1590 1333 1772 1414; x_wconf 89' lang='lat' dir='ltr'>indicem</span> <span class='ocrx_word' id='word_1_79' title='bbox 1798 1332 1994 1441; x_wconf 70' lang='lat' dir='ltr'>‘aliquem</span> <span class='ocrx_word' id='word_1_80' title='bbox 2027 1333 2182 1415; x_wconf 82' lang='lat' dir='ltr'>addere</span> 
     </span>
     <span class='ocr_line' id='line_1_9' title="bbox 179 1469 2183 1580; baseline -0.002 -24"><span class='ocrx_word' id='word_1_81' title='bbox 179 1472 390 1576; x_wconf 87' lang='lat' dir='ltr'>solebant,</span> <span class='ocrx_word' id='word_1_82' title='bbox 425 1470 468 1551; x_wconf 90' lang='lat' dir='ltr'>in</span> <span class='ocrx_word' id='word_1_83' title='bbox 501 1469 679 1551; x_wconf 78' lang='lat' dir='ltr'>studiosi</span> <span class='ocrx_word' id='word_1_84' title='bbox 715 1469 885 1552; x_wconf 90' lang='lat' dir='ltr'>lectoris</span> <span class='ocrx_word' id='word_1_85' title='bbox 921 1469 1198 1568; x_wconf 92' lang='lat' dir='ltr'>commodum,</span> <span class='ocrx_word' id='word_1_86' title='bbox 1234 1469 1332 1579; x_wconf 90' lang='lat' dir='ltr'>plus</span> <span class='ocrx_word' id='word_1_87' title='bbox 1359 1470 1498 1560; x_wconf 89' lang='lat' dir='ltr'>minus</span> <span class='ocrx_word' id='word_1_88' title='bbox 1526 1469 1784 1580; x_wconf 78' lang='lat' dir='ltr'>locupletem</span> <span class='ocrx_word' id='word_1_89' title='bbox 1808 1499 1954 1551; x_wconf 90' lang='lat' dir='ltr'>rerum</span> <span class='ocrx_word' id='word_1_90' title='bbox 1979 1480 2183 1552; x_wconf 77' lang='lat' dir='ltr'>tractata·</span> 
     </span>
     <span class='ocr_line' id='line_1_10' title="bbox 178 1605 2182 1718; baseline -0.001 -27"><span class='ocrx_word' id='word_1_91' title='bbox 178 1639 275 1691; x_wconf 89' lang='lat' dir='ltr'>rum</span> <span class='ocrx_word' id='word_1_92' title='bbox 300 1607 558 1717; x_wconf 85' lang='lat' dir='ltr'>farraginem</span> <span class='ocrx_word' id='word_1_93' title='bbox 591 1607 872 1689; x_wconf 83' lang='lat' dir='ltr'>exhibentem.</span> <span class='ocrx_word' id='word_1_94' title='bbox 934 1607 1024 1688; x_wconf 88' lang='lat' dir='ltr'>Nos</span> <span class='ocrx_word' id='word_1_95' title='bbox 1062 1635 1230 1715; x_wconf 91' lang='lat' dir='ltr'>quoque</span> <span class='ocrx_word' id='word_1_96' title='bbox 1256 1605 1421 1688; x_wconf 90' lang='lat' dir='ltr'>Indices</span> <span class='ocrx_word' id='word_1_97' title='bbox 1455 1607 1709 1688; x_wconf 86' lang='lat' dir='ltr'>meditamur</span> <span class='ocrx_word' id='word_1_98' title='bbox 1744 1616 1834 1688; x_wconf 89' lang='lat' dir='ltr'>tam</span> <span class='ocrx_word' id='word_1_99' title='bbox 1866 1606 2019 1718; x_wconf 88' lang='lat' dir='ltr'>grandi</span> <span class='ocrx_word' id='word_1_100' title='bbox 2055 1635 2182 1718; x_wconf 85' lang='lat' dir='ltr'>opere</span> 
     </span>
     <span class='ocr_line' id='line_1_11' title="bbox 178 1730 2184 1855; baseline -0 -27"><span class='ocrx_word' id='word_1_101' title='bbox 178 1775 262 1828; x_wconf 92' lang='lat' dir='ltr'>non</span> <span class='ocrx_word' id='word_1_102' title='bbox 295 1745 512 1855; x_wconf 84' lang='lat' dir='ltr'>indignos,</span> <span class='ocrx_word' id='word_1_103' title='bbox 547 1745 622 1826; x_wconf 91' lang='lat' dir='ltr'>sed</span> <span class='ocrx_word' id='word_1_104' title='bbox 655 1730 732 1826; x_wconf 22' lang='lat' dir='ltr'>cos*</span> <span class='ocrx_word' id='word_1_105' title='bbox 759 1773 844 1825; x_wconf 93' lang='lat' dir='ltr'>non</span> <span class='ocrx_word' id='word_1_106' title='bbox 882 1743 1062 1852; x_wconf 91' lang='lat' dir='ltr'>singulis</span> <span class='ocrx_word' id='word_1_107' title='bbox 1096 1743 1379 1824; x_wconf 86' lang='lat' dir='ltr'>voluminibus</span> <span class='ocrx_word' id='word_1_108' title='bbox 1413 1743 1691 1827; x_wconf 87' lang='lat' dir='ltr'>subiiciendos</span> <span class='ocrx_word' id='word_1_109' title='bbox 1718 1744 1872 1853; x_wconf 89' lang='lat' dir='ltr'>quibus</span> <span class='ocrx_word' id='word_1_110' title='bbox 1902 1744 2018 1826; x_wconf 91' lang='lat' dir='ltr'>haud</span> <span class='ocrx_word' id='word_1_111' title='bbox 2053 1773 2184 1854; x_wconf 82' lang='lat' dir='ltr'>parva</span> 
     </span>
     <span class='ocr_line' id='line_1_12' title="bbox 180 1880 2181 1993; baseline -0.001 -29"><span class='ocrx_word' id='word_1_112' title='bbox 180 1883 480 1993; x_wconf 80' lang='lat' dir='ltr'>quaerentibus</span> <span class='ocrx_word' id='word_1_113' title='bbox 515 1892 730 1964; x_wconf 75' lang='lat' dir='ltr'>crearetur</span> <span class='ocrx_word' id='word_1_114' title='bbox 763 1880 970 1986; x_wconf 88' lang='lat' dir='ltr'>molestia,</span> <span class='ocrx_word' id='word_1_115' title='bbox 1006 1881 1081 1961; x_wconf 89' lang='lat' dir='ltr'>sed</span> <span class='ocrx_word' id='word_1_116' title='bbox 1112 1880 1338 1990; x_wconf 76' lang='lat' dir='ltr'>generales</span> <span class='ocrx_word' id='word_1_117' title='bbox 1375 1881 1637 1990; x_wconf 88' lang='lat' dir='ltr'>quosdicere</span> <span class='ocrx_word' id='word_1_118' title='bbox 1665 1881 1804 1987; x_wconf 78' lang='lat' dir='ltr'>liceat,</span> <span class='ocrx_word' id='word_1_119' title='bbox 1843 1881 1897 1963; x_wconf 92' lang='lat' dir='ltr'>ad</span> <span class='ocrx_word' id='word_1_120' title='bbox 1923 1892 2064 1963; x_wconf 89' lang='lat' dir='ltr'>totum</span> <span class='ocrx_word' id='word_1_121' title='bbox 2091 1910 2181 1964; x_wconf 90' lang='lat' dir='ltr'>cor-</span> 
     </span>
     <span class='ocr_line' id='line_1_13' title="bbox 69 2017 2182 2132; baseline -0.001 -31"><span class='ocrx_word' id='word_1_122' title='bbox 69 2075 72 2079; x_wconf 91' lang='lat'>·</span> <span class='ocrx_word' id='word_1_123' title='bbox 177 2049 258 2132; x_wconf 90' lang='lat' dir='ltr'>pus</span> <span class='ocrx_word' id='word_1_124' title='bbox 291 2019 571 2103; x_wconf 86' lang='lat' dir='ltr'>calvinianum</span> <span class='ocrx_word' id='word_1_125' title='bbox 604 2018 961 2102; x_wconf 84' lang='lat' dir='ltr'>accommodatos·</span> <span class='ocrx_word' id='word_1_126' title='bbox 1008 2017 1160 2126; x_wconf 88' lang='lat' dir='ltr'>Itaque</span> <span class='ocrx_word' id='word_1_127' title='bbox 1189 2026 1233 2098; x_wconf 90' lang='lat' dir='ltr'>et</span> <span class='ocrx_word' id='word_1_128' title='bbox 1264 2018 1480 2102; x_wconf 90' lang='lat' dir='ltr'>nominum</span> <span class='ocrx_word' id='word_1_129' title='bbox 1507 2030 1551 2100; x_wconf 89' lang='lat' dir='ltr'>et</span> <span class='ocrx_word' id='word_1_130' title='bbox 1582 2048 1726 2108; x_wconf 80' lang='lat' dir='ltr'>rerum</span> <span class='ocrx_word' id='word_1_131' title='bbox 1752 2029 1797 2100; x_wconf 92' lang='grc'>61</span> <span class='ocrx_word' id='word_1_132' title='bbox 1828 2017 2017 2101; x_wconf 90' lang='lat' dir='ltr'>locorum</span> <span class='ocrx_word' id='word_1_133' title='bbox 2050 2019 2182 2128; x_wconf 83' lang='lat' dir='ltr'>scrip-</span> 
     </span>
     <span class='ocr_line' id='line_1_14' title="bbox 179 2155 2181 2266; baseline -0.001 -29"><span class='ocrx_word' id='word_1_134' title='bbox 179 2167 300 2239; x_wconf 92' lang='lat' dir='ltr'>turae</span> <span class='ocrx_word' id='word_1_135' title='bbox 334 2185 475 2239; x_wconf 89' lang='lat' dir='ltr'>sacrae</span> <span class='ocrx_word' id='word_1_136' title='bbox 507 2166 552 2237; x_wconf 89' lang='lat' dir='ltr'>et</span> <span class='ocrx_word' id='word_1_137' title='bbox 582 2156 763 2238; x_wconf 85' lang='lat' dir='ltr'>aliorum</span> <span class='ocrx_word' id='word_1_138' title='bbox 799 2166 997 2237; x_wconf 88' lang='lat' dir='ltr'>autorum</span> <span class='ocrx_word' id='word_1_139' title='bbox 1027 2184 1052 2236; x_wconf 94' lang='lat' dir='ltr'>a</span> <span class='ocrx_word' id='word_1_140' title='bbox 1090 2166 1235 2236; x_wconf 89' lang='lat' dir='ltr'>nostro</span> <span class='ocrx_word' id='word_1_141' title='bbox 1272 2155 1543 2238; x_wconf 92' lang='lat' dir='ltr'>laudatorum</span> <span class='ocrx_word' id='word_1_142' title='bbox 1580 2155 1873 2266; x_wconf 90' lang='lat' dir='ltr'>plenissimum</span> <span class='ocrx_word' id='word_1_143' title='bbox 1904 2185 2077 2238; x_wconf 89' lang='lat' dir='ltr'>censum</span> <span class='ocrx_word' id='word_1_144' title='bbox 2107 2185 2181 2237; x_wconf 84' lang='lat' dir='ltr'>ex-</span> 
     </span>
     <span class='ocr_line' id='line_1_15' title="bbox 179 2272 2181 2404; baseline -0.001 -27"><span class='ocrx_word' id='word_1_145' title='bbox 179 2295 408 2401; x_wconf 90' lang='lat' dir='ltr'>hibebunt,</span> <span class='ocrx_word' id='word_1_146' title='bbox 439 2305 490 2376; x_wconf 93' lang='lat' dir='ltr'>ut</span> <span class='ocrx_word' id='word_1_147' title='bbox 520 2293 627 2374; x_wconf 87' lang='lat' dir='ltr'>nihil</span> <span class='ocrx_word' id='word_1_148' title='bbox 659 2293 715 2374; x_wconf 90' lang='lat' dir='ltr'>sit</span> <span class='ocrx_word' id='word_1_149' title='bbox 745 2291 859 2401; x_wconf 92' lang='lat' dir='ltr'>quod</span> <span class='ocrx_word' id='word_1_150' title='bbox 889 2291 1000 2373; x_wconf 90' lang='lat' dir='ltr'>inter</span> <span class='ocrx_word' id='word_1_151' title='bbox 1032 2291 1173 2374; x_wconf 90' lang='lat' dir='ltr'>studia</span> <span class='ocrx_word' id='word_1_152' title='bbox 1203 2292 1258 2374; x_wconf 91' lang='lat' dir='ltr'>ad</span> <span class='ocrx_word' id='word_1_153' title='bbox 1287 2292 1403 2374; x_wconf 90' lang='lat' dir='ltr'>illius</span> <span class='ocrx_word' id='word_1_154' title='bbox 1436 2293 1592 2375; x_wconf 84' lang='lat' dir='ltr'>sacculi</span> <span class='ocrx_word' id='word_1_155' title='bbox 1622 2294 1712 2375; x_wconf 85' lang='lat' dir='ltr'>fata</span> <span class='ocrx_word' id='word_1_156' title='bbox 1743 2303 1788 2374; x_wconf 91' lang='lat' dir='ltr'>et</span> <span class='ocrx_word' id='word_1_157' title='bbox 1817 2293 2029 2375; x_wconf 90' lang='lat' dir='ltr'>doctrinas</span> <span class='ocrx_word' id='word_1_158' title='bbox 2061 2272 2181 2404; x_wconf 83' lang='lat' dir='ltr'>spec-</span> 
     </span>
     <span class='ocr_line' id='line_1_16' title="bbox 178 2428 1765 2541; baseline -0.002 -27"><span class='ocrx_word' id='word_1_159' title='bbox 178 2432 314 2514; x_wconf 89' lang='lat' dir='ltr'>tantia</span> <span class='ocrx_word' id='word_1_160' title='bbox 343 2432 413 2514; x_wconf 85' lang='lat' dir='ltr'>vel</span> <span class='ocrx_word' id='word_1_161' title='bbox 443 2432 696 2541; x_wconf 89' lang='lat' dir='ltr'>theologum</span> <span class='ocrx_word' id='word_1_162' title='bbox 726 2430 796 2510; x_wconf 82' lang='lat' dir='ltr'>vel</span> <span class='ocrx_word' id='word_1_163' title='bbox 826 2428 1098 2510; x_wconf 88' lang='lat' dir='ltr'>historiarum</span> <span class='ocrx_word' id='word_1_164' title='bbox 1131 2439 1409 2512; x_wconf 86' lang='lat' dir='ltr'>scrutatorem</span> <span class='ocrx_word' id='word_1_165' title='bbox 1440 2431 1595 2513; x_wconf 86' lang='lat' dir='ltr'>morari</span> <span class='ocrx_word' id='word_1_166' title='bbox 1626 2439 1765 2541; x_wconf 87' lang='lat' dir='ltr'>queat.</span> 
     </span>
    </p>

    <p class='ocr_par' dir='ltr' id='par_1_5' title="bbox 179 2566 2182 3092">
     <span class='ocr_line' id='line_1_17' title="bbox 333 2566 2181 2680; baseline -0.001 -29"><span class='ocrx_word' id='word_1_167' title='bbox 333 2569 516 2680; x_wconf 81' lang='lat' dir='ltr'>Effigies</span> <span class='ocrx_word' id='word_1_168' title='bbox 556 2567 720 2651; x_wconf 85' lang='lat' dir='ltr'>Oalvini</span> <span class='ocrx_word' id='word_1_169' title='bbox 758 2566 856 2648; x_wconf 91' lang='lat' dir='ltr'>huic</span> <span class='ocrx_word' id='word_1_170' title='bbox 892 2566 1028 2676; x_wconf 91' lang='lat' dir='ltr'>primo</span> <span class='ocrx_word' id='word_1_171' title='bbox 1066 2566 1270 2647; x_wconf 85' lang='lat' dir='ltr'>volumini</span> <span class='ocrx_word' id='word_1_172' title='bbox 1318 2568 1506 2678; x_wconf 87' lang='lat' dir='ltr'>praefixa</span> <span class='ocrx_word' id='word_1_173' title='bbox 1544 2570 1597 2649; x_wconf 91' lang='lat' dir='ltr'>ad</span> <span class='ocrx_word' id='word_1_174' title='bbox 1642 2569 1871 2678; x_wconf 81' lang='lat' dir='ltr'>imaginem</span> <span class='ocrx_word' id='word_1_175' title='bbox 1915 2568 2100 2677; x_wconf 86' lang='lat' dir='ltr'>aliquam</span> <span class='ocrx_word' id='word_1_176' title='bbox 2136 2568 2181 2649; x_wconf 90' lang='lat' dir='ltr'>in</span> 
     </span>
     <span class='ocr_line' id='line_1_18' title="bbox 179 2694 2179 2817; baseline -0.002 -27"><span class='ocrx_word' id='word_1_177' title='bbox 179 2706 436 2790; x_wconf 87' lang='lat' dir='ltr'>bibliotheca</span> <span class='ocrx_word' id='word_1_178' title='bbox 464 2705 695 2816; x_wconf 81' lang='lat' dir='ltr'>genevensi</span> <span class='ocrx_word' id='word_1_179' title='bbox 726 2704 955 2815; x_wconf 88' lang='lat' dir='ltr'>repositam</span> <span class='ocrx_word' id='word_1_180' title='bbox 986 2732 1186 2813; x_wconf 87' lang='lat' dir='ltr'>expressa</span> <span class='ocrx_word' id='word_1_181' title='bbox 1217 2714 1295 2810; x_wconf 90' lang='lat' dir='ltr'>est,</span> <span class='ocrx_word' id='word_1_182' title='bbox 1328 2704 1662 2814; x_wconf 90' lang='lat' dir='ltr'>antiquissimam</span> <span class='ocrx_word' id='word_1_183' title='bbox 1694 2719 1739 2787; x_wconf 91' lang='grc'>61</span> <span class='ocrx_word' id='word_1_184' title='bbox 1769 2694 1927 2817; x_wconf 80' lang='lat' dir='ltr'>optiine</span> <span class='ocrx_word' id='word_1_185' title='bbox 1959 2717 2179 2787; x_wconf 87' lang='lat' dir='ltr'>servatam.</span> 
     </span>
     <span class='ocr_line' id='line_1_19' title="bbox 180 2840 2180 2956; baseline -0.001 -30"><span class='ocrx_word' id='word_1_186' title='bbox 180 2841 535 2956; x_wconf 76' lang='lat' dir='ltr'>Quamprimum</span> <span class='ocrx_word' id='word_1_187' title='bbox 567 2855 657 2925; x_wconf 91' lang='lat' dir='ltr'>arte</span> <span class='ocrx_word' id='word_1_188' title='bbox 689 2840 1027 2953; x_wconf 85' lang='lat' dir='ltr'>photographica</span> <span class='ocrx_word' id='word_1_189' title='bbox 1057 2841 1231 2951; x_wconf 86' lang='lat' dir='ltr'>depingi</span> <span class='ocrx_word' id='word_1_190' title='bbox 1262 2843 1513 2949; x_wconf 76' lang='lat' dir='ltr'>curarimus,</span> <span class='ocrx_word' id='word_1_191' title='bbox 1543 2871 1711 2948; x_wconf 81' lang='lat' dir='ltr'>verum,</span> <span class='ocrx_word' id='word_1_192' title='bbox 1743 2854 1793 2924; x_wconf 91' lang='lat' dir='ltr'>nt</span> <span class='ocrx_word' id='word_1_193' title='bbox 1822 2843 2009 2947; x_wconf 80' lang='lat' dir='ltr'>videtur,</span> <span class='ocrx_word' id='word_1_194' title='bbox 2047 2842 2180 2925; x_wconf 87' lang='lat' dir='ltr'>invito</span> 
     </span>
     <span class='ocr_line' id='line_1_20' title="bbox 179 2977 2182 3092; baseline 0 -31"><span class='ocrx_word' id='word_1_195' title='bbox 179 2981 376 3088; x_wconf 71' lang='lat' dir='ltr'>Phoebo,</span> <span class='ocrx_word' id='word_1_196' title='bbox 407 2981 533 3092; x_wconf 88' lang='lat' dir='ltr'>plura</span> <span class='ocrx_word' id='word_1_197' title='bbox 565 2979 676 3062; x_wconf 91' lang='lat' dir='ltr'>enim</span> <span class='ocrx_word' id='word_1_198' title='bbox 707 2979 896 3061; x_wconf 89' lang='lat' dir='ltr'>colorum</span> <span class='ocrx_word' id='word_1_199' title='bbox 926 2977 1183 3060; x_wconf 89' lang='lat' dir='ltr'>lineamenta</span> <span class='ocrx_word' id='word_1_200' title='bbox 1214 2978 1384 3061; x_wconf 89' lang='lat' dir='ltr'>chartae</span> <span class='ocrx_word' id='word_1_201' title='bbox 1416 2980 1584 3062; x_wconf 86' lang='lat' dir='ltr'>inscribi</span> <span class='ocrx_word' id='word_1_202' title='bbox 1614 2981 1819 3063; x_wconf 88' lang='lat' dir='ltr'>hactenus</span> <span class='ocrx_word' id='word_1_203' title='bbox 1850 2990 2101 3062; x_wconf 86' lang='lat' dir='ltr'>recusarunt</span> <span class='ocrx_word' id='word_1_204' title='bbox 2131 2989 2182 3084; x_wconf 83' lang='lat' dir='ltr'>ut</span> 
     </span>
    </p>
   </div>
   <div class='ocr_carea' id='block_1_4' title="bbox 28 3115 2181 3228">
    <p class='ocr_par' dir='ltr' id='par_1_6' title="bbox 28 3115 2181 3228">
     <span class='ocr_line' id='line_1_21' title="bbox 28 3115 2181 3228; baseline 0.001 -30"><span class='ocrx_word' id='word_1_205' title='bbox 28 3178 31 3185; x_wconf 83' lang='lat'><em>·</em></span> <span class='ocrx_word' id='word_1_206' title='bbox 178 3117 250 3198; x_wconf 84' lang='lat' dir='ltr'>vix</span> <span class='ocrx_word' id='word_1_207' title='bbox 280 3117 373 3228; x_wconf 92' lang='lat' dir='ltr'>ipsa</span> <span class='ocrx_word' id='word_1_208' title='bbox 402 3116 481 3198; x_wconf 82' lang='lat' dir='ltr'>viri</span> <span class='ocrx_word' id='word_1_209' title='bbox 518 3115 645 3196; x_wconf 82' lang='lat' dir='ltr'>facies</span> <span class='ocrx_word' id='word_1_210' title='bbox 684 3115 822 3197; x_wconf 90' lang='lat' dir='ltr'>lucide</span> <span class='ocrx_word' id='word_1_211' title='bbox 860 3115 1083 3227; x_wconf 83' lang='lat' dir='ltr'>conspicua</span> <span class='ocrx_word' id='word_1_212' title='bbox 1121 3116 1374 3226; x_wconf 88' lang='lat' dir='ltr'>apparuerit.</span> <span class='ocrx_word' id='word_1_213' title='bbox 1436 3117 1503 3199; x_wconf 89' lang='lat' dir='ltr'>Ne</span> <span class='ocrx_word' id='word_1_214' title='bbox 1541 3129 1684 3200; x_wconf 91' lang='lat' dir='ltr'>tamen</span> <span class='ocrx_word' id='word_1_215' title='bbox 1714 3117 1944 3226; x_wconf 89' lang='lat' dir='ltr'>imaginem</span> <span class='ocrx_word' id='word_1_216' title='bbox 1974 3129 2181 3228; x_wconf 83' lang='lat' dir='ltr'>exparte</span> 
     </span>
    </p>
   </div>
   <div class='ocr_carea' id='block_1_5' title="bbox 169 3239 2222 5287">
    <p class='ocr_par' dir='ltr' id='par_1_7' title="bbox 169 3239 2183 4158">
     <span class='ocr_line' id='line_1_22' title="bbox 177 3239 2181 3364; baseline 0.001 -29"><span class='ocrx_word' id='word_1_217' title='bbox 177 3253 424 3336; x_wconf 87' lang='lat' dir='ltr'>fidissimam</span> <span class='ocrx_word' id='word_1_218' title='bbox 455 3252 622 3334; x_wconf 92' lang='lat' dir='ltr'>omnino</span> <span class='ocrx_word' id='word_1_219' title='bbox 653 3253 939 3363; x_wconf 86' lang='lat' dir='ltr'>perderemus,</span> <span class='ocrx_word' id='word_1_220' title='bbox 972 3253 1025 3334; x_wconf 89' lang='lat' dir='ltr'>ad</span> <span class='ocrx_word' id='word_1_221' title='bbox 1054 3264 1245 3335; x_wconf 82' lang='lat' dir='ltr'>veterem</span> <span class='ocrx_word' id='word_1_222' title='bbox 1272 3239 1484 3364; x_wconf 88' lang='lat' dir='ltr'>pictorum</span> <span class='ocrx_word' id='word_1_223' title='bbox 1508 3269 1644 3337; x_wconf 91' lang='lat' dir='ltr'>artem</span> <span class='ocrx_word' id='word_1_224' title='bbox 1663 3254 1864 3336; x_wconf 90' lang='lat' dir='ltr'>rediimus</span> <span class='ocrx_word' id='word_1_225' title='bbox 1894 3264 1939 3335; x_wconf 92' lang='lat' dir='ltr'>et</span> <span class='ocrx_word' id='word_1_226' title='bbox 1962 3282 2071 3363; x_wconf 89' lang='lat' dir='ltr'>quae</span> <span class='ocrx_word' id='word_1_227' title='bbox 2093 3254 2181 3337; x_wconf 91' lang='lat' dir='ltr'>illic</span> 
     </span>
     <span class='ocr_line' id='line_1_23' title="bbox 179 3390 2182 3503; baseline 0 -31"><span class='ocrx_word' id='word_1_228' title='bbox 179 3391 408 3474; x_wconf 88' lang='lat' dir='ltr'>desiderari</span> <span class='ocrx_word' id='word_1_229' title='bbox 438 3400 637 3501; x_wconf 87' lang='lat' dir='ltr'>poterant</span> <span class='ocrx_word' id='word_1_230' title='bbox 667 3391 868 3471; x_wconf 91' lang='lat' dir='ltr'>restituta</span> <span class='ocrx_word' id='word_1_231' title='bbox 899 3390 977 3472; x_wconf 90' lang='lat' dir='ltr'>tibi</span> <span class='ocrx_word' id='word_1_232' title='bbox 1008 3391 1221 3472; x_wconf 89' lang='lat' dir='ltr'>offerimus</span> <span class='ocrx_word' id='word_1_233' title='bbox 1253 3419 1306 3471; x_wconf 84' lang='lat' dir='ltr'>ex</span> <span class='ocrx_word' id='word_1_234' title='bbox 1338 3391 1528 3473; x_wconf 89' lang='lat' dir='ltr'>eiusdem</span> <span class='ocrx_word' id='word_1_235' title='bbox 1565 3392 1736 3474; x_wconf 89' lang='lat' dir='ltr'>tabulae</span> <span class='ocrx_word' id='word_1_236' title='bbox 1769 3392 2035 3503; x_wconf 86' lang='lat' dir='ltr'>apographo,</span> <span class='ocrx_word' id='word_1_237' title='bbox 2067 3391 2182 3502; x_wconf 91' lang='lat' dir='ltr'>quod</span> 
     </span>
     <span class='ocr_line' id='line_1_24' title="bbox 178 3526 2183 3638; baseline 0.001 -29"><span class='ocrx_word' id='word_1_238' title='bbox 178 3528 222 3609; x_wconf 91' lang='lat' dir='ltr'>in</span> <span class='ocrx_word' id='word_1_239' title='bbox 259 3540 453 3611; x_wconf 90' lang='lat' dir='ltr'>nostrum</span> <span class='ocrx_word' id='word_1_240' title='bbox 503 3557 630 3609; x_wconf 88' lang='lat' dir='ltr'>usum</span> <span class='ocrx_word' id='word_1_241' title='bbox 667 3526 860 3638; x_wconf 78' lang='lat' dir='ltr'>depinxit</span> <span class='ocrx_word' id='word_1_242' title='bbox 898 3527 1224 3637; x_wconf 88' lang='lat' dir='ltr'>generosissima</span> <span class='ocrx_word' id='word_1_243' title='bbox 1261 3538 1305 3608; x_wconf 93' lang='lat' dir='ltr'>et</span> <span class='ocrx_word' id='word_1_244' title='bbox 1343 3528 1535 3611; x_wconf 89' lang='lat' dir='ltr'>omnibus</span> <span class='ocrx_word' id='word_1_245' title='bbox 1566 3529 1752 3611; x_wconf 88' lang='lat' dir='ltr'>numeris</span> <span class='ocrx_word' id='word_1_246' title='bbox 1784 3528 1959 3611; x_wconf 88' lang='lat' dir='ltr'>colenda</span> <span class='ocrx_word' id='word_1_247' title='bbox 1989 3540 2183 3611; x_wconf 89' lang='lat' dir='ltr'>matrona</span> 
     </span>
     <span class='ocr_line' id='line_1_25' title="bbox 177 3663 2181 3776; baseline 0.001 -30"><span class='ocrx_word' id='word_1_248' title='bbox 177 3665 337 3747; x_wconf 90' lang='lat' dir='ltr'>Ioanna</span> <span class='ocrx_word' id='word_1_249' title='bbox 366 3663 539 3749; x_wconf 87' lang='lat' dir='ltr'>Amalia</span> <span class='ocrx_word' id='word_1_250' title='bbox 577 3693 604 3746; x_wconf 91' lang='grc'>6</span> <span class='ocrx_word' id='word_1_251' title='bbox 636 3676 767 3774; x_wconf 90' lang='lat' dir='ltr'>gente</span> <span class='ocrx_word' id='word_1_252' title='bbox 798 3664 1087 3773; x_wconf 83' lang='lat' dir='ltr'>Romillyana,</span> <span class='ocrx_word' id='word_1_253' title='bbox 1125 3665 1204 3746; x_wconf 87' lang='lat' dir='ltr'>viri</span> <span class='ocrx_word' id='word_1_254' title='bbox 1243 3664 1462 3747; x_wconf 89' lang='lat' dir='ltr'>clarissimi</span> <span class='ocrx_word' id='word_1_255' title='bbox 1492 3677 1537 3748; x_wconf 91' lang='lat' dir='ltr'>et</span> <span class='ocrx_word' id='word_1_256' title='bbox 1574 3666 1730 3748; x_wconf 88' lang='lat' dir='ltr'>nostris</span> <span class='ocrx_word' id='word_1_257' title='bbox 1760 3668 1889 3749; x_wconf 90' lang='lat' dir='ltr'>rebus</span> <span class='ocrx_word' id='word_1_258' title='bbox 1928 3664 2086 3776; x_wconf 91' lang='lat' dir='ltr'>optime</span> <span class='ocrx_word' id='word_1_259' title='bbox 2117 3667 2181 3748; x_wconf 84' lang='lat' dir='ltr'>fa-</span> 
     </span>
     <span class='ocr_line' id='line_1_26' title="bbox 176 3801 2180 3916; baseline 0.002 -35"><span class='ocrx_word' id='word_1_260' title='bbox 176 3802 314 3885; x_wconf 79' lang='lat' dir='ltr'>ventis</span> <span class='ocrx_word' id='word_1_261' title='bbox 355 3803 531 3884; x_wconf 72' lang='grc'>11111111</span> <span class='ocrx_word' id='word_1_262' title='bbox 570 3802 784 3886; x_wconf 80' lang='lat' dir='ltr'>Francisci</span> <span class='ocrx_word' id='word_1_263' title='bbox 815 3801 1004 3909; x_wconf 81' lang='lat' dir='ltr'>Mamer,</span> <span class='ocrx_word' id='word_1_264' title='bbox 1044 3802 1157 3913; x_wconf 90' lang='lat' dir='ltr'>apud</span> <span class='ocrx_word' id='word_1_265' title='bbox 1188 3801 1459 3885; x_wconf 77' lang='lat' dir='ltr'>Genevenses</span> <span class='ocrx_word' id='word_1_266' title='bbox 1489 3802 1671 3916; x_wconf 89' lang='lat' dir='ltr'>pastoris</span> <span class='ocrx_word' id='word_1_267' title='bbox 1703 3815 1748 3885; x_wconf 92' lang='lat' dir='ltr'>et</span> <span class='ocrx_word' id='word_1_268' title='bbox 1777 3802 2026 3915; x_wconf 85' lang='lat' dir='ltr'>professoris</span> <span class='ocrx_word' id='word_1_269' title='bbox 2057 3803 2180 3885; x_wconf 88' lang='lat' dir='ltr'>theo·</span> 
     </span>
     <span class='ocr_line' id='line_1_27' title="bbox 169 3938 2180 4051; baseline 0.001 -30"><span class='ocrx_word' id='word_1_270' title='bbox 169 3938 318 4050; x_wconf 85' lang='lat' dir='ltr'>legiae</span> <span class='ocrx_word' id='word_1_271' title='bbox 349 3968 469 4044; x_wconf 87' lang='lat' dir='ltr'>uxor,</span> <span class='ocrx_word' id='word_1_272' title='bbox 509 3939 576 4021; x_wconf 89' lang='lat' dir='ltr'>cui</span> <span class='ocrx_word' id='word_1_273' title='bbox 613 3941 804 4050; x_wconf 90' lang='lat' dir='ltr'>publicas</span> <span class='ocrx_word' id='word_1_274' title='bbox 845 3950 992 4051; x_wconf 86' lang='lat' dir='ltr'>grates</span> <span class='ocrx_word' id='word_1_275' title='bbox 1035 3942 1193 4022; x_wconf 89' lang='lat' dir='ltr'>referre</span> <span class='ocrx_word' id='word_1_276' title='bbox 1234 3951 1279 4022; x_wconf 89' lang='grc'>61</span> <span class='ocrx_word' id='word_1_277' title='bbox 1316 3941 1594 4022; x_wconf 90' lang='lat' dir='ltr'>iustissimum</span> <span class='ocrx_word' id='word_1_278' title='bbox 1639 3951 1683 4023; x_wconf 93' lang='lat' dir='ltr'>et</span> <span class='ocrx_word' id='word_1_279' title='bbox 1722 3941 1843 4022; x_wconf 90' lang='lat' dir='ltr'>nobis</span> <span class='ocrx_word' id='word_1_280' title='bbox 1889 3939 2180 4023; x_wconf 89' lang='lat' dir='ltr'>dulcissimum</span> 
     </span>
     <span class='ocr_line' id='line_1_28' title="bbox 178 4074 470 4158; baseline -0.007 0"><span class='ocrx_word' id='word_1_281' title='bbox 178 4087 246 4158; x_wconf 90' lang='lat' dir='ltr'>est</span> <span class='ocrx_word' id='word_1_282' title='bbox 276 4074 470 4158; x_wconf 88' lang='lat' dir='ltr'>officium.</span> 
     </span>
    </p>

    <p class='ocr_par' dir='ltr' id='par_1_8' title="bbox 177 4212 2222 5287">
     <span class='ocr_line' id='line_1_29' title="bbox 332 4212 2181 4324; baseline 0.001 -30"><span class='ocrx_word' id='word_1_283' title='bbox 332 4212 399 4294; x_wconf 89' lang='lat' dir='ltr'>De</span> <span class='ocrx_word' id='word_1_284' title='bbox 437 4213 573 4293; x_wconf 86' lang='lat' dir='ltr'>forma</span> <span class='ocrx_word' id='word_1_285' title='bbox 611 4223 787 4292; x_wconf 87' lang='lat' dir='ltr'>externa</span> <span class='ocrx_word' id='word_1_286' title='bbox 817 4212 1011 4295; x_wconf 88' lang='lat' dir='ltr'>editionis</span> <span class='ocrx_word' id='word_1_287' title='bbox 1049 4226 1218 4297; x_wconf 87' lang='lat' dir='ltr'>nostrae</span> <span class='ocrx_word' id='word_1_288' title='bbox 1257 4224 1439 4296; x_wconf 91' lang='lat' dir='ltr'>nonest</span> <span class='ocrx_word' id='word_1_289' title='bbox 1471 4216 1586 4324; x_wconf 92' lang='lat' dir='ltr'>quod</span> <span class='ocrx_word' id='word_1_290' title='bbox 1624 4217 1752 4298; x_wconf 80' lang='lat' dir='ltr'>verba</span> <span class='ocrx_word' id='word_1_291' title='bbox 1791 4215 2009 4322; x_wconf 88' lang='lat' dir='ltr'>faciamus,</span> <span class='ocrx_word' id='word_1_292' title='bbox 2047 4244 2181 4324; x_wconf 92' lang='lat' dir='ltr'>quum</span> 
     </span>
     <span class='ocr_line' id='line_1_30' title="bbox 179 4347 2181 4464; baseline 0 -32"><span class='ocrx_word' id='word_1_293' title='bbox 179 4361 225 4432; x_wconf 91' lang='lat' dir='ltr'>et</span> <span class='ocrx_word' id='word_1_294' title='bbox 261 4379 413 4461; x_wconf 88' lang='lat' dir='ltr'>corpus</span> <span class='ocrx_word' id='word_1_295' title='bbox 452 4347 842 4431; x_wconf 90' lang='lat' dir='ltr'>melanthonianum</span> <span class='ocrx_word' id='word_1_296' title='bbox 878 4349 932 4431; x_wconf 92' lang='lat' dir='ltr'>ad</span> <span class='ocrx_word' id='word_1_297' title='bbox 973 4351 1091 4433; x_wconf 89' lang='lat' dir='ltr'>cuius</span> <span class='ocrx_word' id='word_1_298' title='bbox 1130 4381 1319 4432; x_wconf 91' lang='lat' dir='ltr'>normam</span> <span class='ocrx_word' id='word_1_299' title='bbox 1358 4362 1403 4434; x_wconf 90' lang='grc'>61</span> <span class='ocrx_word' id='word_1_300' title='bbox 1443 4352 1522 4433; x_wconf 92' lang='lat' dir='ltr'>hoc</span> <span class='ocrx_word' id='word_1_301' title='bbox 1561 4381 1667 4464; x_wconf 92' lang='lat' dir='ltr'>opus</span> <span class='ocrx_word' id='word_1_302' title='bbox 1707 4351 1964 4462; x_wconf 83' lang='lat' dir='ltr'>exigendum</span> <span class='ocrx_word' id='word_1_303' title='bbox 2006 4365 2099 4434; x_wconf 91' lang='lat' dir='ltr'>erat</span> <span class='ocrx_word' id='word_1_304' title='bbox 2136 4352 2181 4433; x_wconf 89' lang='lat' dir='ltr'>in</span> 
     </span>
     <span class='ocr_line' id='line_1_31' title="bbox 177 4484 2222 4599; baseline 0.001 -29"><span class='ocrx_word' id='word_1_305' title='bbox 177 4487 458 4599; x_wconf 88' lang='lat' dir='ltr'>plurimorum</span> <span class='ocrx_word' id='word_1_306' title='bbox 487 4484 705 4567; x_wconf 90' lang='lat' dir='ltr'>hominum</span> <span class='ocrx_word' id='word_1_307' title='bbox 735 4515 863 4568; x_wconf 90' lang='lat' dir='ltr'>manu</span> <span class='ocrx_word' id='word_1_308' title='bbox 895 4487 962 4593; x_wconf 89' lang='lat' dir='ltr'>sit,</span> <span class='ocrx_word' id='word_1_309' title='bbox 995 4498 1039 4568; x_wconf 90' lang='lat' dir='ltr'>et</span> <span class='ocrx_word' id='word_1_310' title='bbox 1061 4487 1153 4598; x_wconf 89' lang='lat' dir='ltr'>ipsa</span> <span class='ocrx_word' id='word_1_311' title='bbox 1172 4488 1276 4570; x_wconf 92' lang='lat' dir='ltr'>haec</span> <span class='ocrx_word' id='word_1_312' title='bbox 1299 4519 1408 4570; x_wconf 87' lang='lat' dir='ltr'>nova</span> <span class='ocrx_word' id='word_1_313' title='bbox 1431 4489 1693 4571; x_wconf 82' lang='lat' dir='ltr'>voluminum</span> <span class='ocrx_word' id='word_1_314' title='bbox 1716 4489 1857 4595; x_wconf 89' lang='lat' dir='ltr'>series,</span> <span class='ocrx_word' id='word_1_315' title='bbox 1884 4488 2003 4571; x_wconf 90' lang='lat' dir='ltr'>cuius</span> <span class='ocrx_word' id='word_1_316' title='bbox 2034 4516 2179 4572; x_wconf 84' lang='lat' dir='ltr'>exem·</span> <span class='ocrx_word' id='word_1_317' title='bbox 2217 4540 2222 4551; x_wconf 90' lang='lat'><strong>·</strong></span> 
     </span>
     <span class='ocr_line' id='line_1_32' title="bbox 177 4619 2178 4736; baseline 0.001 -31"><span class='ocrx_word' id='word_1_318' title='bbox 177 4624 300 4735; x_wconf 92' lang='lat' dir='ltr'>plum</span> <span class='ocrx_word' id='word_1_319' title='bbox 336 4625 380 4706; x_wconf 93' lang='lat' dir='ltr'>in</span> <span class='ocrx_word' id='word_1_320' title='bbox 417 4623 552 4735; x_wconf 90' lang='lat' dir='ltr'>primo</span> <span class='ocrx_word' id='word_1_321' title='bbox 591 4634 736 4705; x_wconf 90' lang='lat' dir='ltr'>nostro</span> <span class='ocrx_word' id='word_1_322' title='bbox 775 4623 859 4705; x_wconf 90' lang='lat' dir='ltr'>iam</span> <span class='ocrx_word' id='word_1_323' title='bbox 898 4625 1079 4707; x_wconf 85' lang='lat' dir='ltr'>feliciter</span> <span class='ocrx_word' id='word_1_324' title='bbox 1117 4625 1352 4734; x_wconf 90' lang='lat' dir='ltr'>prodeunte</span> <span class='ocrx_word' id='word_1_325' title='bbox 1389 4626 1541 4734; x_wconf 89' lang='lat' dir='ltr'>habes,</span> <span class='ocrx_word' id='word_1_326' title='bbox 1583 4619 1719 4736; x_wconf 87' lang='lat' dir='ltr'>magis</span> <span class='ocrx_word' id='word_1_327' title='bbox 1758 4625 1887 4708; x_wconf 90' lang='lat' dir='ltr'>etiam</span> <span class='ocrx_word' id='word_1_328' title='bbox 1924 4636 1969 4708; x_wconf 91' lang='lat' dir='ltr'>et</span> <span class='ocrx_word' id='word_1_329' title='bbox 2006 4625 2178 4708; x_wconf 88' lang='lat' dir='ltr'>chartae</span> 
     </span>
     <span class='ocr_line' id='line_1_33' title="bbox 177 4752 2178 4873; baseline 0.001 -31"><span class='ocrx_word' id='word_1_330' title='bbox 177 4761 314 4842; x_wconf 89' lang='lat' dir='ltr'>nitore</span> <span class='ocrx_word' id='word_1_331' title='bbox 347 4772 391 4842; x_wconf 89' lang='lat' dir='ltr'>et</span> <span class='ocrx_word' id='word_1_332' title='bbox 428 4772 630 4872; x_wconf 83' lang='lat' dir='ltr'>typorum</span> <span class='ocrx_word' id='word_1_333' title='bbox 668 4761 883 4871; x_wconf 87' lang='lat' dir='ltr'>elegantia</span> <span class='ocrx_word' id='word_1_334' title='bbox 921 4792 1014 4851; x_wconf 87' lang='lat' dir='ltr'>sese</span> <span class='ocrx_word' id='word_1_335' title='bbox 1053 4763 1327 4846; x_wconf 89' lang='lat' dir='ltr'>commendet.</span> <span class='ocrx_word' id='word_1_336' title='bbox 1385 4764 1439 4844; x_wconf 86' lang='lat' dir='ltr'>.N</span> <span class='ocrx_word' id='word_1_337' title='bbox 1440 4793 1634 4846; x_wconf 87' lang='lat' dir='ltr'>umerum</span> <span class='ocrx_word' id='word_1_338' title='bbox 1664 4752 1809 4844; x_wconf 89' lang='lat' dir='ltr'>autem</span> <span class='ocrx_word' id='word_1_339' title='bbox 1839 4774 2052 4846; x_wconf 87' lang='lat' dir='ltr'>tomorum</span> <span class='ocrx_word' id='word_1_340' title='bbox 2083 4763 2178 4873; x_wconf 89' lang='lat' dir='ltr'>qui-</span> 
     </span>
     <span class='ocr_line' id='line_1_34' title="bbox 177 4896 2178 5012; baseline 0.002 -34"><span class='ocrx_word' id='word_1_341' title='bbox 177 4897 258 4978; x_wconf 87' lang='lat' dir='ltr'>bus</span> <span class='ocrx_word' id='word_1_342' title='bbox 290 4926 418 5008; x_wconf 90' lang='lat' dir='ltr'>opera</span> <span class='ocrx_word' id='word_1_343' title='bbox 449 4896 614 4980; x_wconf 78' lang='lat' dir='ltr'>Calvini</span> <span class='ocrx_word' id='word_1_344' title='bbox 644 4899 783 4982; x_wconf 89' lang='lat' dir='ltr'>omnia</span> <span class='ocrx_word' id='word_1_345' title='bbox 814 4900 1111 5011; x_wconf 84' lang='lat' dir='ltr'>comprehendi</span> <span class='ocrx_word' id='word_1_346' title='bbox 1140 4912 1343 5012; x_wconf 88' lang='lat' dir='ltr'>poterunt</span> <span class='ocrx_word' id='word_1_347' title='bbox 1379 4905 1463 4983; x_wconf 84' lang='lat' dir='ltr'>iam</span> <span class='ocrx_word' id='word_1_348' title='bbox 1493 4931 1603 4983; x_wconf 89' lang='lat' dir='ltr'>nunc</span> <span class='ocrx_word' id='word_1_349' title='bbox 1634 4899 1807 4982; x_wconf 90' lang='lat' dir='ltr'>definire</span> <span class='ocrx_word' id='word_1_350' title='bbox 1845 4900 2016 4982; x_wconf 88' lang='lat' dir='ltr'>minime</span> <span class='ocrx_word' id='word_1_351' title='bbox 2048 4900 2178 4982; x_wconf 88' lang='lat' dir='ltr'>aude-</span> 
     </span>
     <span class='ocr_line' id='line_1_35' title="bbox 177 5035 2177 5148; baseline 0.002 -34"><span class='ocrx_word' id='word_1_352' title='bbox 177 5063 291 5138; x_wconf 87' lang='lat' dir='ltr'>mus,</span> <span class='ocrx_word' id='word_1_353' title='bbox 329 5062 464 5142; x_wconf 89' lang='lat' dir='ltr'>quum</span> <span class='ocrx_word' id='word_1_354' title='bbox 491 5065 577 5118; x_wconf 92' lang='lat' dir='ltr'>non</span> <span class='ocrx_word' id='word_1_355' title='bbox 607 5035 745 5119; x_wconf 88' lang='lat' dir='ltr'>solum</span> <span class='ocrx_word' id='word_1_356' title='bbox 782 5036 921 5119; x_wconf 88' lang='lat' dir='ltr'>multa</span> <span class='ocrx_word' id='word_1_357' title='bbox 956 5038 1132 5148; x_wconf 87' lang='lat' dir='ltr'>posthac</span> <span class='ocrx_word' id='word_1_358' title='bbox 1171 5039 1393 5121; x_wconf 89' lang='lat' dir='ltr'>inserenda</span> <span class='ocrx_word' id='word_1_359' title='bbox 1432 5039 1517 5119; x_wconf 92' lang='lat' dir='ltr'>sint</span> <span class='ocrx_word' id='word_1_360' title='bbox 1548 5066 1655 5147; x_wconf 86' lang='lat' dir='ltr'>quae</span> <span class='ocrx_word' id='word_1_361' title='bbox 1693 5037 1880 5119; x_wconf 91' lang='lat' dir='ltr'>nondum</span> <span class='ocrx_word' id='word_1_362' title='bbox 1911 5067 1934 5119; x_wconf 92' lang='grc'>6</span> <span class='ocrx_word' id='word_1_363' title='bbox 1967 5039 2177 5120; x_wconf 89' lang='lat' dir='ltr'>codicibus</span> 
     </span>
     <span class='ocr_line' id='line_1_36' title="bbox 178 5170 2177 5287; baseline 0.003 -36"><span class='ocrx_word' id='word_1_364' title='bbox 178 5170 489 5281; x_wconf 89' lang='lat' dir='ltr'>descripsimus,</span> <span class='ocrx_word' id='word_1_365' title='bbox 519 5203 668 5257; x_wconf 89' lang='lat' dir='ltr'>verum</span> <span class='ocrx_word' id='word_1_366' title='bbox 698 5173 827 5256; x_wconf 90' lang='lat' dir='ltr'>etiam</span> <span class='ocrx_word' id='word_1_367' title='bbox 856 5185 997 5257; x_wconf 89' lang='lat' dir='ltr'>totum</span> <span class='ocrx_word' id='word_1_368' title='bbox 1026 5175 1106 5258; x_wconf 90' lang='lat' dir='ltr'>hoc</span> <span class='ocrx_word' id='word_1_369' title='bbox 1136 5176 1319 5287; x_wconf 91' lang='lat' dir='ltr'>primum</span> <span class='ocrx_word' id='word_1_370' title='bbox 1349 5175 1547 5257; x_wconf 86' lang='lat' dir='ltr'>volumen</span> <span class='ocrx_word' id='word_1_371' title='bbox 1568 5184 1715 5256; x_wconf 86' lang='lat' dir='ltr'>textus</span> <span class='ocrx_word' id='word_1_372' title='bbox 1739 5175 1897 5256; x_wconf 83' lang='lat' dir='ltr'>referat</span> <span class='ocrx_word' id='word_1_373' title='bbox 1918 5176 1970 5257; x_wconf 90' lang='lat' dir='ltr'>ab</span> <span class='ocrx_word' id='word_1_374' title='bbox 1994 5175 2177 5257; x_wconf 86' lang='lat' dir='ltr'>editione</span> 
     </span>
    </p>
   </div>
   <div class='ocr_carea' id='block_1_6' title="bbox 0 0 2370 6022">
    <p class='ocr_par' dir='ltr' id='par_1_9' title="bbox 0 0 2370 6022">
     <span class='ocr_line' id='line_1_37' title="bbox 0 0 2370 6022; baseline 0 0"><span class='ocrx_word' id='word_1_375' title='bbox 0 0 2370 6022; x_wconf 95' lang='lat' dir='ltr'> </span> 
     </span>
    </p>
   </div>
  </div>
 </body>
</html>
