4770 6030
191 358 270 421 1661
666 352 786 438 (oar.
809 352 921 437 111.)
964 352 1029 418 na
1050 348 1321 417 Ponnsrmn
1342 308 1720 417 nocuusmsmon
2114 357 2195 418 1661

188 469 297 525 aare.
1417 498 1419 504 ·

188 456 367 629 sapicnliae
394 562 493 607 causa
515 562 535 605 a
556 540 623 606 solo
644 542 709 606 Dei
730 563 785 605 ore
806 541 963 624 pendere,
996 540 1095 606 simul
1116 538 1167 603 11-
1219 557 1296 601 suas
1313 537 1505 604 traditiones
1514 538 1580 603 Dei
1596 547 1815 622 praeceptum,
1833 541 1898 605 nisi
1919 541 1980 607 hoc
1997 540 2069 606 est?
2093 563 2195 626 quum

189 631 317 707 11616111,
356 649 425 692 11611
462 627 569 692 levem
601 648 672 692 6666
703 628 877 706 rationem,
918 649 976 691 our
1012 645 1167 708 perversa
1218 623 1478 689 observationem
1489 624 1721 689 mandatorum
1731 626 1796 691 Dei
1807 626 1926 710 frigide
1942 633 2073 692 tantum
2089 636 2122 692 61
2140 626 2196 692 de-

188 714 377 781 huiusmodi
403 713 556 795 obsequia
583 715 629 778 616
652 713 857 777 abominetur
877 713 1056 791 Dominus,
1084 731 1167 793 quae
1217 708 1377 774 functoria
1404 710 1684 789 commendantes,
1712 731 1847 776 suorum
1869 721 2020 778 exactam
2041 710 2195 778 obedien·

188 824 247 886 pro
270 801 406 865 humani
427 799 552 882 ingenii
576 797 709 863 libidine
732 799 793 863 sibi
815 805 1034 881 praestantur.
1079 797 1167 861 Nam
1218 794 1300 860 tiam
1322 795 1536 861 nihilominus
1559 796 1701 861 studiose
1725 805 1759 862 et
1783 799 2026 882 anxieurgent,
2049 802 2195 881 quamsi

188 887 319 954 tametsi
341 886 483 968 speciem
503 885 627 949 habent
647 884 813 967 quandam
834 884 1028 948 humilitatis
1049 884 1085 947 in
1107 904 1168 947 sua
1217 887 1321 944 totam
1342 881 1473 963 pietatis
1494 883 1563 947 11111
1584 883 1620 946 in
1642 904 1676 947 se
1699 883 1905 950 continerent
1911 909 1919 964 ;
1941 907 2043 967 quum
2065 884 2197 951 divinae

189 975 251 1039 1166
273 971 474 1049 obedientia,
497 972 553 1053 qui
575 969 734 1036 eiusmodi
750 969 877 1053 legibus
899 971 934 1033 in
955 969 1020 1034 Dei
1042 968 1167 1034 cultum
1216 965 1300 1049 legis
1323 967 1618 1051 transgressionem
1635 968 1761 1033 loribus
1785 971 2042 1037 satisfactionum
2064 971 2196 1037 mulctis

189 1066 316 1144 parent,
338 1058 473 1122 minime
493 1064 605 1120 tamen
627 1065 704 1121 sunt
725 1077 835 1120 coram
854 1056 928 1120 Deo
950 1054 1092 1119 humiles
1114 1055 1167 1118 oui
1217 1051 1419 1131 ulciscentes,
1442 1054 1541 1117 unius
1564 1054 1615 1119 sui
1636 1055 1757 1120 decreti
1778 1055 1832 1121 161
1852 1057 2025 1121 minimam
2046 1057 2197 1124 offensio·

190 1145 321 1211 easdem
340 1142 566 1227 praescribunt
592 1142 681 1225 leges
700 1163 780 1224 quas
803 1142 866 1225 ipsi
887 1149 1029 1206 66116111.
1073 1140 1167 1204 Haeo
1217 1158 1294 1202 nem
1314 1137 1407 1202 nulla
1428 1137 1550 1204 leviore
1572 1161 1677 1223 poena
1697 1140 1846 1223 plectunt
1866 1163 1963 1224 quam
1983 1164 2122 1222 carcere,
2145 1145 2196 1210 in·

188 1253 268 1297 1616
299 1231 383 1295 ratio
417 1235 467 1294 est
495 1249 554 1293 our
582 1235 652 1291 tam
674 1226 850 1311 diligenter
870 1227 943 1291 vult
970 1246 1031 1290 nos
1051 1247 1167 1291 661616
1218 1221 1333 1288 cendio
1365 1231 1423 1287 aut
1455 1224 1571 1308 gladio.
1626 1227 1670 1290 In
1697 1228 1762 1291 Dei
1790 1234 2028 1310 contemptores
2055 1249 2123 1295 non
2150 1232 2196 1295 ita

189 1317 315 1383 Paulus
337 1313 422 1399 (Col.
442 1317 479 1391 2,
499 1317 537 1375 16
556 1313 658 1397 seqq.)
685 1335 727 1378 ne
754 1312 955 1394 decipiamur
979 1333 1040 1394 per
1064 1309 1168 1376 tradi-
1219 1310 1326 1391 asperi
1347 1316 1381 1374 et
1402 1310 1628 1391 inexorabiles,
1647 1334 1722 1377 suos
1740 1321 1979 1397 contemptores
1996 1315 2196 1397 implacabili

190 1405 295 1468 tiones
311 1401 484 1466 hominum
505 1408 539 1463 et
559 1395 652 1463 illam
671 1419 769 1481 quam
786 1406 880 1464 16661
900 1403 1167 1481 ἐθελοθρησκείαν,
1219 1392 1292 1458 odio
1313 1393 1356 1459 ad
1378 1402 1562 1461 extremum
1583 1406 1830 1480 persequuntur.
1862 1400 1917 1465 ‘Ao
1939 1420 1994 1464 eos
2015 1422 2128 1469 omnes
2151 1403 2197 1468 sio

190 1488 226 1554 id
253 1486 550 1553 scevoluntarium
571 1485 711 1564 cultum,
739 1492 773 1566 et
793 1492 923 1567 praeter
943 1484 1082 1549 verbum
1103 1483 1167 1548 Dei
1218 1479 1408 1560 instituunt,
1440 1503 1580 1564 quorum
1611 1483 1854 1566 simplicitatem
1880 1485 2045 1567 captivam
2073 1493 2196 1569 tenent,

192 1575 232 1640 ab
253 1573 440 1638 hominibus
462 1571 691 1654 excogitatum.
737 1568 793 1636 sic
815 1579 865 1635 est
883 1570 1035 1652 profecto.
1075 1566 1168 1635 81111-
1219 1572 1258 1629 111
1279 1566 1430 1649 6611111616
1452 1569 1561 1632 animo
1582 1570 1773 1635 universam
1790 1571 1856 1636 Dei
1875 1571 1983 1656 legem
2005 1573 2197 1640 subversam

190 1670 322 1738 tescere,
346 1666 380 1722 61
401 1664 548 1722 nostram
570 1656 769 1737 nobisipsis,
792 1664 826 1720 61
835 1657 983 1720 omnium
996 1656 1169 1720 hominum
1218 1653 1324 1718 visuri
1344 1653 1419 1732 sint,
1442 1674 1541 1735 quam
1559 1655 1724 1738 apiculum
1739 1658 1777 1720 in
1793 1660 1975 1741 praeceptis
1993 1659 2045 1744 (ut
2062 1663 2197 1750 vocant)

191 1745 386 1829 sapientiam
408 1751 543 1825 oportet,
569 1763 633 1824 quo
655 1743 762 1807 solum
782 1741 878 1806 illum
898 1762 1011 1825 sapere
1032 1742 1168 1824 permit
1219 1737 1375 1803 ecclesiae
1404 1739 1570 1805 violatum.
1621 1741 1773 1806 Primum
1801 1745 1945 1827 graviter
1973 1746 2008 1809 in
2033 1748 2197 1815 661161111-

72 1874 76 1880 -
190 1839 308 1896 tamus.
354 1828 465 1910 Quam
496 1829 585 1893 viam
616 1829 752 1892 minime
784 1834 899 1893 tenent
930 1828 987 1910 qui
1020 1827 1168 1893 confictis
1219 1824 1331 1905 quitur
1357 1822 1444 1906 quod
1471 1822 1513 1888 ob
1534 1847 1587 1891 res
1607 1826 1763 1893 leviculas
1783 1844 1830 1908 et,
1853 1829 1880 1895 si
1901 1829 1967 1896 Dei
1988 1833 2108 1899 iudicio
2130 1846 2198 1901 sta-

191 1917 363 1982 hominum
385 1914 520 1980 arbitrio
541 1913 836 1979 observatiunoulis
859 1913 908 1977 illi
930 1935 966 1978 66
988 1912 1167 1996 approbare
1219 1916 1319 1989 retur,
1341 1909 1461 1974 liberas
1482 1911 1565 1975 alter
1584 1912 1725 1978 alterum
1746 1917 1935 1994 contemnit,
1959 1917 2090 1999 iudicat,
2114 1922 2195 1987 abii·

188 2002 399 2067 meditantur.
451 1998 602 2080 Qualiter
634 2010 668 2064 et
699 1999 822 2083 aliquot
854 2006 932 2063 ante
963 1998 1103 2064 saeculis
1135 2005 1169 2063 et
1219 1996 1272 2060 cit
1313 1996 1410 2062 Nunc
1432 2017 1526 2076 vero,
1555 1999 1647 2080 quasi
1668 1997 1703 2062 id
1723 2020 1841 2081 parum
1868 2002 1949 2066 mali
1971 2013 2069 2084 esset,
2094 2007 2199 2090 pluris

189 2094 304 2154 nostra
324 2087 481 2151 memoria
503 2085 710 2162 factumest,
739 2095 773 2149 et
801 2086 839 2149 fit
866 2084 963 2150 hodie
984 2106 1110 2168 quoque
1131 2085 1167 2147 in
1220 2080 1453 2163 appenduntur
1480 2082 1598 2148 frivola
1618 2084 1677 2148 illa
1697 2084 1798 2150 huius
1825 2087 1941 2152 mundi
1963 2089 2139 2172 elementa,
2161 2103 2199 2159 ut

190 2174 230 2238 iis
252 2173 345 2249 locis,
373 2173 408 2236 in
430 2172 547 2254 quibus
570 2178 738 2236 creaturae
760 2170 865 2254 pluris
887 2178 938 2236 est
958 2193 1057 2253 quam
1078 2191 1168 2236 crea-
1219 2167 1345 2231 Paulus
1367 2167 1496 2233 Galatis
1518 2169 1662 2235 scribens
1684 2179 1851 2254 nuncupat
1872 2172 1917 2258 (4,
1938 2174 1982 2259 9),
2004 2197 2102 2259 quam
2124 2200 2198 2244 cos-

190 2260 269 2323 teris
286 2259 470 2339 imperium
504 2256 572 2322 Ubi
592 2257 708 2340 religio
731 2257 773 2341 (si
791 2264 903 2321 tamen
923 2257 1039 2341 religio
1056 2256 1168 2322 vocari
1219 2251 1316 2317 lestia
1344 2254 1408 2318 Dei
1436 2255 1576 2319 oracula.
1621 2257 1668 2320 Et
1693 2257 1748 2338 qui
1776 2278 1877 2340 propo
1898 2259 1936 2322 in
1958 2261 2118 2328 adulterio
2141 2264 2198 2329 ab·

191 2368 230 2410 ea
251 2343 410 2425 meretur)
438 2343 588 2424 pluribus
614 2343 783 2425 magisque
810 2342 943 2407 insulsis
965 2344 1168 2425 superstitio·
1220 2338 1366 2418 solvitur,
1389 2338 1554 2406 iudicatur
1573 2342 1610 2405 in
1631 2342 1717 2420 cibo;
1747 2343 1800 2408 cui
1822 2352 1966 2409 scortum
1987 2351 2198 2430 permittitur,

190 2432 288 2496 nibus
305 2436 520 2511 conspurcata
537 2436 595 2507 ost,
617 2449 715 2510 quam
733 2428 801 2492 ulla
820 2449 966 2509 unquam
987 2429 1167 2511 paganitas
1221 2424 1427 2507 interdicitur
1454 2446 1546 2491 uxor.
1591 2427 1665 2492 Hoc
1692 2428 1815 2493 scilicet
1841 2433 2113 2511 praevaricatrice
2142 2436 2200 2501 illa

192 2515 281 2597 Quid
314 2515 403 2579 enim
434 2522 543 2596 posset
574 2535 689 2597 parere
723 2514 894 2578 hominum
927 2535 1042 2578 sensus
1071 2534 1169 2595 quam
1221 2509 1403 2575 obedientia
1429 2512 1613 2594 proficitur,
1642 2533 1725 2595 quae
1751 2520 1881 2579 tantum
1903 2537 1923 2579 a
1945 2518 2017 2582 Deo
2040 2521 2201 2586 avertitur

191 2601 337 2667 camalia
364 2602 518 2682 fatuaque
545 2602 655 2664 omnia
684 2607 821 2682 atquae
843 2622 918 2664 snos
941 2605 1070 2664 autores
1091 2621 1170 2665 1616
1221 2605 1381 2677 quantum
1403 2596 1445 2661 ad
1467 2597 1616 2664 homines
1638 2598 1781 2664 inclinat

191 2688 344 2752 referant.
512 2722 516 2729 .
1315 2681 1340 2766 ¹)
1346 2680 1417 2747 Gur
1433 2683 1535 2766 igitur
1556 2685 1634 2748 ferri
1651 2684 1756 2750 voluit
1771 2684 1925 2751 Christus
1943 2709 2044 2754 onera
2066 2690 2124 2755 illa
2139 2692 2201 2756 im·

284 2772 309 2857 1)
321 2773 426 2837 Porro
453 2769 543 2836 istud
563 2770 741 2854 pessimum
764 2768 887 2860 accedit
908 2768 1008 2853 quod,
1036 2771 1093 2836 ubi
1121 2778 1170 2836 ta-
1221 2767 1395 2848 portabilia
1423 2789 1506 2850 quae
1528 2769 1666 2854 alligant
1689 2770 1814 2836 scribae
1841 2778 1874 2836 et
1892 2773 2085 2839 Pharisaei?
2129 2778 2202 2842 Imo
2281 2773 2285 2787 ’

191 2860 276 2924 libus
303 2858 399 2924 vanis
428 2858 595 2941 figmentis
624 2856 754 2920 definiri
782 2856 896 2940 religio
925 2856 1026 2921 semel
1057 2865 1172 2938 coepta
1222 2873 1281 2917 cur
1313 2853 1393 2917 alibi
1424 2853 1512 2919 idem
1540 2853 1693 2921 (lhristus
1720 2857 1830 2922 661611
1857 2858 1961 2924 voluit
1988 2882 2008 2924 a
2039 2862 2200 2928 fermento

192 2953 250 3023 est,
273 2944 523 3028 perversitatem
544 2942 636 3006 illam
663 2950 821 3024 perpetuo
843 2943 990 3024 sequitur
1011 2949 1046 3005 et
1067 2942 1172 3007 altera
1222 2937 1476 3004 Pharisaeorum
1499 2940 1633 3025 (Matth
1659 2946 1706 3021 16,
1726 2946 1745 3004 6
1763 2942 1889 3027 66111111
1917 2945 2124 3024 formentum,
2148 2948 2199 3012 in-

193 3029 401 3096 exsecrabilis
423 3028 608 3094 ‘maledictio
630 3049 728 3110 quam
738 3028 929 3093 Pharisaeis
943 3025 1095 3093 (1111161116
1114 3050 1170 3092 611-
1223 3031 1365 3106 terprete
1393 3026 1563 3090 Matthaeo
1593 3027 1810 3111 evangelista,
1845 3029 2014 3114 appellans
2042 3032 2199 3116 quidquid

192 3115 382 3199 probrabat,
410 3123 447 3178 ut
474 3114 606 3179 irritum
633 3115 693 3178 fiat
716 3121 927 3197 praeceptum
947 3114 1013 3179 Dei
1039 3122 1172 3197 propter
1222 3109 1569 3275 gopriaerdootrinae
1596 3114 1689 3179 verbi
1715 3113 1781 3178 Dei
1806 3116 1943 3198 puritati
1972 3117 2197 3184 admiscerent

193 3203 365 3268 hominum
388 3198 580 3265 traditiones
598 3199 732 3283 (Matth.
756 3205 804 3279 15,
824 3199 868 3283 6).
902 3199 986 3264 Ν616
1008 3200 1074 3263 iam
1095 3221 1171 3265 oon·

195 3299 246 3353 tra
267 3293 456 3370 praesentes
477 3295 607 3351 nostros
629 3286 836 3350 nomothetas
857 3285 967 3351 verbis
989 3286 1071 3350 meis
1088 3307 1171 3371 pug-
1224 3279 1406 3346 doctrinam
1433 3283 1585 3349 iubemur
1610 3285 1724 3369 fugere
1752 3294 1785 3350 et
1805 3287 1943 3352 cavere?
1987 3289 2084 3354 Unde
2106 3291 2199 3356 nobis

194 3395 283 3438 11616.
328 3372 480 3438 1116611111
499 3392 593 3448 sane,
623 3373 651 3436 61
677 3372 764 3436 hanc
786 3370 912 3437 Christi
932 3372 1172 3437 accusationem
1224 3366 1440 3431 certissimum
1467 3370 1506 3432 fit
1531 3391 1636 3452 neque
1664 3369 1767 3436 altero
1800 3373 1869 3436 loco
1897 3373 1963 3460 (23,
1983 3378 2001 3438 3
2020 3376 2102 3459 seq.)
2130 3378 2199 3442 Do-

194 3461 230 3523 in
258 3481 293 3524 66
322 3479 388 3523 non
410 3464 593 3539 competere
616 3479 772 3522 excusare
794 3463 958 3539 poterunt.
1003 3455 1171 3541 861111116-
1223 3452 1507 3519 111111111116116111111
1527 3456 1739 3521 conscientias
1760 3458 1902 3524 voluisse
1922 3460 2062 3543 propriis
2080 3462 2199 3527 Phari-

195 3545 293 3609 modo
320 3542 536 3609 excusarent?
565 3564 668 3625 quum
695 3544 854 3607 immenso
876 3542 969 3626 apud
996 3543 1172 3608 66666616-
1223 3559 1373 3603 saeorum
1393 3539 1621 3631 traditionibus
1642 3543 1765 3608 vexari
1798 3544 1844 3607 Et
1865 3546 1966 3611 verba
1987 3547 2066 3629 ipsa,
2086 3549 2199 3614 6111611
2271 3590 2276 3609 ,

196 3631 299 3694 ratius
327 3630 370 3694 sit
397 3629 616 3694 auricularem
644 3630 880 3693 confessionem
904 3635 1053 3694 vertente
1085 3650 1171 3695 anno
1224 3631 1511 3708 contorqueantur,
1534 3626 1618 3690 nihil
1639 3628 1704 3692 tale
1726 3637 1857 3694 sonant:
1887 3632 2004 3714 quibus
2025 3633 2198 3715 Dominus,

196 3716 462 3799 praetermisisse,
486 3735 582 3795 quam
594 3715 828 3796 nequissimam
848 3715 953 3779 vitam
974 3714 1010 3778 in
1031 3714 1183 3784 solidum,
1224 3710 1338 3776 acerbe
1368 3712 1405 3774 in
1437 3711 1692 3778 Pharisaeorum
1729 3736 1836 3780 1116166
1869 3717 1982 3782 invehi
2012 3719 2199 3802 instituens,

196 3824 321 3867 annum
352 3798 566 3883 produxisse?
599 3800 747 3883 linguam
780 3799 832 3864 die
864 3801 994 3865 16116116
1022 3801 1171 3867 infecisse
1224 3796 1413 3879 simpliciter
1434 3797 1597 3862 auditores
1620 3806 1696 3863 ante
1723 3822 1798 3865 suos
1820 3803 2002 3882 erudiebat,
2032 3812 2069 3868 ut
2097 3828 2201 3889 quan·

195 3887 322 3952 modico
354 3887 462 3952 carnis
494 3894 609 3970 gustu,
648 3907 747 3968 quam
774 3894 878 3949 totum
909 3905 1026 3968 corpus
1058 3886 1172 3952 diebus
1223 3902 1322 3963 quam
1340 3883 1426 3947 nihss
1446 3883 1598 3949 1111616111
1624 3885 1796 3950 incorum
1817 3888 1886 3952 1116
1913 3888 1999 3971 quod
2027 3913 2200 3974 sequeren-

196 3974 345 4038 omnibus
374 3972 621 4038 scortationibus
647 3969 814 4036 foedasse?
848 3993 985 4035 manum
1011 3972 1063 4036 die
1090 3975 1172 4037 16616
1223 3976 1287 4046 tur,
1308 3990 1376 4033 non
1397 3975 1508 4034 tamen
1530 3991 1569 4034 ea
1590 3970 1696 4036 facere
1719 3971 1905 4037 desinerent
1925 3997 2008 4057 qnae
2025 3978 2126 4043 verbo
2144 3978 2200 4043 do-

194 4057 377 4126 admovisse
399 4058 536 4123 honesto
557 4059 660 4140 operi,
683 4078 782 4139 quam
802 4058 951 4138 pessimis
973 4057 1171 4123 facinoribus
1223 4053 1354 4134 cebant,
1377 4077 1480 4138 quum
1500 4056 1535 4120 in
1557 4055 1713 4121 cathedra
1734 4058 1850 4137 Mosis,
1873 4058 1936 4125 hoc
1957 4070 2015 4140 est,
2039 4063 2081 4126 ad
2104 4084 2198 4128 enar-

193 4142 322 4208 assidue
355 4143 504 4208 membra
535 4143 666 4209 omnia?
710 4143 895 4208 sacrificum
926 4142 1072 4227 legitimo
1105 4165 1170 4208 uno
1223 4138 1363 4205 rendam
1384 4141 1491 4225 legem
1512 4141 1671 4206 6611616111

192 4229 353 4294 6611611116
387 4229 548 4309 copulari,
581 4252 680 4312 quam
714 4229 837 4312 illigari
863 4228 952 4293 mille
979 4228 1169 4295 adulteriis?
1311 4228 1340 4310 ²)
1348 4225 1488 4307 Quando
1514 4248 1592 4293 vero
1619 4229 1762 4312 imperiti
1789 4228 1950 4313 plerique,
1981 4230 2060 4296 dum
2082 4233 2199 4299 huma-

192 4316 339 4380 votivam
367 4315 664 4396 peregrinationem
691 4337 759 4379 non
780 4314 982 4396 persolvero,
1013 4336 1111 4398 quem
1134 4317 1170 4381 in
1223 4312 1275 4377 nis
1301 4312 1530 4379 traditionibus
1557 4320 1591 4377 et
1617 4334 1716 4396 rmpre
1745 4314 1843 4397 hgarr
1864 4314 2011 4381 fidelium
2031 4321 2197 4385 conscien-

192 4400 361 4485 promissis
382 4399 533 4464 omnibus
550 4400 649 4465 fidem
667 4400 802 4466 fallere?
824 4402 859 4464 in
876 4400 1086 4484 prodigiosos,
1109 4424 1170 4468 neo
1223 4398 1286 4463 tias
1308 4406 1341 4463 et
1361 4399 1484 4464 11116116
1504 4399 1615 4464 Deum
1632 4398 1694 4464 ooli
1715 4401 1868 4480 audiunt,
1891 4403 2006 4467 eadem
2027 4404 2128 4469 litura
2149 4405 2196 4472 le·

192 4487 302 4550 minus
324 4506 543 4568 supervacuos
565 4507 603 4551 66
624 4486 758 4551 inutiles
773 4487 970 4569 templorum
986 4486 1086 4552 luxus
1104 4509 1170 4552 non
1223 4506 1281 4567 ges
1308 4505 1420 4550 omnes
1447 4484 1620 4560 inducunt,
1648 4486 1766 4568 quibus
1792 4486 1946 4552 ecelesiae
1974 4488 2052 4554 ordo
2078 4493 2197 4557 eonsti-

193 4571 316 4654 aliquid
332 4570 523 4655 profudisse,
547 4592 646 4654 quam
667 4571 807 4638 demisse
830 4572 1068 4656 urgentissimis
1089 4594 1169 4655 pau·
1222 4571 1334 4650 11111111,
1355 4571 1488 4635 illorum
1509 4590 1636 4654 quoque
1657 4573 1761 4656 611611
1781 4572 1987 4639 commodum
2009 4574 2062 4642 hio
2084 4599 2196 4643 occur-

192 4680 310 4742 perum
347 4657 616 4723 necessitatibus?
649 4656 772 4723 idolum
814 4658 885 4724 sine
912 4658 1037 4722 honore
1075 4679 1169 4741 prae-
1221 4655 1361 4721 rendum
1382 4664 1439 4721 est
1484 4656 1571 4721 Falli
1593 4654 1656 4722 hic'
1674 4679 1754 4723 sans
1775 4678 1932 4742 perquam
1952 4659 2115 4727 lubricum
2138 4671 2196 4743 est,

192 4746 335 4823 teriisse,
360 4763 459 4826 quam
491 4743 662 4807 hominum
688 4760 784 4809 omne
807 4751 925 4829 genus'
938 4743 1169 4809 contumeliose
1220 4742 1386 4823 quianon
1407 4742 1648 4825 primast'atim
1668 4743 1751 4810 16616
1772 4752 1908 4828 apparet
1929 4756 2088 4828 quantum
2108 4750 2197 4814 inter

193 4829 374 4896 tractasse?
396 4851 462 4894 non
481 4828 744 4895 demurmurasse
761 4832 858 4897 certis
876 4830 965 4895 horis
982 4829 1082 4914 longa
1099 4830 1168 4894 sine
1220 4825 1295 4890 illas
1316 4835 1350 4892 61
1370 4828 1431 4893 1166
1457 4829 1596 4893 intersit
1641 4826 1710 4895 Sed
1736 4851 1796 4896 nos
1822 4831 1871 4895 ita
1892 4829 2125 4899 dilucidarem
2145 4842 2196 4900 to·

193 4938 292 4981 sensu
319 4915 435 5003 verba,
471 4936 571 4997 quam
604 4935 716 4981 veram
741 4918 920 4981 orationem
947 4917 1055 4980 animo
1083 4937 1168 4979 nun·
1220 4919 1290 4976 tam
1310 4915 1422 4996 paneis
1443 4913 1667 4998 expediemus,
1695 4937 1738 4981 ne
1759 4917 1812 4982 6111
1839 4918 1986 4999 imponat
2007 4920 2194 4987 similitudo.

191 5022 291 5082 qnam
309 5001 517 5084 concepisse?
563 4999 654 5082 Quid
680 5009 730 5068 ost
755 5003 887 5067 irritum
907 5003 1014 5067 facere
1035 5009 1169 5085 propter

1290 5136 1318 5202 1)
1338 5135 1373 5189 Se
1454 5136 1647 5192 latiariter
1664 5138 2196 5208 6116166611616166616111111616116161
2269 5113 2274 5122 .

1224 5203 1358 5271 Oop.X1
1379 5203 1454 5259 117
1477 5221 1547 5276 seqq.
1634 5208 1664 5274 ⁶2)
1687 5209 1743 5263 Hic
1759 5209 1859 5275 16611111
1877 5208 1942 5276 Gap.
1964 5206 2055 5263 xm.
2110 5227 2195 5266 .oum

264 5273 292 5340 1)
313 5272 441 5343 Sequitur
457 5277 515 5328 1616
526 5282 699 5345 1666166166
714 5276 771 5341 suit
788 5277 810 5342 ξ.
823 5273 857 5326 10
874 5273 1070 5343 1111εά661061.
1082 5272 1167 5328 XIII.
1215 5280 1298 5342 purte
1316 5275 1340 5339 ξ.
1357 5273 1400 5327 29.

1937 5359 1992 5414 67·

1255 3193 1313 3259 uid
1346 3197 1490 3279 apertius
1519 3197 1685 3277 volumus,
1720 3220 1818 3282 quam
1843 3201 1930 3283 quod
1958 3210 2062 3267 totam
2085 3226 2199 3270 eorum
2319 3279 2324 3287 .
