4770 6030
153 369 213 430 lob
828 364 928 432 OAP.
951 364 1011 431 IV.
1055 366 1119 431 DE
1142 363 1482 433 SAORAMEN'PIS.
2102 372 2162 435 106

153 561 270 632 teneat,
294 555 478 620 excutiatur
504 554 553 618 illi
576 554 663 637 quod
684 577 776 639 spem
798 557 941 640 aliquam
962 556 1130 620 immorta
1182 575 1258 619 nem
1287 555 1603 638 transtulisse,.qua
1624 575 1744 620 nomen
1774 554 1850 621 fidei
1872 555 1914 620 ad
1936 578 2012 622 eum
2038 558 2164 644 signifi·

150 641 252 705 litatis
279 640 386 706 facere
419 647 536 723 posset.
587 640 662 707 Hac
689 645 830 720 ratione,
864 664 939 708 cum
967 640 1131 723 apostolus
1182 646 1306 719 catum,
1335 641 1370 705 in
1403 661 1467 723 qno
1495 663 1583 707 nnnc
1612 649 1797 725 usurpatur.
1848 641 1934 707 Cum
1968 644 2056 708 euim
2081 644 2164 711 fides
2219 683 2224 689 .

150 727 250 812 (Eph.
272 725 307 810 2)
329 726 491 809 Ephesios
512 725 714 792 hortaretur:
738 750 773 793 se
789 729 1016 793 meminissent
1031 727 1131 791 fitisse
1183 726 1226 791 sit
1254 727 1289 791 in
1313 723 1450 877 Quot]
1474 726 1679 810 praestandis
1705 729 1874 811 promissis
1897 730 2035 807 veritas,
2063 728 2164 796 fidem

150 814 295 896 hospites
316 820 595 888 testamentorum,
619 812 743 879 alienos
766 837 786 880 a
806 814 966 879 consortio
988 812 1130 892 Israelis,
1182 819 1293 876 tamen
1341 813 1347 825 “
1374 820 1472 877 erunt
1493 811 1735 878 certitudinem:
1759 835 1818 879 ceu
1840 821 1963 879 certam
1980 818 2162 898 persuasio-

150 901 220 965 sine
237 900 320 976 Deo,
342 900 413 963 sine
430 896 638 1065 Ohristoffp.
657 897 734 986 207]
755 900 839 964 dixit
855 921 920 964 non
938 899 1038 963 firisse
1055 919 1131 980 par-
1183 919 1275 975 nem,
1309 918 1392 981 quae
1419 898 1460 963 de
1490 900 1562 981 ipsa
1588 900 1727 963 veritate
1753 899 1938 964 haberetur.
1991 900 2046 965 Ad
2074 902 2163 969 hunc

151 986 265 1067 tioipes
285 984 547 1049 circumcisionis.
609 1006 651 1050 uo
673 987 889 1070 metonymice
911 985 1132 1068 significat,a
1183 982 1333 1062 modum,
1362 1005 1439 1050 oum
1466 991 1708 1050 sacramentum
1736 986 1779 1051 sit
1804 985 1933 1064 militis,
1961 1007 2025 1068 quo
2047 1008 2082 1052 sc
2104 1009 2164 1053 suo

150 1070 456 1154 promissioneipsa
478 1070 635 1146 exclusos,
657 1072 713 1153 qui
735 1080 893 1137 tesseram
909 1071 1132 1153 promissionis
1183 1070 1373 1150 imperatori
1400 1079 1511 1150 vovet,
1539 1071 1688 1136 fecemmt
1708 1072 1928 1154 imperatoris,
1958 1093 2021 1155 quo
2043 1073 2163 1139 milites

152 1179 218 1222 non
241 1158 449 1238 accepissent.
483 1155 537 1220 Ad
560 1177 672 1220 eorum
695 1179 772 1222 vero
795 1157 935 1221 alterurn
954 1157 1129 1221 obiectum:
1184 1155 1219 1219 in
1241 1154 1371 1220 ordines
1393 1157 1537 1239 recipiat.
1582 1156 1745 1222 Dominus
1767 1158 1856 1221 enim
1877 1178 1937 1239 per
1959 1166 2165 1224 sacramenta

151 1245 215 1309 Dei
244 1242 383 1326 gloriam
411 1241 453 1306 ad
482 1248 648 1307 creaturas
677 1242 835 1320 derivari,
864 1243 981 1323 quibus
1003 1251 1131 1306 tantum
1185 1261 1220 1305 se
1241 1241 1336 1306 nobis
1358 1242 1392 1305 in
1413 1241 1524 1307 Deum
1545 1243 1613 1307 lore
1635 1243 1805 1325 pollicetur
1826 1250 1860 1309 et
1876 1264 1936 1308 nos
1958 1245 2019 1309 sibi
2040 1245 2108 1310 fore
2128 1246 2165 1310 in
2200 1235 2205 1254 ¹

152 1330 284 1394 virtutis
305 1328 508 1405 attribuitur,
537 1329 647 1410 sicque
668 1336 803 1393 eatenus
825 1328 977 1405 diminui,
999 1348 1132 1409 respon·
1185 1325 1350 1409 populum.
1395 1327 1522 1392 Verum
1544 1329 1627 1393 tales
1647 1329 1793 1413 argutias
1815 1329 2009 1410 omittimus3
2033 1330 2165 1414 quando

155 1415 232 1479 dere
253 1421 441 1496 promptum
463 1417 527 1478 est:
541 1413 675 1478 nullam
696 1415 732 1477 in
754 1415 912 1479 creaturis
934 1415 1134 1479 virtutema
1185 1411 1298 1476 multis
1321 1420 1355 1476 et
1381 1413 1513 1496 quidem
1539 1415 1646 1497 planis
1676 1416 1878 1498 argumentis
1900 1416 2050 1481 evincere
2077 1416 2163 1497 lioet,

152 1500 246 1565 nobis
267 1501 389 1582 reponi.
433 1498 507 1564 Hoc
530 1499 691 1564 duntaxat
712 1499 864 1565 dicimus:
887 1501 996 1564 Deum
1017 1497 1133 1563 mediis
1185 1497 1269 1561 nihil
1296 1498 1385 1563 aliud
1412 1507 1588 1582 spectasse,
1617 1522 1715 1583 quam
1742 1509 1780 1564 ut
1806 1501 2042 1584 significarent,
2070 1503 2165 1587 signa

153 1608 191 1652 ac
218 1586 459 1662 instrumentis,
489 1606 572 1667 quae
599 1585 752 1668 expedire
779 1587 849 1667 ipse
876 1585 1045 1668 prospicit,
1074 1584 1132 1661 uti,
1186 1583 1267 1648 haec
1290 1593 1478 1650 sanctarum
1499 1596 1533 1650 et
1553 1586 1772 1670 spiritualium
1793 1607 1905 1651 rerum
1927 1608 2006 1653 esse.
2040 1586 2164 1653 Simili·

153 1680 192 1737 ut
212 1672 282 1736 eius
304 1671 427 1755 gloriae
449 1671 559 1735 omnia
578 1672 812 1753 obsequantur,
835 1670 965 1757 quando
987 1670 1134 1734 omnium
1185 1668 1325 1748 tudincs,
1348 1670 1438 1752 qu'as'
1451 1672 1603 1750 afferunt,
1625 1673 1808 1755 recipimus.
1842 1669 1911 1738 Sed
1931 1694 1997 1738 non
2018 1675 2163 1754 ferimus,

152 1760 222 1841 ipse
248 1758 411 1823 Dominus
440 1764 490 1823 est
516 1765 549 1820 et
579 1758 709 1823 arbiter.
753 1758 853 1842 Ergo,
877 1765 914 1822 ut
935 1778 994 1839 per
1015 1777 1135 1839 panem
1187 1754 1272 1837 quod
1293 1758 1454 1838 posterius
1477 1766 1527 1823 est
1548 1759 1584 1823 in
1605 1759 1832 1838 sacramentis,
1861 1758 1902 1823 ab
1923 1759 1988 1824 illis
2009 1761 2163 1843 primum,

153 1851 346 1925 ooeteraque
372 1843 543 1921 alimenta,
571 1864 707 1926 corpora
734 1852 848 1908 nostra
869 1843 987 1925 pascit;
1016 1849 1055 1906 ut
1075 1861 1135 1923 por
1187 1848 1284 1922 atque
1306 1841 1387 1906 adeo
1404 1865 1509 1907 unum
1527 1845 1688 1909 constitui.
1720 1842 1784 1909 Est
1801 1853 1910 1909 autem
1929 1845 1992 1911 hoo
2010 1847 2163 1929 primum,

153 1929 256 1996 solem
285 1927 446 1993 mundum
472 1929 651 2008 illuminat;
686 1937 724 1994 ut
750 1951 810 2012 per
838 1930 948 2012 ignem
976 1927 1132 2005 calefacit,
1186 1934 1224 1990 ut
1244 1926 1321 1991 fidei
1342 1936 1472 1994 nostrae
1496 1930 1583 2013 apud
1603 1931 1715 1995 Deum
1735 1931 1896 2011 serviant3
1922 1932 2099 2014 posterius,
2126 1939 2166 1996 ut

154 2037 214 2081 nec
236 2023 349 2080 tamen
370 2022 427 2079 ant
444 2016 548 2097 panis,
571 2021 629 2079 aut
646 2015 703 2093 sol,
727 2022 784 2080 aut
800 2016 886 2099 ignis
904 2012 1027 2096 aliquid
1046 2020 1132 2091 sunt,
1185 2013 1420 2078 contessionem
1441 2022 1587 2080 nostram
1609 2015 1696 2098 apud
1719 2015 1868 2081 homiues
1888 2024 2057 2083 testentur.
2103 2015 2164 2083 Se-

154 2102 218 2167 nisi
239 2107 400 2183 quatenus
421 2102 481 2166 sub
498 2100 539 2165 iis
556 2101 783 2166 instrumentis
799 2100 1040 2166 benedictiones
1057 2119 1133 2164 suas
1185 2097 1329 2163 cundum
1349 2099 1436 2165 hanc
1457 2102 1670 2184 posteriorem
1692 2102 1865 2181 rationem,
1887 2102 2002 2168 valent
2021 2103 2097 2168 illae
2120 2104 2164 2169 si·

154 2188 248 2252 nobis
271 2186 452 2269 dispensat:
480 2187 528 2250 ita
549 2187 762 2269 spiritualiter
787 2209 846 2270 per
867 2192 1073 2251 sacramenta
1094 2184 1133 2248 fi·
1185 2183 1394 2251 militudines.

155 2272 231 2337 dem
253 2271 312 2336 alit
332 2294 470 2355 quorum
497 2273 631 2338 unicum
650 2274 793 2338 officium
815 2279 880 2352 est,
909 2273 974 2337 Dei
994 2270 1133 2354 promis·
1272 2270 1419 2336 Rursum
1446 2271 1642 2337 admonendi
1669 2294 1796 2353 sumus,
1825 2281 1863 2338 ut
1889 2276 1944 2340 isti
1965 2277 2033 2341 vim
2056 2295 2164 2341 sacra-

155 2359 263 2424 siones
283 2358 385 2424 oculis
406 2359 526 2423 nostris
547 2358 741 2441 spectandas
758 2359 924 2424 subiicere.
958 2358 1005 2421 llt
1022 2369 1059 2420 ut
1075 2376 1133 2420 no-
1185 2361 1371 2421 menterum
1393 2364 1565 2437 enervant,
1589 2379 1748 2441 usumque
1770 2379 1903 2441 prorsus
1925 2369 2089 2426 evertrmt:
2118 2362 2166 2426 ita

155 2452 262 2508 strum
282 2453 346 2523 est,
368 2445 404 2508 in
425 2445 563 2509 cacteris
584 2445 742 2509 creaturis
765 2450 863 2527 (quae
885 2444 970 2508 bona
990 2443 1056 2507 Dei
1076 2463 1133 2507 vo-
1187 2442 1228 2506 ab
1245 2441 1384 2508 adversa
1403 2455 1496 2527 parte
1512 2451 1600 2508 stare
1618 2444 1707 2522 ulios,
1731 2445 1786 2527 qui
1804 2466 1941 2511 arcanas
1959 2448 2165 2530 nescioquas

154 2530 281 2594 luntate
308 2530 422 2596 usibus
450 2531 569 2595 nostris
598 2529 778 2595 destinatae
807 2536 897 2606 sunt,
932 2526 1134 2611 quarumque
1185 2528 1325 2592 virtutos
1347 2530 1559 2595 sacramentis
1582 2530 1753 2614 affingunt,
1776 2551 1859 2612 quae
1881 2553 2042 2614 nusquam
2059 2533 2125 2599 illis
2145 2555 2176 2601 a.

154 2617 336 2681 ministerio
358 2616 511 2681 bonitatis
533 2637 611 2681 suae
633 2637 771 2680 munera
791 2616 885 2681 nobis
909 2612 1064 2699 largitur)
1082 2614 1133 2678 ni-
1185 2614 1258 2678 Deo
1280 2614 1398 2680 insitae
1419 2615 1582 2700 leguntur.
1617 2614 1822 2697 Quo'orrore
1843 2617 2023 2700 periculose
2044 2619 2165 2683 fallun-

154 2702 205 2767 hil
231 2701 369 2767 fiduciae
397 2701 555 2785 defigere,
582 2724 644 2768 noo
670 2703 763 2784 quasi
784 2702 861 2767 boni
883 2701 987 2765 nostri
1008 2721 1133 2777 causas,
1186 2706 1242 2762 tur
1263 2700 1475 2783 simpfiiciores
1496 2710 1530 2766 et
1550 2703 1702 2786 imperiti,
1726 2701 1804 2766 dum
1826 2711 1860 2767 et
1876 2703 1941 2768 Dei
1963 2702 2048 2768 dona
2065 2725 2164 2785 quae-

155 2787 312 2852 admirari
345 2795 379 2852 et
404 2787 608 2870 praedicare:
642 2790 689 2853 ita
719 2809 824 2870 neque
854 2788 889 2851 in
921 2785 1134 2851 sacramentis
1186 2805 1259 2848 rere
1287 2784 1458 2863 docentur,
1486 2788 1543 2852 ubi
1574 2788 1710 2872 reperiri
1736 2789 1871 2853 minime
1897 2796 2046 2871 possunt:
2081 2799 2115 2853 et
2145 2811 2166 2855 a

155 2873 293 2938 haerere
314 2874 434 2940 fiducia
456 2883 569 2939 nostra
590 2874 694 2955 dehet,
717 2896 778 2939 nec
794 2874 858 2939 Dei
880 2872 986 2958 gloria
1005 2873 1041 2935 in
1063 2872 1134 2954 ipsa
1186 2870 1258 2935 Deo
1279 2873 1400 2937 sensim
1422 2873 1667 2953 abstrahuntur,
1689 2883 1728 2938 ut
1790 2879 1822 2940 st
1837 2875 2018 2939 vanitatem
2036 2875 2163 2942 abeant

154 2960 340 3039 transferri,
362 2959 421 3024 sed
442 2961 570 3025 omissis
591 2960 757 3039 omnibus,
778 2959 820 3025 ad
841 2960 949 3040 ipsum
970 2964 1004 3022 et
1024 2977 1134 3022 sacra·
1186 2953 1228 3105 gp.
1248 2955 1324 3044 210]
1347 2959 1472 3023 Eorum
1494 2967 1613 3039 autern,
1636 2961 1693 3043 qui
1762 2982 1814 3025 em
1837 2959 2019 3026 doctrinam
2040 2968 2163 3040 serunt,

154 3052 341 3110 mentorum
362 3052 396 3110 ct
416 3067 528 3111 rerum
548 3047 696 3111 omniurn
717 3053 865 3111 autorem
886 3064 1020 3129 surgere
1040 3051 1073 3108 et
1094 3043 1134 3106 fi·
1207 3062 1250 3106 uo
1271 3052 1349 3108 sunt
1376 3065 1506 3128 genera.
1550 3047 1682 3111 Priores
1709 3045 1929 3125 tradidenmt,
1959 3054 2164 3113 sacramenta

154 3131 214 3196 des
235 3140 270 3196 et
288 3133 446 3198 confessio
469 3131 596 3198 debent.
1185 3149 1289 3194 novae
1311 3129 1407 3213 legis,
1437 3130 1500 3198 hoo
1521 3138 1585 3211 est,
1614 3153 1697 3215 quae
1718 3155 1807 3199 nunc
1834 3133 1870 3197 in
1892 3154 1954 3198 usu
1976 3140 2055 3198 sunt
2075 3133 2163 3198 chri-

243 3216 340 3298 Quod
361 3227 472 3284 autern
493 3239 535 3282 ex
561 3219 631 3300 ipso
653 3217 850 3283 sacramenti
876 3217 1007 3281 nomine
1034 3235 1133 3297 quae-
1185 3214 1310 3280 stianae
1328 3216 1492 3296 ecclesiae,
1513 3218 1690 3284 iustificare
1707 3225 1741 3284 ot
1758 3220 1905 3284 conferre
1922 3220 2072 3303 gratiam,
2094 3241 2164 3284 rno-

153 3310 236 3368 rrmt
256 3305 358 3368 errori
375 3302 422 3456 gp.
441 3302 517 3390 208]
538 3325 597 3369 suo
617 3309 839 3386 praetextum,
864 3324 982 3386 parurn
1002 3299 1133 3366 cordate
1185 3298 1227 3363 do
1243 3321 1311 3365 non
1327 3323 1486 3384 ponamus
1504 3304 1629 3370 obicem
1646 3306 1771 3388 pocomi
1786 3305 1943 3370 mortalis.
1977 3303 2072 3386 Quae
2090 3327 2163 3370 sen-

152 3389 190 3454 id
210 3390 342 3455 faciunt.
403 3397 636 3469 aeramentum,
657 3391 818 3472 inquiunt,
841 3410 916 3455 cum
935 3387 1056 3452 multas
1073 3386 1133 3450 ha·
1185 3387 1301 3466 tentia,
1331 3387 1395 3454 dici
1415 3410 1483 3454 non
1508 3398 1629 3473 potest,
1657 3412 1757 3474 quam
1783 3392 1826 3456 sit
1847 3390 1988 3455 exitialis
2010 3398 2043 3455 et
2063 3393 2163 3473 pesti·

155 3476 233 3542 beat
264 3474 351 3558 apud
383 3476 535 3558 probatos
568 3483 697 3541 autores
735 3475 1001 3558 significationes,
1032 3493 1134 3537 unam
1185 3471 1265 3552 lens,
1289 3494 1391 3556 eoque
1411 3476 1517 3560 magis
1538 3476 1625 3559 quod
1644 3476 1758 3542 multis
1780 3483 1855 3541 ante
1873 3476 2020 3552 saeculis,
2042 3497 2164 3559 magna

156 3568 286 3626 tantum
312 3561 427 3640 habet,
461 3583 544 3644 quae
576 3563 678 3646 signis
706 3563 891 3627 conveniat:
925 3580 1043 3642 nempe
1068 3579 1134 3640 qua
1186 3558 1340 3624 ecclesiae
1353 3560 1488 3640 iactura,
1506 3563 1541 3626 in
1563 3563 1648 3628 bona
1665 3563 1752 3628 orbis
1769 3570 1862 3646 parte
1880 3562 2027 3626 obtinuit
2056 3561 2163 3627 Plane

155 3647 289 3712 solenne
308 3647 390 3713 illud
410 3650 629 3712 iuramentum
651 3648 826 3731 significat,
849 3645 936 3729 quod
957 3645 1051 3710 miles
1072 3645 1134 3708 im·
1186 3653 1273 3709 certe
1296 3644 1454 3712 diabolica
1474 3654 1532 3712 cst
1577 3649 1666 3713 Nam
1687 3647 1766 3712 dum
1785 3648 1944 3712 iustitiam
1962 3648 2045 3712 citra
2064 3646 2165 3713 fidem

154 3735 298 3816 peratori
325 3740 471 3815 praestat
497 3755 571 3798 oum
602 3734 739 3798 militiae
765 3734 922 3797 initiatur.
972 3731 1020 3797 Ut
1046 3731 1134 3795 enim
1185 3729 1364 3812 pollicetur,
1387 3734 1513 3798 animas
1535 3734 1569 3797 in
1592 3734 1813 3799 confirsionem
1835 3755 1872 3798 ac
1893 3731 2049 3798 iudicium
2068 3754 2164 3817 prae·

156 3819 292 3884 militari
311 3819 367 3884 illo
400 3828 604 3884 sacramento
630 3819 730 3885 fidem
752 3840 846 3884 suam
866 3818 1055 3899 imperatori
1076 3817 1134 3881 ob·
1186 3817 1300 3899 cipites
1327 3819 1404 3902 agit,
1453 3820 1663 3901 Deoeporunt
1690 3825 1800 3883 autem
1827 3841 1882 3883 eos
1909 3818 2083 3885 inmrodica
2107 3820 2164 3886 illa

156 3905 325 3988 stringunt
349 3907 428 3971 novi
455 3906 575 3970 milites
604 3914 638 3970 et
666 3906 819 3969 militiam
845 3906 1055 3989 profitentur,
1087 3903 1134 3966 ita
1186 3909 1466 3968 sacramentorum
1495 3906 1657 3983 encomia,
1684 3925 1768 3986 quae
1790 3904 1878 3988 apud
1898 3913 2026 3970 veteres
2046 3905 2078 3970 le
2123 3928 2163 3969 n-

155 4012 217 4056 nos
237 3993 357 4056 nostris
375 3992 478 4076 signis
495 3990 665 4056 Christum
683 3993 912 4075 imperatorem
934 3990 1133 4071 profitemur,
1186 3997 1254 4065 tur,
1277 3988 1373 4071 quale
1394 3990 1476 4054 illud
1497 4005 1547 4055 est
1567 3990 1759 4074 Augustini:
1778 3988 1803 4074 ¹)
1831 3990 1918 4073 quod
1939 3992 2059 4056 veteris
2094 3993 2163 4075 egis

156 4086 191 4141 et
219 4077 280 4141 sub
307 4078 377 4142 eius
404 4078 507 4161 signis
533 4098 592 4142 nos
618 4077 759 4142 militare
786 4083 953 4141 testamur.
997 4071 1136 4139 Addunt
1186 4081 1391 4140 sacramenta
1411 4075 1551 4141 salutem
1568 4084 1697 4141 tantum
1713 4077 1954 4159 promittebant,
1976 4086 2089 4143 nostra
2106 4099 2163 4144 ve·

156 4161 400 4241 similitudines,
427 4163 545 4245 quibus
566 4184 636 4227 rem
658 4164 764 4247 magis
787 4161 963 4227 dilucidam
985 4159 1132 4225 reddant.
1186 4182 1222 4224 ro
1244 4160 1333 4226 dant
1382 4161 1455 4227 Has
1479 4171 1514 4228 et
1541 4162 1663 4228 similes
1684 4161 1812 4228 dicendi
1832 4163 1972 4246 figuras,
2000 4184 2075 4228 oum
2096 4183 2162 4227 non

156 4247 205 4314 Ut
224 4257 301 4331 toga
322 4249 464 4313 Romani
486 4270 507 4313 a
527 4249 668 4331 palliatis
691 4249 829 4314 Graccis
855 4247 1131 4325 discernebantur,
1186 4246 1485 4313 animadverterent
1518 4247 1745 4334 hyperbolicas
1773 4269 1860 4328 esse,
1895 4250 2016 4332 stipsi
2042 4248 2162 4332 hyper-

156 4343 196 4399 ut
216 4335 278 4417 ipsi
299 4335 385 4399 inter
407 4357 441 4400 se
463 4334 593 4400 ordines
612 4336 738 4399 Romae
760 4336 828 4400 suis
845 4333 1000 4420 symbolis
1017 4331 1133 4396 ‹listin-
1185 4333 1289 4399 boliou
1311 4354 1371 4398 sua
1387 4333 1555 4417 paradoxa
1575 4334 1834 4418 promulgarunt,
1857 4332 1914 4399 sed
1932 4354 2066 4418 prorsus
2083 4333 2162 4398 alie·

156 4420 349 4503 guebantur,
372 4421 554 4486 senatorius
576 4422 618 4486 ab
639 4422 796 4503 equestri,
818 4441 965 4503 purpura
985 4426 1019 4483 et
1039 4418 1133 4482 luna-
1186 4440 1228 4483 no
1250 4441 1347 4485 sensu
1370 4441 1390 4485 a
1411 4427 1560 4486 veterum
1586 4420 1724 4503 scriptis.
1768 4420 1843 4485 Non
1865 4421 1953 4485 enim
1981 4418 2069 4483 aliud
2094 4418 2162 4486 illio

156 4507 201 4570 tis
222 4505 351 4585 eduen,
379 4529 512 4572 rursum
537 4528 557 4571 a
584 4507 710 4589 plebeio
731 4515 895 4591 equester,
923 4505 1058 4570 annulo:
1087 4504 1134 4569 ita
1186 4506 1391 4591 Augustinus
1422 4506 1526 4572 voluit
1556 4527 1670 4589 quam,
1704 4505 1790 4589 qnod
1823 4505 1899 4570 alibi
1930 4505 2018 4570 idem
2049 4504 2162 4570 scribit

156 4613 217 4657 nos
234 4592 381 4677 symbola
397 4601 509 4658 nostra
520 4599 695 4677 gestamus,
721 4593 838 4676 quibus
860 4614 881 4657 a
901 4591 1045 4676 profanis
1067 4589 1133 4654 dis·
1186 4591 1305 4675 (Epist
1320 4592 1369 4677 5):
1390 4600 1595 4657 sacramenta
1610 4592 1771 4658 mosaicae
1788 4591 1870 4676 legis
1884 4589 2054 4656 Christum
2065 4610 2160 4672 prae-

156 4699 339 4744 ccrnamur.
358 4716 364 4725 ·
384 4681 431 4744 At
450 4700 511 4763 ego
533 4685 720 4744 constanter
746 4679 888 4759 affirmo,
913 4686 1055 4756 veteres,
1078 4676 1134 4759 qui
1185 4679 1367 4757 nunciasse,
1389 4685 1502 4744 nostra
1518 4699 1597 4745 vero
1618 4679 1826 4755 annunciare,
1849 4697 1887 4742 ac
1904 4676 1933 4741 si
1950 4675 2080 4756 diceret,
2103 4676 2162 4742 illa

156 4771 435 4829 sacramentorum
452 4786 572 4829 nomen
592 4765 695 4848 signis
712 4763 910 4843 indiderunt,
931 4764 1065 4828 minima
1081 4783 1133 4826 re-
1185 4763 1360 4846 figurasso,
1393 4786 1469 4830 oum
1504 4763 1611 4829 adhuc
1644 4770 1885 4846 expectaretur:
1926 4767 2038 4827 nostra
2070 4762 2162 4827 volut

156 4852 303 4933 spexissc
325 4853 396 4933 quis
413 4851 530 4916 fuisset
546 4851 639 4916 verbi
656 4851 755 4915 huius
771 4871 850 4915 usus
868 4851 979 4915 latinis
998 4850 1133 4932 scripto·
1185 4857 1391 4929 praesentem
1413 4850 1577 4930 exhibere,
1600 4850 1655 4933 qui
1676 4850 1743 4914 iam
1764 4848 1939 4931 praestitus
1961 4855 2018 4912 est
2063 4846 2161 4928 Quod

156 4935 262 5013 ribus,
302 4935 360 5000 sed
398 4958 518 5001 novam
552 4935 639 5002 hano
672 4937 943 5021 significationem
982 4957 1041 5019 pro
1074 4955 1134 4999 suo
1185 4954 1261 4998 oum
1282 4955 1324 4998 ex
1346 4937 1415 5001 eius
1436 4936 1498 5002 loci
1515 4936 1658 5020 propiori
1674 4942 1806 5017 aspectu
1822 4932 1960 4998 iudicari
1977 4933 2072 5000 facile
2088 4941 2160 5017 pot-

156 5021 324 5087 commodo
347 5023 527 5103 effinxisse,
550 5043 615 5105 qua
636 5022 826 5105 simpliciter
846 5042 941 5087 sacra
961 5023 1056 5105 sigua
1077 5020 1133 5086 de-
1186 5025 1244 5098 est,
1266 5027 1338 5084 tum
1360 5042 1401 5086 ex
1419 5022 1554 5087 homilia
1571 5020 1721 5104 quadam,
1743 5019 1799 5083 ubi
1816 5026 1928 5101 aperte
1945 5020 2081 5085 fatetur:
2103 5019 2161 5084 In·

156 5107 186 5172 si
232 5115 334 5172 arent.

187 5128 232 5191 gn
244 5192 341 5274 Quod
361 5194 389 5259 si
409 5193 507 5259 altius
529 5194 676 5278 argutari
693 5194 853 5272 volumus,
875 5192 980 5259 videri
997 5200 1134 5277 possunt
1835 5246 1839 5255 ,

156 5277 272 5344 eadem
295 5278 445 5364 analogio
466 5301 585 5346 nomen
607 5281 669 5347 hoc
690 5278 732 5345 ad
750 5279 907 5346 eiusmodi
924 5279 1133 5364 significatio-
1254 5292 1285 5360 1)
1301 5295 1336 5357 ln
1352 5296 1491 5365 prooemio
1509 5293 1687 5348 ommtionis
1704 5288 1776 5346 Pani
1792 5290 1833 5346 lt
