4770 6030
194 342 350 409 XLVIII
732 337 997 407 INs'rlrurIo
1020 336 1296 405 RELIGIONIS
1320 337 1645 406 OHRISTIANAE.

195 530 439 615 septemdecim,
469 528 550 593 illu'd
570 550 674 592 unum
706 549 805 610 supra
833 529 959 612 viginti.
1003 530 1101 593 Patet
1127 549 1280 592 numeros
1302 549 1427 609 qnoque
1448 529 1510 592 sibi
1533 549 1600 592 non
1620 528 1824 612 respondere.
1869 532 1944 596 Non
1966 534 2067 617 igitur
2089 534 2189 597 mira-

122 627 126 639 ’
194 644 281 710 beris
302 664 361 706 nos
384 640 583 724 aliquamdiu
605 639 718 704 dubios
741 639 883 705 haesisse
906 640 946 705 de
968 641 1101 705 eonsiho
1121 639 1278 722 capiendo
1300 646 1334 703 et
1355 640 1462 705 adhuc
1484 639 1523 704 de
1546 648 1640 722 capto
1663 643 1835 725 ambigere.
1880 641 2049 726 Quidquid
2071 645 2129 722 sit,
2152 645 2189 708 in

194 757 305 840 peiora
325 753 467 818 incidere
488 758 674 836 poteramus
697 772 795 833 quam
816 772 898 834 quae
927 753 1021 816 nobis
1040 750 1243 834 placuerunt
1287 753 1396 816 Penes
1418 757 1452 814 te
1475 751 1632 816 iudicium
1654 760 1730 816 esto.
1776 751 1936 819 Ordinem
1958 756 2101 837 capitum
2121 776 2190 820 ser·

193 866 343 932 vavimus
365 864 469 947 quahs
492 870 563 928 erat
584 865 619 926 in
640 863 904 946 locupletioribus
926 863 1035 940 libris,
1059 883 1210 940 numero,
1234 862 1291 927 ubi
1313 864 1433 940 variat,
1457 869 1593 945 utroque
1616 862 1787 946 adscripto.
1831 867 1908 930 Duo
1930 872 2060 930 tantum
2082 867 2190 949 capita

194 977 385 1059 antiquioris
412 975 562 1040 editionis
591 974 643 1058 (Ο.
667 975 764 1038 XIII.
789 982 822 1038 ct
846 974 940 1058 XV.)
967 973 1030 1038 hae
1056 974 1128 1056 lege
1150 996 1170 1037 a
1196 994 1255 1038 suo
1276 973 1406 1055 proprio
1439 973 1508 1038 loco
1544 976 1702 1039 removeri
1730 977 1880 1060 contigit,
1908 977 1964 1041 illo
1981 985 2067 1061 »post
2089 978 2190 1060 septi·

192 1110 293 1166 mum,
317 1088 378 1153 hoe
398 1095 472 1170 post
492 1086 654 1152 decimum
675 1094 806 1151 sextum
827 1087 967 1167 reposito
974 1109 982 1165 ;
1006 1091 1133 1150 caetera
1154 1106 1248 1149 suam
1269 1086 1387 1149 seriem
1409 1093 1522 1149 tenent
1548 1086 1714 1151 intactam.
1759 1088 1871 1152 Unum
1894 1088 1945 1172 (0.
1968 1089 2081 1170 XIV.)
2104 1088 2190 1171 quod

192 1202 228 1265 in
254 1201 447 1284 posteriores
476 1199 634 1263 editiones
659 1219 725 1261 non
758 1198 906 1275 transiit,
934 1218 1035 1278 quum
1063 1205 1157 1261 autor
1184 1196 1266 1260 illud
1293 1197 1507 1261 multifariam
1532 1196 1730 1280 discerptum
1756 1199 1828 1265 aliis
1849 1201 2012 1282 variisque
2038 1200 2116 1265 loeis
2137 1202 2189 1263 in·

193 1313 340 1389 seruerit,
362 1311 403 1375 ad
428 1320 598 1392 utramque
620 1311 759 1374 formam
778 1309 948 1391 utrobique
970 1309 1115 1374 locorum
1135 1309 1354 1391 expressimus
1375 1314 1530 1392 typorum
1552 1309 1740 1375 charactere
1762 1311 1961 1376 distinctum.
1997 1310 2190 1377 Seotionum

194 1424 333 1507 denique
354 1443 517 1501 numeros,
540 1423 657 1504 quibus
678 1419 959 1504 paragraphornm
980 1420 1112 1484 nomine
1133 1419 1182 1483 uti
1205 1420 1442 1497 consuevimus,
1465 1441 1663 1502 quamquam
1680 1423 1913 1488 recentissimis
1931 1430 2061 1488 tantum
2079 1445 2190 1488 exem·

194 1535 338 1618 pleribus
366 1536 528 1618 proprios,
557 1534 674 1614 ubique
703 1532 886 1597 adscribere
913 1542 946 1596 ct
975 1531 1016 1595 ad
1043 1552 1156 1595 eorum
1180 1552 1330 1595 normam
1356 1537 1485 1595 textum
1508 1531 1652 1597 dividere
1673 1554 1740 1597 non
1763 1532 1992 1600 dubitavimus.
2037 1533 2190 1615 Quantae

195 1647 289 1712 molis
310 1647 410 1711 fuerit
431 1646 607 1728 quantique
628 1645 751 1728 negotii
774 1643 835 1708 hoc
856 1643 922 1707 tale
943 1664 1046 1707 novae
1067 1642 1218 1707 editionis
1240 1644 1408 1727 synoptice
1430 1642 1636 1708 adornandae
1658 1666 1825 1723 conamen,
1849 1666 1945 1710 nemo
1962 1653 2073 1711 mente
2092 1646 2188 1712 faeile

195 1756 448 1841 comprehendet
469 1757 533 1820 nisi
556 1757 612 1838 qui
633 1756 732 1819 simili
753 1757 790 1818 in
811 1755 921 1820 labore
942 1757 1009 1819 iam
1030 1753 1205 1818 desudarit

347 1869 389 1932 In
411 1869 509 1932 tertia
531 1869 638 1949 operis
659 1867 847 1932 recensione
868 1865 1002 1944 edenda,
1026 1867 1118 1930 ouius
1139 1865 1338 1948 exemplaria
1359 1867 1447 1930 inter
1468 1887 1539 1930 sese
1561 1887 1629 1930 non
1650 1865 1716 1929 nisi
1737 1869 1841 1930 forma
1865 1876 2001 1933 externa
2022 1867 2188 1946 differrmt,

195 1980 257 2046 hoc
273 1980 417 2062 primum
437 1979 563 2063 egimus
580 1984 617 2042 ut
639 1985 775 2054 textum,
798 1977 840 2042 ad
858 1987 1004 2042 nostram
1023 1999 1125 2059 usque
1147 1984 1286 2042 aetatem
1305 1978 1492 2060 saepissime
1513 1978 1601 2062 typis
1614 1983 1786 2041 armatum
1807 1980 2017 2061 omniumque
2037 1981 2190 2045 manibus

192 2093 408 2169 tritissimum,
431 2092 497 2155 iam
519 2091 679 2174 singulari
700 2111 779 2155 cura
801 2072 995 2173 castigatum
1017 2090 1208 2153 offerremus
1230 2096 1263 2152 et
1283 2089 1410 2154 mendis
1432 2090 1500 2153 suis
1522 2096 1707 2171 purgatum.
1736 2088 1865 2154 Deinde
1879 2112 1957 2156 vero
1972 2090 2118 2171 eiusdem
2137 2093 2190 2154 in-

193 2203 309 2280 dolem,
333 2224 375 2267 ex
396 2201 566 2266 collatione
588 2223 663 2267 cum
684 2202 866 2283 antiquiore
888 2202 1038 2265 instituta
1060 2201 1264 2280 noscendam,
1285 2202 1358 2284 ipsa
1379 2202 1482 2265 riustri
1504 2200 1699 2282 exemplaris
1718 2200 1926 2283 dispositione
1943 2204 2113 2287 perspicue
2131 2224 2191 2267 ex·

192 2314 306 2379 hibere
327 2314 498 2392 voluimus,
520 2321 558 2376 ut
579 2314 678 2377 etiam
700 2313 753 2378 hic
775 2312 854 2397 quid
876 2321 970 2378 autor
997 2313 1050 2378 vel
1077 2314 1255 2380 mutaverit
1275 2313 1329 2378 vel
1352 2312 1513 2377 addiderit
1541 2313 1646 2396 primo
1667 2313 1781 2378 obtutu
1804 2311 1945 2378 discerni
1972 2315 2083 2396 possit.
2119 2312 2189 2378 Ita-

192 2447 254 2509 que
276 2447 486 2508 quaeeunque
507 2447 550 2489 ex
570 2424 783 2507 praecedente
805 2425 946 2489 editione
968 2424 1144 2508 (annorum
1168 2429 1249 2489 1550
1272 2425 1312 2489 ad
1338 2425 1434 2507 1554)
1460 2425 1598 2507 repetita
1618 2424 1654 2487 in
1677 2424 1738 2488 hae
1761 2424 1877 2488 ultima
1897 2431 2079 2503 servantur,
2101 2426 2190 2510 typis

192 2538 365 2602 ordinariis
387 2539 456 2602 sive
476 2537 620 2602 romanis
642 2536 781 2601 describi
802 2537 971 2615 iussimus,
996 2536 1218 2600 additamenta
1240 2558 1317 2603 vero
1339 2558 1426 2600 nova
1447 2536 1564 2600 italicis
1590 2537 1658 2600 sive
1681 2536 1833 2615 cursivis,
1855 2535 1973 2617 quibus
1992 2537 2059 2599 iam
2080 2536 2116 2599 in
2138 2557 2190 2601 re-

192 2647 341 2715 cudenda
368 2650 531 2731 superiore
558 2648 701 2713 editione
728 2650 763 2712 in
792 2647 932 2712 eundem
951 2649 1050 2712 finem
1073 2649 1124 2712 usi
1148 2670 1268 2713 sumus.
1315 2648 1489 2713 Variantes
1511 2648 1648 2711 minoris
1674 2646 1831 2710 momenti
1858 2637 2028 2725 lectiones,
2058 2647 2190 2729 siquae

192 2761 322 2838 hrerint,
344 2779 403 2843 pro
423 2781 513 2824 more
534 2761 677 2844 margini
705 2759 952 2842 adscripsimus;
982 2760 1125 2841 capitum
1152 2759 1289 2842 deniqne
1316 2758 1459 2842 adeoque
1487 2758 1692 2843 singularum
1721 2758 1905 2824 sectionum
1930 2756 2188 2842 parallelismum

192 2872 305 2956 (quem
325 2873 436 2938 vocari
457 2872 577 2956 liceat),
599 2873 685 2937 iuter
707 2879 878 2952 utramque
899 2872 1120 2935 recensionem
1140 2871 1405 2950 intercedentem,
1428 2883 1584 2954 perpetua
1605 2887 1685 2936 eura
1705 2871 1901 2934 notavimus.

345 2981 472 3063 Quibus
494 2984 645 3048 omnibns
664 2982 809 3048 nondum
831 2983 989 3060 contenti,
1019 3003 1082 3063 quo
1103 2983 1230 3048 facilius
1252 2985 1288 3047 in
1315 2991 1482 3066 posterum
1503 2983 1685 3065 theologiae
1707 2981 1909 3047 calvinianae
1931 2981 2037 3046 studio
2058 2983 2188 3047 insum·

191 3097 266 3161 bere
288 3095 406 3177 possis,
429 3094 575 3159 tabulam
597 3097 800 3178 synoptieam
823 3092 1020 3159 confecimus
1042 3096 1148 3158 textui
1170 3094 1427 3178 praefigendam,
1456 3116 1539 3177 quae
1554 3095 1620 3169 ,tibi
1640 3094 1727 3160 illico
1749 3093 1791 3158 ad
1811 3094 1920 3159 oculos
1940 3092 2108 3159 evidenter
2130 3093 2188 3158 de-

190 3211 389 3271 monstraret
410 3204 495 3287 quod
516 3206 653 3270 fortasse
673 3206 727 3271 vel
748 3227 789 3270 ex
810 3206 958 3290 pluribus
979 3207 1129 3287 quamvis
1151 3207 1231 3271 scite
1254 3206 1348 3272 dictis
1369 3207 1480 3271 minus
1502 3207 1587 3271 clare
1608 3206 1822 3288 perspexeris.
1855 3204 2002 3270 Exhibet
2017 3205 2075 3270 illa
2090 3207 2186 3288 quin-

190 3338 252 3399 que
274 3317 433 3382 columnis
454 3317 644 3401 inscriptam
666 3338 826 3382 summam
849 3316 984 3382 totidem
1006 3317 1187 3382 editionum
1206 3317 1429 3383 Institutionis
1450 3319 1708 3401 praecipuarum,
1731 3316 1784 3383 vel
1806 3316 1914 3399 potius
1936 3318 2131 3400 paginarum
2152 3324 2188 3383 et

189 3429 471 3512 paragraphomm
497 3450 650 3493 numeros
678 3430 794 3511 quibus
825 3429 955 3512 singula
986 3430 1062 3493 libri
1093 3431 1202 3512 capita
1230 3437 1263 3494 et
1291 3435 1484 3513 argumenta
1510 3431 1547 3492 in
1573 3430 1722 3512 margine
1748 3434 1861 3493 notata
1887 3428 2093 3513 respondent.
2143 3423 2186 3494 In

189 3561 383 3622 unaquaque
410 3540 560 3605 columna
581 3541 669 3624 typis
692 3540 918 3623 grandioribus
939 3563 1012 3605 eam
1034 3563 1144 3606 rerum
1168 3543 1286 3607 seriem
1315 3563 1501 3624 expressam
1528 3541 1664 3607 habebis
1685 3561 1767 3622 quae
1796 3540 1832 3603 in
1854 3561 1913 3604 sua
1933 3539 2074 3605 editione
2096 3547 2187 3607 recta

191 3659 224 3716 et
244 3651 391 3734 legitima
410 3659 472 3730 est;
495 3673 578 3734 quae
600 3672 678 3716 vero
701 3659 794 3716 extra
816 3651 962 3716 ordinem
984 3653 1159 3718 inserenda
1181 3662 1284 3732 erant,
1308 3653 1432 3719 scilieet
1453 3653 1586 3718 aliunde
1606 3653 1755 3735 repetita,
1778 3658 1815 3715 ut
1837 3651 2049 3716 materiarum
2067 3672 2186 3733 aequa-
2199 3694 2212 3716 .

190 3761 265 3827 litas
297 3770 330 3827 et
354 3765 566 3828 consonantia
593 3763 798 3829 diversorum
825 3763 1062 3846 exemplarium
1090 3771 1275 3848 appareret,
1305 3788 1344 3830 ea
1370 3765 1599 3830 minutioribus
1626 3763 1870 3830 characteribus
1894 3769 1928 3828 et
1952 3763 2187 3846 parentheseos

190 3874 284 3957 signo
306 3874 431 3940 inclusa
452 3875 678 3941 distinximus..
716 3875 792 3945 Non
812 3876 908 3958 parvi
930 3875 1058 3941 sudoris
1078 3896 1167 3958 opus,
1192 3875 1250 3941 sed
1272 3897 1335 3958 quo
1357 3877 1460 3958 ipsius
1482 3874 1646 3941 doetrinae
1664 3875 1872 3953 christianae,
1895 3896 1916 3938 a
1934 3873 2073 3940 Oalvino
2095 3881 2188 3941 tante

80 4057 86 4070 ,
190 3990 322 4067 tamque
343 3986 434 4051 vario
455 3986 564 4052 labore
586 3988 801 4066 elucubratae,
824 3986 1076 4071 intelligentiam
1096 3989 1218 4073 optime
1241 3987 1388 4053 adiutum
1410 3988 1450 4052 iri
1473 4008 1649 4070 speramus.

344 4097 396 4161 De
418 4099 656 4181 caeterisquae
685 4099 725 4162 ad
747 4105 859 4164 nostra
884 4101 1052 4181 pertinent
1076 4100 1188 4182 paucis
1210 4106 1243 4163 te
1265 4098 1424 4164 volumus.
1470 4098 1607 4176 Indiae,
1636 4120 1715 4181 quos
1737 4100 1859 4180 passim
1881 4097 1989 4163 varios
2010 4098 2045 4161 in
2066 4098 2187 4162 veteri-

189 4208 251 4273 bus
269 4206 363 4272 libris
390 4216 520 4273 exstare
548 4209 706 4288 diximus,
732 4218 846 4293 utpote
868 4209 1006 4276 Calvino
1033 4230 1100 4275 non
1128 4209 1315 4275 tribuendos
1345 4231 1365 4273 a
1391 4219 1503 4275 nostra
1524 4209 1664 4275 editione
1686 4211 1836 4275 exsulare
1863 4210 2032 4287 iussimus,
2061 4207 2189 4276 duobus
2307 4210 2310 4215 ’

190 4319 348 4400 exceptis;
375 4319 470 4383 illum
497 4321 620 4386 scilicet
645 4321 909 4402 antiquissimum
928 4322 1131 4387 servavimus
1154 4321 1209 4402 qui
1232 4322 1411 4404 exemplari
1434 4322 1607 4387 basileensi
1629 4344 1735 4388 comes
1757 4302 1886 4386 additus
1908 4328 1972 4400 est,
2003 4342 2061 4404 pro
2082 4320 2189 4386 libelli

190 4430 325 4495 raritate
345 4430 454 4495 minus
476 4432 729 4516 negligendum,
746 4442 779 4498 et
798 4434 925 4499 Nicolai
948 4431 1136 4498 Oolladonis
1158 4432 1386 4516 theologicum,
1409 4455 1505 4515 quem
1526 4433 1619 4515 quasi
1640 4434 1743 4516 ipsius
1767 4432 1897 4498 Calvini
1920 4433 2072 4516 auspiciis
2095 4434 2188 4514 operi
2210 4411 2218 4426 ¹

189 4540 380 4607 adiunctum
402 4541 532 4609 dixeris.
578 4542 731 4609 Caeteros
753 4566 865 4610 omnes
887 4544 1107 4636 negleximus,
1137 4544 1220 4628 item
1242 4565 1386 4609 summas
1408 4544 1552 4609 locorum
1579 4545 1835 4628 theologicorum
1856 4551 1889 4608 et
1910 4543 2028 4610 dubiae
2050 4544 2188 4628 originis

190 4659 223 4716 et
249 4653 371 4718 nullius
399 4656 564 4720 momenti.
615 4655 684 4721 Nos
711 4677 837 4740 quoque
863 4676 985 4720 novum
1012 4653 1154 4720 indicem
1180 4655 1355 4722 lectoribus
1381 4656 1515 4722 minime
1540 4657 1692 4723 inutilem
1716 4656 1927 4735 meditamur,
1956 4639 2072 4722 verum
2093 4656 2189 4722 illum

154 4845 161 4858 ὓ
189 4783 255 4827 non
275 4764 412 4847 singulis
434 4763 529 4832 tomis
551 4775 584 4830 et
605 4768 805 4844 tractatibus,
829 4773 866 4830 nt
887 4752 1014 4848 pridem
1036 4767 1135 4830 moris
1156 4777 1234 4845 erat,
1258 4767 1502 4847 subiiciendum,
1526 4767 1583 4833 sed
1605 4768 1682 4832 olim
1704 4768 1870 4832 absolutae
1887 4788 2023 4850 operum
2040 4769 2190 4833 omnium

189 4873 446 4941 calvinianorum
473 4878 604 4942 editioni
633 4877 817 4944 coronidem
846 4876 1046 4956 addendum,
1074 4878 1102 4942 si
1130 4877 1262 4960 quidem
1284 4880 1355 4945 Deo
1383 4880 1513 4945 favente
1542 4880 1619 4944 anni
1642 4880 1792 4962 viresque
1820 4884 1912 4942 tanto
1935 4879 2097 4944 conamini
2119 4879 2188 4943 sui·

187 4985 331 5051 fecerint
2066 5051 2072 5059 .

342 5099 633 5183 Typographorum
654 5105 758 5164 errata
780 5100 953 5166 innumera
974 5103 1071 5167 tacite
1093 5103 1293 5167 correximus
1316 5124 1358 5167 ne
1379 5103 1552 5169 lectoribus
1576 5101 1654 5166 talia
1671 5102 1855 5166 nutantium
1873 5088 2038 5180 sedulitas,
2061 5100 2187 5167 seilicet

186 5209 310 5274 inutilis
332 5218 366 5274 et
388 5211 565 5289 ambitiosa,
588 5210 732 5274 taedium
753 5212 909 5295 gigneret
950 5212 1142 5295 Ubicunque
1164 5221 1275 5278 tamen
1297 5215 1437 5296 speciem
1460 5214 1602 5296 aliquam
1618 5215 1690 5278 veri
1706 5213 1760 5278 vel
1777 5213 1967 5291 manifestis,
1990 5232 2072 5294 quae
2092 5213 2187 5282 nobis
