4732 6030
2067 377 2070 382 ·
2174 340 2243 403 932

1872 453 2113 524 16666666
2134 451 2244 509 6664.

236 545 307 602 1616
335 535 501 600 convenit:
533 534 595 597 hoc
618 533 815 617 cogitantes,
840 554 971 598 omnem
993 531 1212 597 substantiam
1264 531 1333 595 Nee
1360 529 1545 594 satisfacere
1572 530 1642 595 ullo
1668 529 1766 594 modo
1792 441 1978 612 pesdemus,
2008 529 2072 593 nisi
2099 529 2164 593 hae
2185 549 2244 593 re-

237 623 322 688 nihil
350 641 434 698 esse,
470 619 535 682 nisi
564 628 726 700 quatenus
754 621 858 684 effusa
895 641 955 683 sua
987 616 1212 683 benedictione
1263 615 1419 679 missione
1440 615 1670 694 liberaremur,
1694 637 1778 698 quae
1799 617 1897 680 venia
1917 623 1968 679 est
1989 616 2154 699 gratuitae
2175 616 2244 678 mi-

239 706 404 771 Dominus
432 725 503 769 eam
530 713 702 787 prosperat
731 714 765 769 et
791 704 984 784 foecundat,
1009 712 1148 785 atquae
1176 702 1212 765 in
1265 701 1459 765 sericordiae
1486 702 1572 780 eius,
1602 723 1705 785 quum
1733 702 1802 784 ipse
1825 701 2005 765 liberaliter
2026 702 2106 765 haec
2128 700 2245 764 debita
2320 779 2324 785 ι

238 812 339 856 16666
372 798 486 854 666116
514 798 580 867 661,
614 812 656 854 66
684 811 756 854 6661
786 789 918 873 quidem
951 796 1099 854 nostram
1131 808 1210 866 esse,
1264 787 1441 870 expungit,
1475 787 1581 869 iisque
1608 809 1669 851 nos
1697 787 1809 864 solvit,
1838 787 1969 851 nullum
1997 808 2017 850 a
2045 786 2140 850 nobis
2163 808 2244 871 pre-

808 342 1073 412 nusrrrurro
1093 342 1198 407 ann.
1221 340 1401 407 6116161.
1428 345 1660 424 isse-rsa.

236 353 296 417 931

238 877 304 940 nisi
331 884 495 957 quatenus
521 876 558 938 in
585 876 731 958 singulas
760 876 859 940 116166
887 874 1132 960 portiunculam
1154 894 1212 937 no·
1263 873 1348 936 tium
1371 873 1547 956 aecipiens;
1570 871 1628 937 sed
1650 894 1710 936 sua
1730 874 1834 956 ipsius
1856 871 2080 936 misericordia
2101 872 2164 936 sibi
2186 894 2245 935 66

237 961 288 1025 bis
310 962 459 1043 largitur,
484 982 646 1042 usumque
668 963 839 1044 permittit.
869 961 909 1025 Id
932 962 1009 1043 quia
1031 959 1211 1042 aegerrime
1262 958 1429 1022 tisfaeiens
1453 960 1489 1021 in
1517 958 1665 1036 Christo,
1693 959 1750 1040 qni
1778 958 1879 1022 semel
1906 959 1993 1041 patri
2020 959 2057 1021 in
2084 978 2244 1041 compen÷

239 1047 301 1111 61111
328 1046 520 1129 persuaderi
546 1047 671 1129 patitur
699 1048 871 1111 hominum
901 1047 1067 1130 superbia,
1097 1045 1210 1127 singu-

238 1133 307 1195 lare
336 1133 371 1194 in
402 1132 512 1195 omnia
541 1132 670 1197 saecula
702 1131 936 1197 documentum
962 1155 996 1196 se
1023 1130 1211 1216 praebuisse

239 1223 381 1282 testatur
408 1216 587 1295 Dominus,
619 1238 722 1299 quum
748 1239 871 1282 manna
898 1219 935 1281 in
957 1218 1084 1282 deserto
1106 1236 1211 1299 popu·

238 1303 310 1366 lum
337 1324 436 1366 suum
462 1302 626 1382 educavit,
655 1306 694 1366 61
722 1324 782 1367 666
805 1304 1109 1382 6616616661666161,
1143 1323 1211 1365 666
1262 1299 1393 1378 redimi,
1424 1300 1500 1364 huie

1264 1044 1425 1107 sationem
1452 1065 1486 1108 se
1515 1045 1625 1126 ipsum
1654 1043 1797 1122 tradidit.
1843 1045 1975 1126 Itaque,
2023 1045 2059 1106 ni
2088 1044 2157 1108 suis
2180 1053 2245 1108 aut

1263 1129 1449 1210 aliquorum
1477 1131 1605 1194 meritis
1628 1129 1701 1193 Ι)66
1729 1130 1881 1196 satisfieri
1908 1067 2092 1206 confidunt,
2120 1130 2244 1213 hisque

1264 1215 1540 1278 satisfactionibus
1568 1223 1777 1298 peecatorum
1799 1216 2026 1279 remissionem
2047 1216 2179 1297 pensari
2202 1237 2244 1280 66

1587 1302 1691 1365 tuitae
1724 1300 1955 1365 condonationi
1983 1300 2119 1363 minime
2150 1321 2243 1364 eom-

238 1389 275 1451 in
298 1388 366 1452 solo
394 1408 478 1471 pane
499 1389 814 1466 vivereohominom,
846 1389 961 1453 sedin
979 1388 1079 1454 verbo
1101 1388 1211 1471 potius
1260 1385 1440 1463 municant,
1464 1406 1501 1449 66
1545 1408 1602 1449 6111
1619 1387 1655 1450 16
1677 1387 1762 1449 hane
1781 1387 1920 1450 formam
1940 1384 2051 1450 Deum
2072 1386 2242 1465 inrorant,

262 1473 328 1537 uod
356 1495 397 1537 ex
426 1493 481 1538 ore
509 1495 568 1537 suo
596 1473 765 1556 egreditur
786 1474 900 1559 (Deut.
921 1479 949 1552 8,
970 1474 1012 1558 3).
1058 1474 1134 1555 Quo
1160 1474 1211 1536 in·

266 1559 383 1636 catur,
413 1560 516 1622 solam
538 1560 609 1622 eius
631 1559 788 1624 virtutem
815 1580 901 1637 esse,
931 1581 996 1641 qna
1024 1567 1212 1624 sustentan-

240 1651 296 1708 tur
318 1652 352 1708 et
373 1645 442 1710 vita
463 1654 497 1709 et
517 1646 617 1709 vires:
647 1646 777 1709 tametsi
799 1666 871 1710 eam
893 1644 955 1709 sub
977 1645 1140 1728 corporeis
1160 1645 1212 1708 in-

240 1730 433 1794 strumentis
466 1729 560 1794 nobis
592 1730 809 1794 administrat.
862 1729 1147 1812 Quemadmodum
1179 1737 1213 1793 et

240 1816 404 1879 contrario
426 1814 622 1881 documento
643 1815 855 1881 noseradire
877 1817 969 1896 solet,
992 1838 1096 1899 quum
1113 1815 1214 1880 robur

263 1901 352 1979 anis,
375 1908 468 1964 6161
490 1901 560 1984 ipse
583 1910 678 1966 vocat
699 1901 770 1986 (Er.
790 1907 819 1980 4,
842 1906 999 1980 166114,
1024 1903 1093 1987 13),
1115 1901 1213 1965 bacu-

240 1922 325 2065 lum,
354 1987 483 2069 quoties
510 1986 591 2050 libet
618 1988 807 2071 confringit,
836 2009 902 2070 quo
930 1988 1053 2052 scilieet
1081 1987 1215 2053 edentes

240 2070 408 2135 tabescent
436 2073 521 2136 fame
543 2080 576 2136 et
603 2071 750 2137 bibentes
771 2074 827 2136 siti
848 2080 1005 2137 arescant.
1046 2073 1114 2154 Qui
1135 2093 1214 2138 vero

241 2177 325 2239 pane
353 2156 543 2239 quotidiano
571 2178 639 2222 non
666 2159 825 2238 contenti,
852 2158 910 2224 sed
931 2160 1067 2224 effraeni
1088 2159 1214 2242 eupidi-

241 2249 309 2306 tate
330 2243 470 2307 infinitis
490 2243 671 2322 inhiantes,
695 2253 754 2308 aut
776 2245 833 2328 qui
855 2243 1057 2309 abundantia
1079 2266 1139 2310 sua
1162 2265 1215 2308 66-

240 2328 325 2407 1611,
349 2336 383 2392 et
404 2328 595 2394 divitiarum
617 2351 753 2394 suarum
775 2331 906 2394 cumulo
929 2332 1049 2410 securi,
1079 2332 1146 2395 bac·
1162 2331 1213 2394 ni-

241 2413 421 2478 hilominus
472 2415 635 2479 recatione
663 2415 736 2479 Deo
764 2417 965 2500 supplicant,
997 2417 1082 2481 nihil
1114 2437 1214 2499 quam

241 2498 352 2581 ipsum
374 2500 434 2562 irri
457 2508 521 2565 ent.
567 2502 701 2566 Priores
723 2501 812 2565 enim
833 2510 966 2585 petunt,
995 2500 1083 2585 quod
1109 2503 1214 2586 impe-

241 2591 366 2648 tratum
398 2586 539 2665 nollent,
576 2587 644 2650 ime
677 2586 765 2669 quod
796 2588 940 2650 maxime
972 2587 1212 2667 abominantur,

241 2690 359 2753 nempe
386 2692 506 2755 panem
528 2671 758 2753 quotidianum
785 2672 959 2752 duntaxat3
987 2682 1214 2756 quantumque

240 2765 381 2838 possunt
408 2757 564 2822 6116111166
594 2779 672 2822 suae
704 2758 857 2823 affectum
885 2759 957 2822 Deo
991 2757 1212 2839 dissimulant3

240 2861 345 2923 quum
373 2863 453 2907 vera
481 2844 585 2907 oratio
614 2852 718 2907 totam
742 2844 848 2927 ipsam
874 2852 1035 2924 mentem,
1063 2855 1097 2910 et
1118 2844 1213 2928 quid-

239 2925 319 3008 quid
340 2927 432 2992 intus
454 2929 542 3007 latet,
565 2930 653 3012 apud
674 2931 784 3012 ipsum
806 2929 974 2993 effundere
997 2930 1119 2996 debeat.
1152 2932 1213 2995 Al-

239 3013 303 3077 teri
325 3032 403 3077 vero
424 3015 602 3096 postulant,
625 3013 713 3096 quod
733 3016 870 3080 minime
887 3015 929 3079 ab
949 3037 987 3081 eo
1005 3024 1211 3100 exspectant:

239 3119 315 3161 nem
340 3099 468 3180 equod
496 3099 558 3163 sibi
580 3099 667 3183 apud
694 3122 729 3166 66
756 3122 827 3166 6666
855 3099 1065 3167 arbitrantur.
1110 3103 1152 3166 In
1174 3123 1212 3167 eo

240 3203 306 3265 quo
353 3194 469 3270 noster
497 3184 630 3263 dicitur,
658 3187 764 3269 magis
791 3187 899 3252 adhuc
927 3189 1050 3254 eminet
1072 3188 1136 3253 Dei
1156 3187 1213 3252 be·

239 3268 394 3350 nignitate,
417 3291 501 3353 quae
520 3281 672 3335 nostrum
692 3273 783 3350 facit,
806 3273 894 3354 quod
921 3274 1015 3338 nobis
1041 3275 1134 3338 nulla
1159 3295 1212 3337 ra·

240 3354 330 3418 tione
361 3354 547 3421 debebatur.
597 3358 673 3421 Etsi
705 3357 799 3423 valde
836 3359 877 3422 iis
909 3361 1066 3444 refragari
1099 3361 1211 3439 nolim,

239 3440 299 3522 qui
328 3450 450 3524 putant
482 3443 529 3506 ita
563 3442 728 3526 designari
758 3445 845 3508 iusto
877 3446 987 3510 labore
1014 3453 1048 3511 et
1075 3445 1212 3510 innoxio

239 3533 387 3608 partum,
416 3549 483 3592 non
505 3537 616 3593 autern
638 3530 829 3612 imposturis
851 3532 1051 3612 quaesitum,
1079 3540 1138 3595 aut
1159 3552 1212 3594 ra-

239 3612 334 3694 pinis.
369 3611 457 3693 Quia
478 3614 623 3678 alienum
645 3636 774 3698 semper
791 3622 849 3695 est,
873 3617 1033 3699 quidquid
1054 3637 1131 3681 eum
1152 3618 1212 3681 ali-

238 3717 304 3778 qua
325 3719 412 3762 noxa
434 3699 528 3764 nobis
550 3701 758 3783 acquirimus.
799 3700 897 3783 Quod
919 3702 990 3766 dari
1011 3702 1106 3767 nobis
1127 3704 1212 3786 peti-

238 3802 328 3860 mus,
362 3783 566 3868 significatur
591 3807 662 3850 esse
689 3787 829 3870 simplex
862 3808 899 3852 ac
931 3790 1116 3872 gratuitum
1147 3789 1213 3854 Dei

238 3864 376 3965 donum,
416 3871 634 3954 undecunque
676 3872 772 3937 nobis
808 3872 976 3954 adveniat;
1016 3875 1117 3939 etiam
1154 3874 1212 3939 ubi

236 3972 381 4051 maxime
412 3956 504 4021 visus
534 3958 634 4022 fuerit
671 3967 742 4023 arte
775 3971 872 4042 atque
903 3959 1068 4025 industria
1098 3970 1212 4024 nostra

238 4048 405 4119 quaesrtus
433 4062 471 4106 66
497 4043 649 4108 manibus
671 4045 794 4109 nostris
822 4055 1044 4130 comparatus:
1080 4045 1211 4129 quando

237 4124 306 4189 sola
327 4125 399 4190 eius
419 4125 644 4194 benedictione
666 4131 821 4210 efficitur,
843 4138 882 4196 ut
902 4132 1067 4198 laboribus
1088 4132 1211 4197 nostris

236 4218 324 4276 reete
344 4212 503 4278 succedat.
1170 4221 1173 4226 '

525 4537 702 4620 qemun
722 4540 918 4609 ΡΕΤῙΤΙΟ.

235 4692 425 4778 Remitte
464 4700 585 4782 nobis
624 4700 768 4784 debita
804 4711 969 4806 nostra,
1015 4701 1124 4783 sicut
1165 4714 1210 4786 et

294 4844 371 4899 nos
401 4819 657 4902 remittimus
690 4820 950 4903 debitoribus
980 4823 1147 4906 nostris.

319 4985 371 5045 40.
421 4981 498 5063 Qua
527 4992 736 5067 peccatorum
770 4987 997 5052 remissionem
1029 4988 1208 5054 condonari

234 5064 329 5162 nobis
350 5067 503 5150 petimus,
527 5071 680 5136 omnibus
704 5072 775 5137 sine
797 5073 867 5136 11116
887 5073 1078 5157 exceptione
1099 5075 1206 5140 honri-

235 5151 333 5216 mbus
355 5154 581 5220 necessariam.
615 5158 662 5221 Et
681 5167 815 5241 peccata
835 5157 945 5223 debita
966 5181 1077 5225 nuncu
1155 5184 1205 5242 us,

235 5235 323 5318 quod
347 5257 463 5303 eorum
493 5261 633 5324 poenam
660 5242 750 5323 Deo,
784 5265 844 5310 eeu
870 5245 1015 5329 pretium
1041 5183 1205 5313 deffius

1264 1471 1348 1534 nihil
1370 1470 1460 1535 aliud
1475 1493 1574 1554 quam
1595 1472 1737 1536 insuam
1759 1472 2000 1536 accusationem
2016 1472 2244 1551 subscribunt,

1264 1577 1301 1620 ae
1324 1555 1568 1621 damnationem
1590 1556 1766 1641 obsignant
1788 1579 1847 1621 6116
1869 1559 2017 1641 ipserum
2039 1558 2241 1623 testimonio.

1264 1642 1429 1706 Fatentur
1451 1643 1540 1707 enim
1562 1664 1597 1708 se
1619 1642 1796 1720 debitores,
1825 1645 1890 1708 nisi
1916 1643 2118 1708 remissionis
2141 1643 2244 1708 bene-

1264 1728 1338 1792 ficio
1372 1728 1559 1808 solvantur3
1593 1749 1692 1811 quam
1725 1737 1837 1793 tamen
1870 1750 1938 1793 non
1969 1729 2144 1812 ascipiunt,
2181 1728 2244 1793 sed

1264 1814 1371 1897 magis
1398 1821 1574 1897 respuunt,
1604 1813 1685 1878 dum
1713 1834 1774 1878 666
1800 1815 1920 1878 1661116
1940 1835 1977 1879 ac
2001 1814 2243 1879 661161661161166

1266 1899 1339 1963 Ι)66
1361 1898 1552 1964 obtrudunt.
1598 1898 1655 1964 Sic
1676 1901 1765 1964 enim
1793 1922 1861 1964 non
1883 1901 1954 1965 sius
1981 1899 2244 1964 misericerdiam

1265 1986 1453 2069 implorant,
1476 1985 1534 2049 sed
1554 1985 1714 2050 iudicium
1736 1987 1911 2069 appellant.

1351 2076 1401 2134 41.
1446 2072 1598 2136 Petimus
1621 2070 1754 2135 demum
1781 2073 2007 2137 remissionem
2036 2070 2131 2135 nobis
2156 2072 2241 2151 fieri,

1266 2165 1305 2221 ut
1326 2157 1389 2240 ipsi
1411 2156 1613 2222 debitoribus
1634 2157 1756 2222 nostris
1783 2159 1996 2222 remittimus:
2025 2158 2088 2222 hoc
2112 2165 2178 2235 661,
2201 2165 2242 2221 61

1265 2243 1306 2307 iis
1327 2243 1491 2326 parcimus
1512 2264 1551 2307 66
1574 2238 1706 2309 v'eniam
1727 2243 1965 2323 condonamus,
1988 2265 2008 2307 a
2029 2243 2149 2327 quibus
2171 2243 2243 2307 ulla

1265 2330 1301 2393 in
1328 2350 1363 2393 re
1391 2329 1472 2392 laesi
1500 2350 1629 2406 sumus,
1659 2337 1718 2392 aut
1744 2330 1830 2393 16616
1856 2329 1971 2412 inique
1999 2329 2151 2478 66661111
2182 2336 2242 2393 661

1266 2415 1353 2479 dicto
1382 2415 1619 2479 contumeliose
1646 2416 1777 2498 accepti.
1833 2416 1909 2479 Non
1942 2415 2029 2498 quod
2057 2415 2099 2478 iis
2151 2415 2242 2479 elicti

1265 2511 1364 2582 atque
1386 2501 1530 2564 offensae
1552 2501 1683 2584 eulpam
1709 2502 1877 2566 remittere
1899 2509 2051 2565 nostrum
2073 2501 2130 2578 sit,
2152 2499 2240 2584 qued

1265 2587 1368 2651 solius
1389 2585 1455 2650 Dei
1477 2594 1527 2651 est
1549 2587 1626 2670 (Ies.
1647 2591 1698 2667 43,
1717 2584 1789 2671 25);
1811 2607 1929 2652 161661
1951 2587 2032 2650 haee
2053 2594 2166 2651 666116
2187 2596 2241 2651 est

1265 2673 1429 2750 remissio,
1463 2672 1562 2751 irarn,
1597 2672 1724 2751 odium,
1754 2673 1918 2739 vindictae
1946 2672 2166 2755 appetentiam
2194 2694 2249 2751 ex,

1265 2758 1375 2822 animo
1397 2758 1486 2822 ultro
1505 2757 1674 2842 deponere,
1698 2766 1732 2823 et
1753 2759 1949 2822 iniuriarum
1965 2758 2156 2822 memoriam
2178 2778 2239 2823 vo-

1265 2844 1411 2907 luntaria
1432 2843 1595 2909 oblivione
1622 2853 1799 2908 conterere.
1845 2844 2068 2925 Quamobrem
2088 2850 2240 2926 peccato·
2268 2877 2275 2888 ·

1265 2950 1341 2993 rum
1363 2930 1512 2994 remissio
1535 2950 1555 2993 6
1575 2928 1648 2993 Ι)66
1670 2929 1899 3013 petenda-non
1922 2938 1987 3006 est,
2009 2930 2075 2994 nisi
2097 2930 2241 2994 offensas

1265 3016 1365 3080 6116111
1393 3016 1458 3098 ipsi
1484 3024 1615 3079 nostras
1635 3015 1788 3079 omnibus
1813 3016 2036 3094 remittamus,
2065 3017 2123 3099 qui
2145 3014 2241 3079 nobis

1264 3101 1379 3165 iniurii
1410 3101 1464 3167 vel
1496 3109 1589 3179 sunt,
1616 3101 1670 3168 vel
1697 3102 1841 3166 fuerunt.
1894 3098 1933 3166 Si
1960 3121 2026 3183 qua
2052 3121 2132 3168 vero
2167 3099 2242 3164 odia

1265 3187 1384 3251 animis
1410 3187 1605 3266 retinemus,
1634 3187 1777 3251 ultiones
1805 3185 2016 3264 meditamur,
2040 3196 2160 3270 etqua
2181 3207 2240 3250 no-

1264 3293 1396 3337 ceamus
1425 3273 1593 3337 occasione
1622 3273 1820 3355 cogitamus;
1858 3273 1925 3335 imo
1953 3293 2032 3337 vero
2066 3273 2132 3336 nisi
2164 3292 2240 3336 eum

1264 3358 1407 3423 inimicis
1424 3359 1531 3423 redire
1548 3359 1585 3421 in
1601 3359 1751 3440 gratiam,
1772 3357 1926 3441 ipsosque
1943 3358 2034 3421 omni
2056 3359 2240 3423 officiorum

1264 3464 1384 3527 genere
1411 3442 1571 3509 demereri
1599 3443 1758 3526 nobisque
1787 3444 1960 3508 conciliare
1990 3444 2145 3508 nitimur:
2179 3444 2241 3507 hae

1264 3530 1452 3613 precatione
1468 3528 1581 3593 Deum
1602 3529 1814 3607 obtestamur,
1837 3550 1880 3593 ne
1896 3536 2106 3612 peccatorum
2124 3530 2240 3594 remis·

1264 3616 1390 3680 sionem
1417 3614 1512 3680 nobis
1537 3616 1643 3679 faeiat.
1692 3616 1866 3681 Poscimus
1893 3615 1982 3679 enim
2009 3622 2049 3678 ut
2074 3615 2172 3679 nobis
2192 3616 2240 3679 fa·

1264 3702 1344 3780 6161,
1372 3722 1472 3784 quam
1499 3702 1573 3765 aliis
1593 3702 1739 3766 facimus.
1784 3702 1858 3766 Hoc
1879 3720 1957 3765 vero
1987 3707 2038 3765 est
2063 3708 2177 3783 petere
2197 3722 2240 3765 ne

1263 3787 1358 3852 nobis
1378 3788 1485 3868 faeiat,
1508 3788 1574 3851 nisi
1594 3788 1658 3870 ipsi
1679 3788 1825 3851 16611666.
1860 3784 1929 3867 Qui
1948 3807 2026 3869 ergo
2048 3785 2241 3851 huiusmodi

1264 3880 1352 3951 sunt,
1376 3873 1455 3955 quid
1477 3881 1724 3956 consequuntur
1746 3893 1808 3937 sua
1828 3872 1998 3956 petitione,
2020 3872 2086 3936 nisi
2104 3872 2240 3956 gravius

1263 3958 1443 4023 iudicium?
1494 3960 1668 4024 Postremo
1697 3956 1937 4024 observandum
1964 3964 2029 4037 est,
2058 3978 2126 4022 non
2154 3958 2240 4022 hane

1264 4043 1486 4109 conditionem
1517 4044 1591 4109 ideo
1623 4043 1735 4123 adiici,
1766 4052 1805 4109 ut
1842 4045 1991 4107 remittat
2025 4043 2121 4108 nobis
2153 4044 2240 4109 sieut

1264 4129 1465 4195 debitoribus
1486 4130 1609 4194 nostris
1630 4131 1846 4211 remittimus,
1874 4137 2048 4213 propterea
2068 4127 2157 4212 quod
2179 4151 2239 4194 no·

1264 4216 1334 4280 stra
1359 4237 1458 4299 quam
1485 4216 1558 4280 aliis
1583 4217 1722 4281 facimus
1749 4216 1942 4280 remissione
1971 4216 2042 4279 eius
2071 4215 2238 4281 remissio-

1262 4323 1340 4365 nem
1361 4322 1556 4367 mereamur.
1599 4303 1728 4367 Verum
1748 4303 1811 4367 hoc
1831 4301 1931 4368 verbo
1953 4301 2054 4365 solari
2074 4301 2240 4366 duntaxat

1228 4451 1233 4476 ,
1262 4389 1370 4453 voluit
1382 4387 1548 4453 Dominus
1569 4387 1646 4452 fidei
1667 4395 1800 4452 nostrae
1822 4387 2087 4453 imbecillitatem.
2132 4386 2238 4452 Addi-

1262 4473 1312 4538 dit
1333 4474 1422 4538 enim
1442 4475 1506 4539 hoc
1523 4481 1683 4557 tanquam
1704 4475 1847 4558 signum,
1869 4494 1934 4556 quo
1956 4475 2238 4553 confirmaremur,

1262 4567 1331 4623 tam
1353 4569 1443 4624 certo
1469 4559 1565 4624 nobis
1590 4561 1710 4624 factam
1732 4581 1751 4624 a
1778 4581 1813 4624 se
1839 4560 2066 4624 remissionem
2086 4567 2237 4642 peccato-

1262 4666 1352 4724 rum,
1381 4666 1481 4728 quam
1503 4654 1592 4711 certo
1614 4647 1736 4710 conscii
1755 4666 1887 4723 sumus,
1909 4646 1983 4708 aliis
2004 4665 2077 4709 eam
2099 4665 2120 4707 a
2140 4644 2238 4709 nobis

1261 4732 1347 4811 fieri;
1380 4732 1408 4796 si
1441 4739 1553 4796 tamen
1586 4733 1717 4796 animus
1737 4732 1843 4818 ,nobis
1876 4732 1966 4795 omni
1999 4730 2087 4810 odio,
2121 4731 2236 4810 livore,

1261 4817 1408 4883 vindicta
1432 4838 1558 4884 vacuus
1591 4827 1817 4902 purgatusque
1849 4823 1907 4882 est.
1963 4818 2141 4882 Praeterea
2173 4816 2238 4882 1166

1260 4904 1365 4969 161611
1397 4912 1477 4969 nota
1509 4926 1527 4969 6
1557 4903 1702 4969 filiorum
1734 4923 1874 4968 numero
1899 4903 2073 4987 expungit,
2108 4903 2167 4986 qui
2194 4900 2239 4966 ad

1260 4990 1485 5056 616166661616
1510 4989 1720 5074 praecipites,
1749 4987 1790 5052 ad
1816 4987 2054 5054 remittendum
2076 4987 2237 5069 difficiles,

1327 5264 1340 5315 1
1374 5265 1484 5317 tractati
1503 5262 1571 5317 1163
1588 5279 1640 5332 seq.
