4770 6030
183 345 243 408 621
301 395 304 400 .
724 338 823 407 Off.
846 338 944 405 vm.
967 336 1060 424 (IV.)
1103 335 1318 406 SYMBOLI
1338 335 1636 405 ExPhchnlo.
2121 343 2182 410 622

287 439 430 507 -ciosff

181 456 294 626 ἓαξὲεῗ,
305 527 388 609 falso
408 475 649 625 dupposueijuut'
661 527 794 625 oderim
815 527 998 624 pontificum
1018 526 1153 603 uomina,
1179 525 1182 643 l
1204 547 1281 608 quii,
1304 526 1403 590 sancti
1422 525 1480 590 sub
1495 525 1694 623 ‘lepesomti
1715 526 1757 622 iu·
1769 525 1883 607 pratia,
1905 546 2008 624 omines
2025 529 2185 625 petricius·

180 635 274 767 tt
288 632 403 763 ibt
417 613 1155 794 iibllttwdtffbttibmit‘uubb'}
1179 650 1183 767 t
1207 609 2061 779 bmffltffltblmbtu
2081 619 2185 768 stt

180 785 334 869 quidquid
353 803 479 847 rontano
499 784 640 864 pontifici
658 784 735 864 plus
753 783 876 860 nituit,
905 804 999 864 quam
1016 804 1045 847 ei
1067 804 1088 846 a
1109 802 1156 845 oe
1208 781 1333 846 iuberidi
1355 787 1533 864 potestatem
1560 783 1622 847 sibi
1650 787 1775 864 ariopat
1796 783 1953 863 pontefeci,
1976 805 2097 864 porum
2118 807 2184 851 cori

180 873 273 936 tastis
299 869 437 935 emiciliis
464 869 573 932 datinm
599 869 700 951 fuisse
731 869 902 933 retulimus.
949 871 1031 949 Quin
1062 869 1156 932 etiam
1207 873 1384 932 seiitaiieum
1416 873 1460 932 est
1486 889 1556 932 cum
1587 889 1620 933 eo
1647 868 1728 949 quod
1758 867 1835 932 alibi
1861 868 1937 932 dicit
1961 869 2139 952 Greqorius.
2157 871 2183 956 ¹)

181 978 214 1023 eo
243 954 451 1037 impudentiae
481 959 641 1032 umemint,
678 960 713 1017 ut
748 955 931 1034 rescriptum
960 954 1113 1018 ediderint
1130 949 1155 1036 ¹)
1210 953 1296 1017 Nam
1317 974 1414 1033 quum
1435 953 1590 1036 leoqius
1611 953 1838 1018 iurantium
1855 954 2015 1035 episcopus
2036 976 2068 1020 se
2090 956 2129 1020 ab
2150 977 2183 1022 eo

180 1042 237 1108 sub
263 1041 386 1105 nunuie
411 1038 579 1103 Amistasii
598 1039 802 1121 patriareliae
829 1039 1155 1120 constantinopolitani,
1207 1039 1332 1102 iussum
1357 1040 1502 1118 dixisset,
1529 1039 1744 1122 respondetur
1772 1039 1853 1103 liune
1879 1040 2019 1104 modum:
2046 1041 2099 1106 loc
2120 1063 2184 1108 oer-

181 1130 216 1193 in
243 1147 302 1208 quo
326 1130 455 1190 testatur
483 1126 622 1205 antiquis
638 1124 765 1205 ‘repulis
789 1125 890 1206 fuisse
917 1126 1085 1201 seruitum,
1119 1144 1156 1187 ue
1208 1124 1280 1188 bum
1301 1125 1461 1203 iussionis,
1479 1132 1557 1207 peto,
1581 1148 1602 1190 a
1622 1147 1687 1190 meo
1708 1125 1820 1190 amna
1838 1131 1997 1203 removete,-
2018 1128 2081 1191 scio
2102 1130 2185 1193 enim

181 1214 272 1296 quid,
304 1211 350 1278 vel
378 1211 413 1273 in
439 1210 653 1274 remotissimis
673 1210 860 1291 prouinciis,
890 1214 1043 1292 operetur,
1075 1209 1157 1289 quod
1207 1211 1263 1291 qui
1284 1211 1354 1291 sim,
1377 1217 1405 1275 et
1425 1213 1481 1291 qui
1501 1213 1588 1276 sitis:
1609 1211 1671 1276 loco
1693 1212 1771 1274 milii
1790 1212 1907 1293 fratres
1929 1213 2017 1289 estis,
2045 1213 2184 1279 uiuum

180 1320 242 1364 non
262 1298 305 1363 ad
326 1316 489 1362 romanam
509 1296 610 1360 sedem
624 1297 721 1376 prius
741 1295 872 1358 relatum
891 1295 976 1375 toret.
1014 1294 1156 1360 Praeter-
1202 1299 1326 1377 patres,·
1353 1316 1414 1361 uon
1445 1318 1515 1379 erpo
1542 1299 1639 1376 iussi,
1672 1297 1727 1361 sed
1761 1319 1840 1379 quae
1873 1296 1968 1362 utilia
1995 1299 2066 1362 oisc
2101 1305 2183 1381 suit,

181 1405 276 1466 quam
297 1383 378 1464 qnod
398 1381 605 1446 certissimum
631 1381 667 1445 id
685 1400 750 1444 esse
771 1385 900 1458 coiistat,
926 1382 978 1444 eui
998 1381 1156 1445 bominum
1208 1381 1348 1446 indicare
1374 1385 1491 1447 curaui.
1528 1383 1631 1464 ¹(lund
1656 1382 1901 1447 iurisdictionem
1927 1403 2019 1447 suani
2045 1386 2090 1448 ita
2115 1386 2184 1452 sine

181 1468 337 1537 credibile,
352 1468 423 1546 erit,
456 1466 518 1531 tale
549 1487 696 1532 romanae
722 1465 805 1530 sedis
832 1465 963 1549 eloqium
983 1466 1022 1530 ab
1048 1467 1156 1531 adom·
1205 1468 1268 1546 fine
1289 1469 1434 1547 attendit,
1464 1469 1499 1532 iu
1520 1488 1553 1533 eo
1579 1489 1705 1551 manem
1726 1473 1753 1532 et
1774 1473 1905 1533 aticum
1922 1468 2000 1549 facit
2020 1471 2183 1551 iuimiam,

181 1555 281 1632 sorio,
303 1558 332 1617 et
351 1552 476 1619 tuens
501 1552 722 1635 diqnitatisque
743 1550 861 1616 aunulo
876 1552 1048 1633 profectum
1069 1551 1156 1617 esse?
1207 1572 1268 1616 nou
1286 1558 1407 1617 tardum
1424 1552 1555 1634 reliquis
1575 1554 1734 1635 episcopis,
1756 1554 1811 1618 sed
1831 1555 1924 1618 etiam
1943 1555 2078 1637 siupulis
2098 1556 2183 1621 eccle

183 1641 245 1707 Sed
265 1640 397 1721 oportuit
418 1637 532 1702 scilicet
551 1657 585 1704 eo
607 1638 773 1702 dementiae
794 1657 831 1701 ac
852 1638 1007 1702 caecitatis
1025 1636 1156 1719 prooelu
1207 1638 1280 1716 siis,
1314 1657 1394 1719 quas
1414 1659 1448 1703 eo
1468 1640 1557 1704 modo
1578 1639 1725 1720 discerpit
1745 1659 1783 1704 ac
1803 1639 1931 1718 lccmat,
1959 1646 1994 1704 ut
2015 1662 2052 1704 eu
2074 1661 2183 1707 earum

180 1729 256 1791 istos
275 1724 488 1801 antielun'stos,
508 1729 544 1788 ut
563 1723 705 1788 omnibns
724 1743 822 1787 sanae
841 1723 952 1787 meritis
971 1723 1154 1800 bominibus,
1206 1723 1311 1788 ruinis
1332 1724 1433 1789 sedem
1454 1744 1547 1789 suam
1565 1725 1709 1806 aedificet.
1757 1725 1845 1806 Qiiod
1866 1727 1967 1789 numm
1987 1727 2129 1791 omuibus
2149 1748 2184 1792 se
2202 1731 2204 1734 ’

180 1815 235 1893 qui
255 1811 344 1874 modo
364 1808 467 1874 oeulos
494 1811 616 1891 aperire
642 1808 760 1886 coluit,
790 1808 953 1890 campione
979 1814 1055 1874 esset
1077 1810 1156 1889 ipso
1206 1809 1336 1874 indiciis
1357 1811 1473 1889 eximit,
1495 1830 1531 1875 ac
1552 1812 1711 1892 tyrannico
1733 1830 1816 1876 more
1835 1812 1882 1875 sic
1903 1811 1968 1874 uidt
1988 1833 2126 1895 reputare,
2148 1819 2184 1877 ut

180 1920 252 1963 runi
273 1896 420 1976 nequitia.
463 1893 639 1993 Decretales
658 1899 761 1992 autem
781 1894 940 1975 epistolae,
961 1916 983 1958 α
1007 1893 1155 1976 Greqorio
1206 1914 1297 1992 mmm
1318 1896 1415 1960 uuus
1436 1895 1595 1994 libidinem
1613 1917 1673 1977 pro
1694 1896 1756 1979 leqe
1776 1896 1902 1995 lrabeat,
1929 1897 1964 1961 id
1985 1903 2061 1996 certe
2081 1900 2184 1983 maqis

179 1978 1156 2148 meguffimmoummmfflw
1207 1981 1497 2132 mittini,
1507 1981 2184 2148 ttltttltttttttsttt

180 2175 249 2219 ium
268 2154 426 2235 ferociam,
448 2155 476 2216 et
496 2153 589 2216 veluti
610 2151 813 2216 barbarorum
832 2171 940 2234 requm
961 2152 1156 2234 tyrannidem
1206 2170 1268 2215 non
1287 2153 1376 2218 modo
1397 2176 1417 2218 a
1439 2173 1532 2218 sensu
1547 2155 1686 2236 pietatis,
1708 2154 1763 2218 sed
1783 2156 1878 2219 etiam
1899 2153 2113 2220 numanitatis.

179 2240 292 2322 sibime
319 2239 450 2320 spiram.
497 2237 598 2320 Atqui
618 2237 692 2302 baec
717 2242 790 2302 mm
815 2237 956 2317 oracula,
986 2258 1024 2303 ea
1044 2236 1156 2318 quibus
1296 2242 1365 2303 127.
1418 2239 1545 2319 Verum,
1566 2260 1605 2304 ne
1625 2239 1750 2322 sinpula
1765 2241 1913 2321 persequi
1934 2247 1961 2304 et
1981 2247 2118 2306 emutere
2137 2261 2184 2307 co·

180 2326 285 2390 nolunt
311 2342 507 2389 muranenses
532 2330 689 2406 papatum
719 2342 814 2388 uuum
847 2324 1015 2389 aestunari.
1070 2323 1156 2387 Hinc
1204 2343 1273 2406 par,
1295 2323 1409 2389 iterim
1429 2326 1505 2394 istos
1526 2347 1547 2390 a
1645 2325 1726 2406 ,qni
1747 2325 1835 2390 bodie
1856 2346 2003 2391 romanae
2024 2327 2107 2392 sedis
2122 2348 2183 2409 pa-

181 2417 248 2477 orla
268 2416 342 2476 sunt
361 2409 530 2491 praecliua
555 2410 614 2476 illa
634 2409 807 2488 automata,
835 2430 914 2490 quoe
934 2411 999 2474 uim
1020 2409 1155 2485 mando
1206 2411 1296 2488 troiii,
1316 2415 1345 2474 et
1364 2411 1473 2492 optimi
1493 2415 1520 2476 et
1611 2411 1716 2476 issimi
1736 2409 1843 2476 baberi
1859 2412 1981 2475 uolunt:
2001 2412 2109 2494 eequid
2120 2433 2182 2495 pu

180 2518 252 2562 rum
272 2497 398 2578 passim
425 2495 513 2561 bodie
538 2497 575 2561 in
595 2501 720 2578 papatu
740 2495 886 2560 obtinent:
909 2514 1030 2577 papam
1049 2515 1155 2560 errare
1205 2494 1276 2559 dent
1295 2495 1389 2576 ipsos,
1406 2502 1599 2578 praesentum
1619 2501 1734 2561 statium
1745 2502 1886 2579 papatus
1903 2496 2069 2578 defendere,
2092 2519 2183 2578 quem

180 2603 241 2647 nori
260 2603 369 2665 posse,·
397 2603 520 2664 papam
545 2601 610 2648 esse
634 2583 823 2663 superiorem
850 2581 1007 2660 conciliis3
1032 2600 1154 2662 papam
1205 2585 1321 2645 coiistat
1346 2581 1481 2662 centuplo
1506 2583 1726 2664 corruptiorem
1752 2602 1830 2661 esse,
1863 2602 1958 2664 maru
1983 2582 2129 2665 Greqoiii
2155 2589 2183 2649 et

180 2688 244 2733 esse
274 2669 482 2734 universalem
519 2669 657 2734 omnium
694 2667 890 2733 ecclesiarium
921 2666 1096 2748 episcopua
1126 2671 1154 2730 et
1205 2664 1369 2732 Beinurdi
1388 2667 1522 2732 saeculis
1545 2668 1653 2749 fuerit,
1680 2668 1736 2750 qui
1762 2673 1864 2733 tamen
1884 2673 1955 2732 tunc
1976 2669 2093 2733 sanetis
2113 2669 2183 2736 illis

178 2774 336 2819 summum
365 2755 401 2818 iu
433 2755 526 2819 terrm
561 2754 703 2820 mcksiae
734 2758 835 2836 caput.
892 2752 989 2816 Taceo
1020 2752 1154 2834 nuptias
1204 2751 1285 2816 uiris
1312 2757 1467 2836 tantopere
1492 2753 1693 2834 displicebat?
1737 2751 1939 2835 Coriqueiitur
1954 2753 2082 2835 passim
2104 2754 2181 2820 Gru

180 2841 274 2905 multo
306 2840 519 2920 abnudiores,
551 2861 632 2921 quas
656 2839 744 2904 stulti
771 2839 946 2904 commistae
975 2838 1011 2902 in
1042 2836 1154 2902 sobolis
1203 2838 1358 2922 quius,2)
1385 2859 1418 2903 se
1445 2839 1558 2905 alienis
1578 2839 1825 2922 ocupationibus
1845 2858 1946 2922 supra
1971 2837 2096 2904 modium
2116 2840 2182 2905 dis-

179 2928 249 2991 suis
280 2923 483 3004 deblaterant,-
522 2926 635 3007 quibus
665 2930 767 2991 tamen
801 2943 996 2989 roiuanenses
1027 2922 1154 3006 tbeoloqi
1204 2923 1307 3002 trabi;
1333 2943 1367 2988 se
1386 2924 1445 2989 sub
1466 2925 1561 2991 colom
1581 2926 1773 3008 episcopatus
1794 2925 1837 2991 ad
1855 2925 2015 2991 saeculum
2041 2944 2105 2989 esse
2133 2946 2181 2990 re·

179 3032 240 3076 non
259 3011 348 3076 modo
369 3011 587 3091 assentiuntur,
609 3011 778 3077 sedetiam
794 3010 997 3092 applaudet,
1019 3014 1054 3074 ut
1073 3009 1154 3074 idolo
1205 3008 1343 3089 ductum,
1372 3010 1427 3075 ubi
1448 3011 1545 3076 tantis
1569 3015 1669 3076 terrae
1689 3012 1776 3077 miris
1797 3011 1971 3089 inserviret,
2000 3011 2127 3090 quantis
2148 3030 2181 3076 se

179 3118 236 3162 suo
256 3096 430 3161 adulentur.
1204 3114 1366 3177 nunqnam
1386 3097 1423 3161 iu
1448 3097 1515 3160 uita
1541 3097 1624 3162 laica
1650 3097 1833 3162 deserviisse
1859 3096 2120 3174 rmmtsuraum
2148 3117 2182 3164 se

269 3186 337 3245 126.
385 3182 458 3246 Non
486 3203 579 3266 aqam
606 3204 675 3249 cum
701 3182 768 3248 illis
793 3202 913 3248 siinuno
940 3182 1018 3247 iure.
1067 3181 1154 3246 Huic
1199 3183 1306 3261 premi
1327 3181 1460 3247 tumultu
1480 3181 1690 3248 sumturum
1710 3183 1906 3266 nepoliorum,
1927 3186 1962 3246 nt
1983 3181 2026 3246 ael
2043 3202 2182 3263 superna

150 3272 281 3332 ‘tantae
308 3266 488 3332 insolentiae
521 3275 680 3350 opponeret
705 3269 866 3351 quispiam
892 3267 977 3333 alius
1002 3266 1154 3350 Cypriani
1205 3268 1333 3332 animus
1352 3267 1529 3333 nullatenus
1550 3269 1704 3351 eripatur;
1725 3289 1759 3334 se
1773 3267 1881 3332 multis
1897 3286 2065 3332 causmum
2081 3268 2182 3346 flucti-

180 3354 368 3431 sententiam,
391 3374 454 3433 qua
474 3373 553 3419 usus
572 3361 617 3420 est
637 3357 723 3439 apud
743 3356 912 3438 episcopos,
934 3374 1066 3435 qaorum
1087 3374 1154 3420 oon·
1205 3352 1264 3418 bus
1289 3355 1393 3434 quati,
1420 3359 1448 3418 et
1473 3354 1678 3421 tumultuosae
1704 3355 1785 3420 uitae
1818 3352 2043 3436 terirpeetatibus
2068 3353 2180 3436 afflipi,

180 3439 251 3504 adio
272 3439 489 3521 praesidebat:
515 3461 601 3505 rienio
627 3447 766 3507 nostrum
792 3441 967 3524 episcopum
987 3461 1021 3505 se
1041 3440 1154 3524 episco·
1204 3444 1239 3504 nt
1260 3440 1368 3505 merito
1389 3439 1485 3519 dieat,
1508 3441 1579 3505 oeni
1599 3441 1635 3504 in
1656 3440 1851 3506 altduduiem
1870 3439 1980 3504 maris.
2025 3436 2112 3503 Certo
2133 3439 2182 3504 in-

135 3541 136 3545 ’
174 3545 290 3605 porum
321 3525 410 3602 dicit,
443 3530 499 3588 aut
529 3528 688 3608 tqranuico
714 3533 828 3592 terrore
852 3527 980 3611 collepas
1005 3526 1049 3591 ad
1073 3526 1154 3592 obse
1204 3531 1250 3590 ter
1280 3524 1356 3591 illas
1387 3529 1524 3590 terrem
1555 3527 1765 3608 occupationes
1791 3529 1913 3608 poterat
1938 3529 2040 3589 tamen
2061 3523 2182 3606 plebem

179 3612 292 3692 qneiidi
318 3611 526 3675 necessitatem
556 3612 664 3695 adiqit.
715 3612 862 3679 Obiiceret
886 3614 968 3695 quod
994 3612 1153 3694 aliqunto
1199 3619 1267 3693 pro'
1283 3609 1474 3677 coiuionibus
1495 3610 1607 3691 docere,
1624 3613 1778 3693 privatin
1795 3610 2183 3694 admouendumque

174 3703 245 3778 post
264 3695 450 3780 Cartbaqine
468 3697 619 3761 decretum
641 3699 718 3780 fuit:
739 3720 777 3763 ne
797 3699 869 3780 quis
889 3704 1048 3764 amaretur
1061 3700 1153 3781 prin-
1204 3717 1281 3778 quos
1300 3695 1464 3779 oportebat,
1487 3697 1644 3762 ecclesiam
1665 3698 1824 3777 ordinare,
1846 3696 1966 3781 eolleqis
1986 3697 2063 3761 dare
2083 3695 2182 3762 aorisi-
2224 3694 2230 3707 '

179 3803 249 3864 ceps
268 3784 472 3860 sacerdotum,
499 3787 554 3847 aut
575 3784 704 3864 primus
724 3786 892 3866 episcopus.
938 3782 1095 3868 Colliqeret
1115 3805 1154 3849 eu
1205 3782 1297 3870 lium,
1325 3802 1433 3863 eosque
1457 3782 1500 3847 ad
1520 3783 1659 3863 officium
1685 3782 1813 3847 tortari.
1858 3782 2064 3865 Superbam,
2085 3787 2182 3848 resta·

180 3867 320 3934 bistoriis
346 3869 445 3932 multa
464 3869 652 3949 testimonia,
680 3889 718 3934 en
736 3871 863 3953 spnodis
883 3889 1025 3949 canoiies,
1047 3891 1086 3934 eu
1106 3891 1153 3936 ue
1205 3868 1256 3932 bat
1282 3868 1403 3948 aliquid
1429 3869 1574 3948 temporis
1599 3868 1642 3931 ad
1665 3867 1868 3932 scribendum.
1912 3868 1957 3932 Et
1978 3874 2079 3933 tamen
2100 3867 2182 3935 cala-

180 3959 278 4019 terum
298 3953 389 4018 libris
409 3955 522 4019 multas
543 3955 721 4034 senteiitias,
748 3955 860 4037 quibus
880 3975 1028 4020 ronianus
1050 3957 1154 4037 ponti
1204 3954 1341 4018 mitatem
1371 3973 1464 4018 suam
1501 3953 1653 4034 deplorat,
1690 3955 1771 4035 qnod
1803 3954 1844 4017 sit
1869 3955 1904 4017 in
1933 3954 2182 4036 profundissimo

178 4041 230 4121 ten
258 4042 295 4105 in
326 4041 465 4105 ordinem
490 4045 651 4123 sopiretur.
702 4039 763 4106 Sed
788 4063 841 4125 eqo
866 4043 938 4106 istis
964 4043 1153 4122 supersedeo,
1204 4041 1289 4104 niori
1308 4041 1473 4105 deuterum.
1518 4037 1557 4104 Si
1577 4039 1807 4104 administratio
1827 4038 1916 4101 illius
1932 4041 2079 4120 terporis
2095 4060 2182 4105 mare
2304 4030 2314 4047 ⁸

178 4146 216 4191 ne
237 4128 346 4192 uidear
365 4127 462 4191 niinis
482 4126 623 4209 praecise
643 4145 693 4190 eos
711 4147 828 4210 unque.
872 4127 1089 4209 Respondeant
1108 4134 1154 4193 ta·
1203 4127 1280 4208 fuit,
1309 4126 1385 4207 quid
1406 4126 1443 4191 de
1465 4125 1624 4208 praescidi
1639 4129 1763 4205 papatu
1783 4122 1946 4188 diremtum
1967 4124 2051 4188 erit?
2096 4125 2180 4205 Quid

179 4232 248 4277 men
277 4212 357 4277 milii
385 4214 494 4293 optimi
513 4212 643 4293 patroni
669 4232 815 4280 romanae
839 4214 938 4279 sedis:
969 4233 1032 4294 qnia
1054 4214 1154 4295 fronite
1204 4213 1287 4278 enim
1307 4211 1410 4277 simile
1438 4212 1518 4276 inter
1540 4231 1573 4276 se
1596 4209 1727 4274 liabent?
1770 4208 1834 4273 Hic
1851 4207 1955 4272 nullae
1974 4214 2048 4272 sunt
2066 4211 2179 4274 concii»

179 4298 302 4363 tilnlum
329 4298 517 4362 universalis
543 4299 677 4386 episcopi
703 4298 862 4378 defendere
889 4299 1038 4379 amun,
1064 4320 1154 4380 quern
1204 4318 1273 4377 nes,
1300 4298 1389 4362 nulla
1414 4296 1600 4380 disciplinae
1625 4316 1715 4373 cura,
1746 4294 1867 4358 nudum
1892 4294 2090 4358 ecelesiarum
2116 4301 2179 4360 stu-

178 4385 280 4450 nident
301 4386 386 4448 toties
408 4383 598 4448 anatluniate
616 4383 764 4448 mmnari
785 4406 806 4449 α
830 4384 1002 4467 Greporio?
1045 4384 1086 4451 Si
1101 4406 1154 4450 oa-
1204 4386 1308 4464 dium,
1339 4383 1427 4448 nuda
1458 4382 1636 4465 spiritmlis
1671 4380 1803 4463 turutio:
1841 4379 1922 4443 nibil
1952 4380 2082 4459 denique
2112 4381 2179 4444 uisi

178 4469 238 4534 lere
259 4468 342 4534 debet
361 4469 505 4553 Greqorii
528 4469 750 4548 testunmiium,
776 4489 809 4533 co
829 4470 987 4536 duleirant
1006 4470 1154 4536 antidui'·
1203 4472 1348 4537 mundus.
1403 4469 1538 4534 Perinde
1569 4474 1671 4534 tamen
1707 4465 1856 4530 laudatiu
1893 4464 1943 4529 liic
1973 4464 2177 4546 labyrinthus,

177 4561 260 4620 stum
279 4575 345 4621 esse
365 4576 459 4620 suum
474 4556 664 4638 pontificem,
686 4555 768 4636 qnod
788 4575 858 4620 eum
878 4555 1086 4622 intuemur·
1104 4557 1153 4638 fa·
1203 4559 1296 4638 quasi
1322 4556 1403 4622 nibil
1423 4556 1559 4620 inueniri
1584 4559 1676 4635 queat
1699 4552 1804 4635 mapis
1822 4551 1999 4616 ordinatum
2018 4570 2055 4614 ae
2075 4550 2178 4630 dispo

177 4642 271 4706 ciuid
316 4642 437 4707 Nomen
468 4642 562 4706 etiam
593 4642 708 4724 capitis
732 4639 830 4705 nibilo
855 4632 958 4724 mdqis
989 4646 1057 4706 tuni
1091 4642 1153 4708 luit
1203 4644 1307 4708 sitnm.
1351 4642 1540 4708 Beniardus
1577 4661 1660 4717 uero,
1699 4658 1779 4720 quas
1808 4636 1913 4719 fundit
1944 4636 2178 4717 querimonias?

178 4730 337 4793 usitatum.
382 4727 437 4793 Sic
462 4729 545 4793 enim
565 4726 681 4792 aliunbi
701 4727 852 4808 loquitur:
865 4724 895 4811 2)
925 4726 1040 4791 Petrus
1059 4749 1153 4810 prae
1204 4748 1280 4807 quos
1306 4730 1368 4794 edit
1392 4728 1540 4812 qeinitus,
1572 4727 1649 4792 dmn
1674 4743 1751 4790 snae
1776 4722 1887 4790 edatis
1912 4722 1990 4786 uitia
2016 4720 2178 4786 intuetur?

177 4815 505 4982 mim
523 4811 1153 4983 'ilmiu'imtitbffltuiidiltsffi
1206 4813 1292 4977 {ib
1301 4808 2178 4980 ,ttumtffitttt'ttdfflttutt

800 4948 807 4978 i
1610 4949 1617 4978 i
1806 4947 1813 4962 ·

178 5004 239 5051 uno
260 4988 360 5068 eapite
380 4985 518 5052 meinbra
539 4986 681 5051 milesiae
701 4989 790 5051 urit.-
817 4984 880 5049 imo
900 4984 1002 5049 sandi
1022 4988 1092 5049 urite
1114 4982 1154 5046 le
1200 4980 1359 5063 mutius.-
1375 5005 1437 5049 non
1449 4985 1536 5050 modo
1548 4985 1751 5068 pertinaciter
1761 4982 1850 5061 tueri,
1861 4981 1943 5048 uelut
1951 4984 2179 5046 sacrosanctum

248 5191 277 5257 1)
300 5193 419 5256 Ibidem,
439 5208 460 5244 c.
480 5192 616 5261 nunquia
691 5189 722 5258 2)
746 5191 833 5259 Epist.
851 5189 894 5242 92.
913 5189 959 5242 lib.
977 5187 1002 5240 4.
1021 5188 1055 5239 id
1073 5188 1152 5238 Ionn-
1280 5186 1308 5252 l)
1331 5188 1391 5239 Lib.
1411 5187 1435 5240 ’1.
1459 5189 1537 5257 epist.
1554 5188 1596 5241 28.
1675 5189 1705 5258 2)
1727 5189 1814 5258 Epist.
1833 5186 1857 5241 5.
1882 5189 1927 5240 lib.
1947 5186 1970 5241 1.
1995 5187 2028 5239 sd
2046 5186 2177 5240 theosin.

177 5275 241 5314 nim
260 5262 513 5329 Constantinopolin
1210 5255 1297 5323 Epist.
1317 5252 1341 5308 7.
1359 5255 1394 5308 ad
1410 5257 1593 5310 Anastasiunu
1621 5260 1692 5312 Item
1709 5258 1744 5313 it
1760 5267 1790 5311 et
1807 5258 1880 5310 alibi
