4770 6030
219 346 281 407 555
790 337 1056 407 INSTI'I'UTIO
1078 340 1182 405 REL.
1206 336 1386 405 CHRIST.
1414 341 1644 403 1539-1554.
1826 401 1829 404 4
2153 344 2214 404 556

1983 452 2215 521 1316530165.

216 531 304 596 nobis
324 535 410 606 sunt,
432 549 526 610 quam
547 549 606 609 qno
628 528 777 592 3333333
798 528 925 591 stultam
945 526 1036 591 iiiam
1057 526 1188 591 Iudaeo
1240 545 1368 607 repnnm
1388 527 1430 590 sit
1455 524 1584 603 Christi,
1607 531 1708 610 repnet
1729 532 1831 590 antem
1852 527 1905 591 nu
1926 439 2053 592 rtohnisi
2068 549 2129 608 per
2150 551 2215 594 oer-

217 638 289 682 rum
315 616 525 696 confidentiam
547 614 708 696 pupnabat
734 613 902 678 Ieremias:
934 633 1040 693 nempe
1066 633 1104 676 ne
1127 613 1189 694 plo
1240 610 1313 673 bum
1340 631 1449 675 suum:
1484 630 1526 674 un
1556 612 1634 675 uitis
1666 615 1732 676 iam
1757 612 1920 676 obscurum
1945 615 2018 690 erit,
2051 616 2127 695 quin
2157 615 2215 680 dha

216 705 336 768 nerem
363 702 398 763 in
425 700 525 765 verbis
545 700 757 777 mendacibus,
784 701 930 776 dicentes,
959 698 1103 778 temptum
1124 697 1188 762 Do
1240 697 1393 761 3333333
1422 697 1514 761 verba
1540 698 1617 776 sint,
1654 698 1767 779 quibus
1797 696 1915 763 Christi
1947 719 2076 780 repnum
2102 700 2216 780 absone

216 789 308 864 mini,
331 786 477 868 temptum
499 786 643 866 Domini,
672 785 817 867 ternplum
838 784 969 848 Doneini
989 788 1033 848 est
1060 781 1137 867 (133.
1159 787 1187 860 7,
1240 783 1308 846 eius
1327 787 1457 863 sceptro,
1479 784 1514 847 id
1541 789 1597 862 est,
1623 789 1815 848 socrosando
1842 785 1947 866 ipsius
1965 785 2051 850 uerbo
2073 806 2138 850 esse
2156 788 2215 867 piri-

216 873 261 957 4).
313 873 443 953 Qucum
475 871 555 936 nihii
580 871 739 936 Dominus
772 872 897 952 uspiam
924 890 1017 933 suum
1044 870 1187 951 apnoscit,
1238 869 1346 950 pitur?

214 960 280 1023 nisi
301 958 355 1022 ubi
375 957 499 1023 nubum
520 978 613 1021 3333
630 957 768 1034 auditur,
791 977 828 1020 33
846 957 988 1039 rdipiose
1004 955 1188 1019 observatur.
1327 958 1376 1017 26.
1426 954 1500 1018 Iam
1533 976 1603 1020 cero
1637 956 1718 1034 quod
1747 976 1816 1019 reos
1843 956 2018 1020 schismatis
2052 961 2080 1020 et
2112 956 2215 1023 haere-

104 1038 109 1055 ‘
216 1043 269 1109 Ita
294 1064 391 1125 quum
417 1044 520 1127 pieria
546 1043 611 1107 Dei
644 1045 724 1106 inter
755 1040 918 1107 Cherubim
949 1042 984 1104 in
1010 1041 1189 1104 sanctuario
1240 1059 1306 1103 scos
1326 1061 1382 1104 nos
1404 1046 1506 1123 apum,
1529 1043 1606 1121 quia
1625 1047 1653 1105 et
1673 1041 1859 1105 dissimilem
1870 1043 2089 1123 praedicemus
2106 1043 2214 1108 doctri

215 1130 331 1195 sederet
357 1150 483 1210 eantque
509 1130 609 1193 sedem
631 1128 692 1193 sibi
713 1133 827 1192 statam
847 1127 913 1208 fore
935 1127 1094 1207 pollicitus
1113 1129 1189 1190 esset
1240 1146 1329 1203 narn,
1356 1130 1383 1190 et
1408 1128 1477 1190 suis
1504 1126 1621 1209 tepidus
1641 1147 1701 1189 non
1724 1148 1911 1207 pareamus,
1939 1133 1968 1191 et
1987 1149 2125 1192 seorsum
2147 1149 2213 1193 eon

215 1215 388 1294 Dominus,
411 1215 464 1278 ubi
486 1215 601 1278 ordinm
622 1215 690 1279 eins
706 1215 820 1296 prams
840 1211 1106 1294 superstitionibus
1127 1231 1189 1275 cor-
1240 1215 1347 1275 333333
1373 1212 1415 1276 ad
1434 1232 1556 1293 preces,
1585 1213 1628 1276 ad
1648 1212 1850 1293 baptismum,
1878 1214 1921 1278 ad
1947 1233 2054 1278 333333
2080 1215 2214 1279 333333

216 1306 365 1382 rumpunt
395 1302 579 1378 sacerdotes,
608 1300 671 1364 aiio
699 1300 914 1381 transmiprat,
943 1303 971 1362 et
999 1298 1096 1361 iocum
1122 1297 1189 1360 sine
1240 1298 1433 1376 strationem,
1466 1297 1607 1378 33333333
1631 1318 1740 1362 saeros
1766 1301 1899 1363 actiones
1931 1299 2116 1364 habeamus.-
2141 1322 2213 1383 pra-

215 1387 282 1452 uiho
305 1387 463 1450 3333333333
481 1387 635 1466 relinquit.
681 1384 719 1449 Si
740 1385 885 1467 tempium
906 1383 986 1447 iliud
1006 1383 1088 1464 quod
1108 1382 1190 1446 oido-
1240 1382 1372 1446 333333
1396 1383 1519 1463 onmem
1548 1388 1592 1447 est
1623 1385 1789 1462 accusatio,
1827 1386 1882 1450 sed
1908 1405 1987 1464 arrae
2019 1406 2214 1466 nequaquam

217 1473 309 1537 batur
330 1477 497 1554 perpetuae
522 1471 586 1536 Dei
612 1471 794 1536 habitationi
820 1473 1040 1546 consecratum,
1060 1467 1190 1532 derdin-
1241 1468 1331 1551 33393
1357 1473 1412 1532 aut
1438 1468 1593 1533 laboriosa
1619 1469 1791 1550 defensione
1812 1491 1890 1552 opus
1917 1469 2012 1535 habet.
2057 1471 2215 1536 Haeretici

217 1560 272 1642 qni
293 1581 314 1622 a
335 1557 411 1636 Deo,
433 1578 470 1622 33
486 1558 700 1639 profaneseere
718 1557 834 1638 potuit,
857 1576 917 1618 non
936 1559 981 1619 est
1001 1555 1082 1634 quod
1102 1553 1190 1617 nobis
1241 1552 1483 1618 etschismatioi
1515 1561 1674 1633 33333333,
1708 1557 1763 1634 qni
1794 1557 1928 1620 dissidio
1961 1557 2042 1637 facto
2075 1557 2217 1622 33333333

217 1645 272 1709 isti
296 1646 414 1727 [339333
440 1643 544 1707 Deum
576 1644 622 1707 ito
650 1644 794 1725 personis
827 1646 882 1706 aut
912 1640 988 1705 loeis
1018 1639 1188 1722 33339333,
1241 1641 1480 1704 cummunionem
1505 1641 1665 1704 dirimunt.
1710 1641 1797 1705 Haec
1819 1662 1914 1722 porro
1942 1642 2063 1707 duobus
2084 1643 2218 1708 oimnhis

217 1735 272 1796 333
292 1732 425 1812 affiaum
445 1730 578 1793 eaternis
603 1727 876 1806 observatimibus,
902 1731 1082 1825 utmanere
1105 1724 1190 1806 apud
1241 1726 1424 1822 continetur:
1462 1746 1561 1790 sanae
1592 1727 1746 1790 doetrinae
1772 1728 1979 1824 3333333333,
2018 1733 2046 1792 et
2074 1729 2217 1826 fraterna

216 1820 437 1982 thumht.
452 1810 1190 1980 thttt‘tttttttttttthsh
1241 1811 2136 1982 swhtstttthmhttttdthttdt
2154 1814 2217 1981 ib?

216 1987 345 2070 epistota
366 1987 408 2050 ad
430 1986 601 2062 Ronmnos,
630 2007 651 2048 3
677 2005 755 2048 nono
781 1985 879 2066 capite
899 2003 996 2064 usque
1017 1983 1059 2046 od
1080 1982 1190 2046 eiusde
1241 1983 1288 2046 sis
1313 1982 1507 2065 dopmatibus
1531 1984 1605 2064 fidei
1631 1984 1837 2048 sinceritatem
1859 1990 2075 2066 3333333333,ι
2102 1985 2215 2050 1333-

216 2075 339 2138 timum.
384 2071 451 2136 Η33
479 2072 561 2136 enim
587 2070 772 2135 vehementer
799 2069 941 2132 turbabat
961 2069 1106 2149 infirmas
1126 2089 1192 2132 oon-
1241 2073 1308 2144 tem,
1328 2069 1483 2132 interdum
1499 2070 1592 2133 etiam
1607 2070 1642 2132 in
1657 2070 1731 2150 fidei
1748 2069 1962 2148 sunititndine,
1979 2072 2133 2136 societatis
2149 2073 2216 2135 333
2271 2107 2282 2137 0

216 2158 375 2236 scientius,
408 2157 615 2239 quartanum
647 2157 822 2220 oiduentur
855 2175 920 2219 esse
946 2153 1085 2236 populus
1117 2153 1190 2230 Dei,
1241 2154 1345 2218 cuium
1371 2154 1576 2237 disrumpam.
1629 2155 1743 2219 Verum
1770 2156 1805 2219 id
1831 2176 1948 2236 quoque
1973 2156 2143 2220 notandum
2165 2163 2217 2234 est,

216 2244 366 2327 eoanpetii
391 2243 562 2307 doctrinam
590 2262 652 2306 non
677 2242 764 2305 modo
787 2240 983 2322 respuebam,
1019 2240 1072 2304 sed
1099 2239 1192 2303 etiam
1241 2239 1319 2303 hane
1345 2239 1486 2304 caritatis
1512 2241 1751 2305 coniunctionem
1776 2242 1822 2305 sie
1846 2262 1867 2304 3
1896 2240 1971 2321 (idei
2001 2243 2119 2306 unitate
2140 2264 2216 2325 pen-

213 2325 1191 2496 sessiacensem
1240 2325 1327 2494 tt
1343 2325 2216 2494 s.hstttrthttnhtemnsnr

216 2502 322 2566 ritatis
348 2499 459 2577 hostes,
487 2520 552 2563 esse
579 2499 754 2563 ecclesiam:
782 2503 935 2578 mumque
963 2495 1043 2560 nihii
1070 2498 1115 2561 eis
1141 2497 1191 2559 de
1241 2498 1319 2560 stica
1346 2498 1452 2560 unitas
1478 2497 1565 2562 nobis
1591 2499 1831 2576 commendatur,
1861 2498 1915 2563 hoc
1935 2498 2060 2578 quaeri,
2083 2504 2119 2563 ut
2138 2501 2215 2564 dum

216 2592 292 2652 esset
312 2586 392 2667 quod
414 2589 518 2667 posset
540 2586 582 2650 od
609 2589 766 2649 externam
787 2583 928 2648 ecclesiae
951 2583 1086 2663 formam
1107 2582 1191 2646 ahias
1240 2587 1353 2646 333333
1373 2584 1409 2646 33
1432 2581 1555 2649 Christo
1575 2585 1770 2663 eonsndirmt,
1792 2583 1963 2649 noluntates
1980 2585 2073 2648 etiam
2093 2591 2215 2650 3333333

215 2671 402 2750 3333333333
423 2671 548 2752 ideoque
568 2675 670 2754 nepat,
699 2671 775 2751 quia
799 2667 959 2734 Christum
980 2688 1041 2733 non
1062 2668 1190 2750 3333133-
1241 2673 1350 2732 mortua
1371 2668 1406 2732 in
1429 2667 1549 2734 Christo
1572 2669 1773 2734 berreootentra
1793 2671 1875 2734 inter
1894 2691 1927 2734 se
1944 2672 2120 2734 3333333333
2140 2671 2212 2735 sint.

215 2763 356 2823 tererrtm.
1243 2752 1353 2835 Itaque
1377 2753 1502 2819 Paulus
1523 2755 1623 2840 (Eph.
1643 2761 1672 2834 4,
1693 2755 1744 2839 5),
1766 2756 1843 2820 dum
1864 2755 1907 2819 ad
1927 2755 2018 2820 33333
2038 2776 2093 2821 33
2112 2755 2214 2822 hon

302 2848 351 2906 25.
397 2842 440 2905 In
461 2842 541 2905 tenne
561 2842 686 2906 modmn
707 2840 796 2905 hodie
816 2860 873 2903 nos
889 2843 999 2903 venant
1016 2839 1190 2902 13333333
1241 2845 1307 2918 tur,
1324 2861 1386 2921 pro
1405 2841 1604 2920 fundamento
1624 2842 1734 2919 sumit,
1766 2862 1864 2905 3333
1885 2861 1949 2906 esse
1970 2840 2088 2920 Deum,
2116 2863 2213 2907 unam

215 2949 278 3006 ses,
306 2948 342 2992 33
360 2929 520 3008 imperitos
551 2927 749 3007 terrefaeiunt
770 2925 910 2990 eudesius
930 2926 1065 3002 333333,
1093 2945 1189 3005 3333
1238 2926 1332 3006 fidem
1358 2930 1504 2997 etnnmn
1525 2926 1720 3008 baptismum.
1765 2926 1834 2991 Imo
1860 2927 2030 3007 ubieunque
2056 2947 2112 2992 nos
2132 2929 2214 2993 idem

215 3014 363 3095 capitales
384 3015 447 3076 sint
469 3011 588 3077 Christi
609 3012 792 3076 3333333333.
829 3011 980 3092 Quamuis
1000 3010 1099 3093 ipitur
1118 3015 1190 3073 333-
1240 3012 1353 3075 sentire
1377 3016 1405 3075 et
1425 3013 1508 3076 idem
1527 3013 1601 3076 nette
1621 3014 1716 3092 docet,
1738 3014 1878 3078 continuo
1899 3014 2000 3091 addit,
2022 3014 2057 3076 in
2082 3012 2213 3092 Christo,

210 3099 315 3180 pium,
341 3099 560 3174 sacerdotium,
589 3103 616 3162 et
639 3098 777 3178 reliquas
803 3096 982 3161 huiusmodi
1009 3096 1116 3159 333333
1142 3095 1189 3159 ob
1240 3096 1287 3161 oet
1306 3098 1472 3162 secundum
1492 3096 1667 3176 Christum·
1689 3099 1869 3180 sipnisheans
1885 3100 2054 3180 impiomem
2071 3120 2135 3164 esse
2150 3100 2215 3180 soe-
2250 3141 2262 3156 -

215 3185 352 3261 tendant,
380 3185 508 3247 minime
528 3204 705 3264 permovere
733 3202 789 3247 nos
815 3182 899 3247 debet
923 3181 1032 3246 inanis
1057 3182 1107 3246 hic
1127 3181 1189 3261 tul-
1240 3183 1360 3260 tionem,
1382 3203 1442 3247 non
1462 3185 1717 3265 conspirationum
1731 3184 1880 3265 bdelium,
1901 3205 1979 3265 quae
1993 3185 2030 3264 fu
2046 3190 2134 3250 entra
2149 3206 2215 3250 oer-

213 3279 279 3355 por',
302 3290 360 3350 quo
381 3269 571 3350 simpdicium
593 3269 672 3355 uenti
687 3269 956 3351 perstrinpuntnr‚
977 3272 1012 3330 ut
1032 3267 1189 3332 33333333
1240 3268 1313 3332 bum
1333 3267 1474 3333 Domini.

215 3376 281 3422 esse
305 3357 508 3438 recipiamus,
534 3354 589 3418 nbi
609 3353 734 3419 oerbum
755 3352 819 3418 Dei
840 3374 900 3418 non
921 3357 1058 3434 apparet.
1102 3353 1189 3417 Haec
1327 3357 1376 3416 27.
1424 3353 1563 3419 Panium
1579 3376 1696 3437 quoque
1711 3361 1858 3436 33333333
1877 3353 2063 3437 Cyprianus,
2074 3355 2103 3439 2)
2121 3357 2215 3422 totius

215 3442 298 3507 enim
319 3445 471 3523 perpetua
499 3445 544 3505 est
571 3445 657 3517 nota,
687 3460 749 3519 qua
775 3440 910 3521 sipnamt
935 3459 1009 3503 suos
1029 3438 1189 3503 Dominus
1239 3439 1457 3505 emeuasneae
1482 3442 1659 3506 3333333333
1683 3441 1796 3522 fortem
1816 3441 1855 3505 ab
1880 3442 1971 3506 unico
1994 3440 2114 3506 Christi
2135 3443 2216 3524 epis-

215 3532 330 3592 noster:
357 3527 413 3609 333
433 3531 478 3591 est
498 3525 695 3605 eruentus,
716 3526 831 3605 inquit,
860 3525 949 3588 audit
969 3544 1068 3589 33333
1088 3545 1189 3589 meam
1240 3530 1349 3608 eopotu
1373 3527 1466 3590 ducit.
1512 3525 1623 3591 Postea
1648 3527 1788 3591 subiicit:
1815 3527 1940 3592 3333333
1968 3548 2034 3591 333
2055 3532 2112 3606 est,
2135 3549 2216 3609 quoe

216 3611 321 3696 (Ioan.
346 3617 394 3689 18,
414 3613 478 3696 37).
523 3611 618 3677 Item:
650 3631 793 3695 eposium
810 3610 995 3693 pastoritio
1022 3610 1132 3689 bonus,
1161 3616 1190 3675 et
1241 3613 1277 3675 in
1298 3611 1527 3677 mutitudinem
1555 3613 1652 3677 tatius
1672 3613 1852 3677 inerernento
1876 3613 2094 3694 foecunditatis
2115 3618 2215 3678 3333-

215 3703 829 3848 33
844 3694 1109 3847 333
1124 3696 1187 3847 n
1240 3698 1523 3848 3333
1751 3783 2214 3850 s..

215 3871 432 3947 etsequuntnr
452 3890 500 3933 me
522 3866 612 3952 (ibid.
631 3867 675 3953 4).
722 3833 823 3934 Pauib
844 3804 947 3932 autdn
968 3803 1187 3946 aodteybodiaerat:
1241 3869 1416 3950 fundatum.
1460 3869 1505 3932 Et
1534 3833 1692 3950 qunm'de
1717 3871 1799 3951 fonte
1825 3891 1888 3935 uno
1915 3870 1978 3934 rioi
1998 3868 2135 3951 plurimi
2163 3870 2214 3934 de-

215 3972 285 4018 ooes
300 3957 458 4033 pastorem
478 3974 572 4018 suum
592 3956 693 4034 sequi,
715 3955 792 4035 quin
813 3959 960 4019 33333333
982 3974 1081 4018 vocem
1102 3954 1188 4031 eius5
1237 3955 1348 4034 fluunt,
1376 3956 1582 4020 numerositas
1614 3956 1681 4020 ticet
1714 3950 1832 4037 diffusa
1858 3956 2000 4021 rideatur
2025 3954 2214 4020 mundantis

215 4037 354 4104 3333333
382 4044 484 4103 autem
512 4060 573 4102 non
599 4041 699 4120 senui,
727 4041 781 4105 sed
808 4041 940 4122 effupere
966 4039 1005 4103 ab
1031 4061 1079 4118 33,
1112 4040 1189 4120 quia
1240 4041 1345 4121 copiae
1365 4040 1516 4124 tarpitate,
1537 4043 1644 4105 unitas
1662 4047 1763 4106 tamen
1781 4048 1884 4107 manet
1899 4043 1935 4105 in
1951 4041 2213 4130 oripine.‚Aoetie

215 4144 277 4190 non
297 4129 445 4188 nonerunt
465 4145 564 4190 uocem
581 4125 760 4190 33333333.
808 4126 892 4207 Quid
912 4125 1010 4208 ipitur
1030 4130 1135 4207 333333
1154 4125 1188 4187 33
1239 4126 1367 4190 radium
1391 4127 1468 4191 sotis
1486 4149 1507 4191 a
1535 4148 1671 4209 corpore,
1701 4128 1883 4193 divisionem
1908 4129 2017 4192 unitas
2039 4147 2100 4190 333
2121 4128 2211 4208 capit.

215 4209 366 4275 33333333
391 4210 515 4274 eeclesia
542 4211 732 4289 insunuans,
766 4232 863 4293 quum
889 4232 958 4275 eam
983 4211 1111 4275 minime
1132 4211 1189 4274 du-
1240 4211 1292 4275 Ab
1313 4212 1421 4276 arbore
1445 4213 1556 4297 frenae
1576 4235 1716 4292 ramum,
1742 4215 1863 4295 fractus
1881 4215 2058 4297 33333333
2079 4232 2140 4276 non
2154 4235 2212 4294 po

216 4295 264 4360 bio
281 4294 418 4378 symbolo
439 4295 610 4378 desipuerit
633 4295 799 4361 Christus?
820 4297 901 4378 quod
920 4297 1091 4377 ubicunque
1107 4315 1189 4377 spco
1239 4297 1316 4361 terit.
1361 4298 1394 4362 A
1414 4298 1495 4379 fonte
1509 4301 1657 4380 praecide
1676 4301 1794 4378 riuum,
1812 4300 1978 4382 praeduce
1999 4298 2116 4364 3333333.
2158 4296 2213 4362 Sic

215 4386 308 4460 33333,
329 4380 439 4461 fallere
459 4401 519 4444 non
534 4387 635 4462 potest
650 4383 727 4462 quin
743 4382 809 4447 iilic
825 4382 982 4447 ecetesiam
999 4387 1076 4446 certo
1093 4385 1189 4444 osten-
1240 4387 1267 4447 et
1289 4382 1414 4447 eeclesia
1435 4383 1566 4448 Domini
1585 4384 1650 4450 tuce
1664 4387 1807 4468 perfusa,
1824 4408 1886 4468 per
1906 4391 2002 4450 totum
2022 4384 2122 4449 orbem
2137 4405 2213 4465 por-

205 4467 288 4553 333,-
315 4466 370 4530 353
390 4486 460 4532 vero
481 4464 576 4545 abest,
603 4467 684 4530 nihii
708 4473 804 4533 restat
823 4469 904 4550 quod
923 4487 1029 4532 reram
1049 4465 1189 4530 eeclesiae
1239 4469 1370 4550 ripitur:
1391 4490 1488 4534 uuum
1509 4476 1610 4536 tamon
1631 4471 1733 4537 lumen
1752 4477 1804 4550 est,
1826 4472 1907 4552 quod
1927 4472 2041 4552 ubique
2062 4469 2214 4551 diffundi

215 4553 471 4636 sipiificationem
496 4552 573 4616 dare
595 4553 704 4634 possit.
757 4553 829 4616 Non
857 4554 940 4616 enim
965 4572 1061 4634 super
1092 4550 1188 4615 homi·
1238 4559 1299 4618 tur.
1345 4554 1439 4620 Nihil
1459 4555 1629 4639 elepantius
1649 4558 1713 4622 diei
1727 4559 1831 4639 potuit
1849 4557 1892 4622 ad
1912 4556 2144 4638 exprimendam
2165 4556 2212 4619 in·

216 4658 292 4702 num
308 4639 438 4718 iudicia,
459 4657 521 4702 non
537 4658 632 4720 suaper
648 4638 820 4703 sacerdotia
834 4639 1000 4720 fundatam
1017 4657 1081 4701 esse
1101 4637 1188 4702 33313
1239 4640 1403 4705 dividuam
1425 4641 1515 4706 33333
1542 4645 1767 4722 3333333333,
1801 4664 1896 4724 quam
1928 4642 2038 4708 habent
2069 4641 2149 4706 inter
2179 4661 2212 4705 se

215 4724 314 4802 siam,
341 4724 395 4789 sed
421 4744 515 4806 super
540 4724 712 4791 doctrinam
736 4724 943 4805 apostotorum
970 4728 998 4788 et
1023 4722 1188 4805 propheta·
1239 4727 1345 4790 omnia
1367 4724 1486 4792 Christi
1506 4728 1650 4793 menrbra.
1701 4727 1850 4794 Videmus
1873 4733 1909 4794 nt
1929 4730 1971 4794 ad
1992 4732 2086 4808 capiet
2106 4729 2212 4809 ipsum

214 4829 296 4888 rum,
318 4813 528 4875 3333333333
552 4809 676 4875 Paulus
696 4808 796 4895 (Eph.
816 4813 846 4886 2,
865 4807 930 4894 20).
977 4809 1060 4890 Quin
1080 4810 1188 4891 potius
1234 4817 1382 4894 perpetuo
1407 4834 1465 4878 nos
1489 4819 1610 4879 revocet.
1662 4813 1800 4880 Proinde
1826 4816 2018 4880 haereseset
2045 4813 2213 4878 schismata

217 4894 391 4960 Ierusalem
413 4916 434 4958 3
455 4894 623 4978 Babylone,
647 4893 764 4961 0133333
782 4895 907 4960 eeclesia
928 4917 949 4959 a
970 4900 1099 4960 satanae
1120 4916 1187 4960 con
1238 4897 1311 4962 mdc
1336 4898 1415 4962 oriri
1437 4899 1635 4981 pronuntiat,
1658 4901 1741 4980 quod
1760 4902 1803 4966 ad
1824 4901 1963 4966 unitatis
1984 4899 2132 4982 oripinem
2152 4917 2214 4962 non

215 4981 371 5045 imatione
397 4980 451 5044 hoc
476 4981 654 5047 3333333333
674 4981 878 5066 dipnoscenda
899 4986 957 5059 est,
985 5001 1044 5063 quo
1065 5002 1119 5046 eas
1139 4983 1187 5045 in·
1237 4983 1370 5062 reditur,
1403 5005 1457 5050 nec
1488 4991 1581 5067 eaput
1606 4987 1780 5066 quoerimr,
1819 5007 1872 5051 nee
1904 4985 2037 5051 eoelestis
2068 4985 2214 5067 neapntri

217 5069 262 5129 ter
293 5087 325 5130 se
360 5064 504 5131 Christus
534 5068 693 5147 distinxit,
729 5068 785 5148 qui
816 5066 854 5132 ic
886 5065 953 5130 Deo
988 5072 1045 5145 est,
1084 5067 1187 5147 inquit
1240 5125 1244 5128 ,
1284 5125 1442 5132 mm.

218 5149 322 5247 (ΙΨ
342 5155 371 5229 8⁹
390 5150 456 5236 ‘Ui’
478 5151 568 5217 verba
590 5151 654 5251 Dii
666 5153 779 5218 audi&
794 5156 959 5235 Imma
980 5172 1040 5218 Μ
1057 5153 1184 5251 auditi&
1307 5187 1335 5254 1)
1358 5190 1417 5243 Lib.
1442 5195 1545 5257 quaest.
1569 5163 1698 5259 drengot.
1722 5191 1868 5243 secundum
1885 5191 1981 5243 Matth.
2006 5207 2050 5257 qu.
2071 5188 2111 5242 11.
2182 5190 2213 5258 2)

217 5255 295 5316 qum
321 5257 358 5302 33
384 5236 451 5302 Deo
484 5257 545 5302 non
572 5243 655 5304 estis.
704 5238 747 5303 Iu
774 5259 911 5316 33333,
937 5258 1033 5319 quum
1060 5238 1185 5304 eodesra
1237 5255 1277 5308 De
1295 5259 1468 5327 timphanis
1486 5258 1680 5313 praelatorum.
1741 5276 1743 5282 s
