4732 6030
72 5154 84 5167 ,
152 5104 275 5151 revocet:
295 5108 422 5167 oportere
439 5119 501 5155 men

151 316 193 378 aa
585 403 595 425 ο
791 321 795 328 ’
950 314 1050 381 ear.
1074 315 1101 378 1.
1144 315 1209 378 on
1232 314 1368 380 auca.
1484 294 1488 302 '
1902 363 1904 369 2
2127 323 2169 384 ιι

152 503 287 568 carnale
309 503 466 586 affingere
494 502 685 580 audeamus,
714 511 771 566 aut
796 504 904 587 ipsum
924 504 983 569 sub
1005 512 1134 569 nostros
1187 525 1304 585 nempe
1326 503 1412 584 quod
1433 506 1543 569 Deum
1565 505 1599 568 in
1621 504 1710 588 ligno
1733 511 1766 569 et
1786 504 1895 587 lapide
1916 506 2092 570 carnaliter
2110 528 2169 573 ve-

152 611 270 654 sensus
292 590 459 665 subiicere,
481 589 574 670 quasi
596 587 712 652 stolido
729 597 839 654 nostro
862 592 967 673 capito
989 611 1135 672 compro-
1187 589 1388 654 uerebantur
1420 588 1533 670 (Dent
1559 594 1607 655 32.
1651 591 1713 656 Ies.
1738 596 1789 655 40.
1830 591 1892 654 ler.
1922 595 1950 655 2.
1990 593 2109 657 Erech.
2133 598 2161 658 6.

152 674 255 740 hendi
276 676 387 757 possit,
410 682 469 739 aut
489 674 556 759 ulla
577 675 684 756 specie
704 678 950 757 repraesentari.
983 676 1060 741 Huc
1078 675 1135 740 ad-
1187 674 1273 739 Hab.
1293 676 1337 759 2).
1387 676 1551 741 Ultimum
1578 677 1736 760 effugium
1765 681 1815 740 est
1841 676 1928 759 quod
1955 679 2062 742 aiunt:
2097 701 2169 744 csse

151 768 287 826 vertant
308 761 364 842 qni
385 759 601 826 execrabilem
617 759 843 838 idololatriam,
866 784 930 844 qua
946 761 1058 827 multis
1076 785 1134 826 an-
1186 759 1287 825 libros
1308 760 1491 826 idiotarum.
1536 762 1577 826 Id
1594 770 1632 826 ut
1649 762 1863 828 concedamus
1885 762 2087 846 (quanquam
2109 787 2168 831 va·

151 845 250 911 tehac
263 846 401 911 saeculis
413 867 498 910 vera
507 845 622 928 religio
644 846 813 911 submersa
824 849 1043 930 subversaque
1063 847 1132 925 fuit,
1178 847 1359 910 'nissimum
1386 856 1450 926 est,
1478 869 1553 912 omn
1579 855 1667 914 certe
1696 849 1816 913 certius
1833 848 1886 911 -sit
1911 869 1977 912 non
2004 850 2039 913 in
2067 851 2169 915 alium

151 934 273 997 misero
292 939 466 1014 praetextu
487 931 660 996 defendere
680 942 847 997 conantur.
887 935 1062 1018 Imagines,
1084 935 1135 997 in-
1187 953 1284 996 usum
1305 940 1454 1013 prostare
1474 955 1572 1015 quam
1589 940 1627 997 ut
1649 932 1840 1018 adorentur)
1862 955 1928 1003 non
1945 942 2056 999 tamen
2073 936 2168 1002 udos

150 1019 279 1101 quiunt,
291 1039 351 1100 pro
365 1017 504 1083 diisnon
516 1025 718 1099 reputantur.
743 1019 1134 1102 Nectamprorsusinco-
1186 1038 1284 1098 quem
1304 1019 1448 1083 fructum
1469 1019 1586 1083 afferre
1607 1020 1732 1101 possint
1752 1019 1861 1083 idiotis
1881 1020 2051 1103 imagines,
2073 1030 2192 1104 prae?

152 1104 296 1188 gitantes
309 1101 412 1191 [pti]
426 1112 521 1168 erant
530 1103 654 1182 Iudaei,
668 1112 705 1168 ut
715 1125 780 1169 non
791 1107 1015 1170 meminissent
1024 1107 1135 1172 Deum
1187 1105 1300 1167 sertim
1326 1101 1367 1189 [p.
1382 1102 1436 1190 56]
1456 1105 1572 1186 quibus
1592 1106 1702 1169 Deum
1724 1106 1869 1188 effigiare
1891 1105 2020 1184 volunt,
2045 1108 2108 1172 nisi
2130 1115 2168 1171 ut

151 1189 253 1255 fusse
280 1190 372 1254 cuius
400 1212 500 1254 manu
530 1189 637 1254 educti
659 1198 768 1254 essent
789 1213 831 1255 cx
852 1193 1018 1276 Aegypto,
1043 1201 1134 1257 ante-
1186 1188 1308 1253 faciant
1335 1190 1684 1273 anthropomorphitas.
1730 1189 1822 1271 Quas
1848 1213 1926 1255 vero
1953 1194 2073 1257 sanctis
2100 1201 2167 1259 sta·

152 1297 253 1358 qnam
278 1276 478 1347 fabricarent
504 1275 652 1340 vitrrlum.
708 1276 778 1342 Noc
806 1279 852 1341 ita
884 1278 1005 1360 stupidi
1035 1279 1135 1351 fnisse
1186 1281 1292 1352 tuunt,
1310 1275 1388 1357 quid
1404 1284 1481 1341 suut
1496 1277 1560 1340 uisi
1573 1275 1783 1359 perditissimi
1800 1276 1898 1340 luxus
1916 1287 1949 1340 et
1965 1279 2166 1345 obscoenita-

154 1360 278 1427 ethnici
304 1361 458 1426 credendi
485 1369 576 1440 sunt,
605 1371 733 1425 utnon
767 1363 1000 1446 intelligerent,
1024 1365 1135 1429 Deum
1187 1361 1229 1424 tis
1247 1362 1455 1443 exemplaria,
1475 1361 1515 1426 ad
1533 1383 1616 1444 quae
1634 1363 1751 1444 siquis
1772 1384 1806 1426 se
1823 1363 1964 1427 formare
1983 1363 2092 1441 vellet,
2115 1366 2166 1429 t'u·

156 1446 337 1512 aliudesse
359 1469 457 1530 qnam
478 1447 576 1531 ligna,
600 1453 657 1511 aut
679 1447 810 1530 lapides.
855 1449 1030 1514 Mutabant
1047 1453 1135 1514 enim
1186 1448 1309 1510 stuario
1331 1446 1450 1531 dignus
1471 1447 1536 1511 sit?
1581 1446 1744 1529 Equidem
1770 1447 1942 1529 lupanaria
1963 1449 2112 1531 pudicius
2134 1459 2168 1515 et

154 1553 217 1616 pro
241 1534 375 1600 arbitrio
397 1533 586 1612 simulacra,
612 1533 744 1597 eosdem
766 1556 894 1616 semper
914 1537 1003 1600 Deos
1026 1537 1134 1601 animo
1186 1532 1363 1597 modestius
1386 1534 1489 1598 crdtas
1511 1535 1704 1599 meretrices
1718 1532 1902 1613 ostendunt,
1924 1556 2023 1617 quam
2045 1537 2168 1619 templa

153 1618 346 1697 retinebant,
369 1629 403 1683 et
423 1619 527 1684 multa
548 1620 605 1703 uni
623 1621 696 1684 Deo
713 1618 820 1686 dicata
839 1629 934 1685 erant
951 1622 1133 1701 simulacra,
1186 1639 1242 1682 eas
1264 1632 1344 1700 quas
1366 1619 1481 1684 volunt
1501 1620 1668 1702 virginum
1689 1618 1794 1683 videri
1815 1619 1984 1702 imagines.

151 1726 213 1770 neo
240 1712 352 1770 tamen
379 1713 428 1768 tot
457 1705 518 1769 sibi
540 1705 616 1769 dees
642 1705 826 1788 fingebant,
854 1713 933 1789 quot
959 1709 1134 1773 simulacra
1272 1703 1479 1786 Componant
1499 1726 1576 1788 ergo
1598 1727 1674 1770 suas
1695 1705 1854 1787 imagines
1872 1706 1925 1769 vel
1945 1705 1987 1769 ad
2003 1707 2168 1773 modicum

151 1799 271 1855 essent.
320 1791 498 1856 Praeterea
525 1812 611 1855 nova
637 1791 779 1872 quotidie
800 1794 1048 1872 consecrabant,
1074 1816 1135 1859 uec
1187 1788 1303 1854 saltem
1328 1790 1500 1871 pudorem,
1534 1798 1572 1854 ut
1598 1791 1695 1873 paulo
1721 1790 1937 1855 verecundius
1966 1794 2168 1859 mentiantur

151 1876 316 1958 putabant
335 1884 447 1941 tamen
469 1899 504 1940 sc
526 1899 627 1942 nevos
648 1877 754 1942 facere
777 1877 861 1942 deos.
1187 1875 1322 1940 aliorrius
1351 1877 1531 1941 sanctitatis
1558 1877 1658 1942 libros
1687 1899 1765 1942 esse.
1811 1874 1879 1940 Sed
1900 1885 1972 1941 tum
1994 1880 2094 1942 etiam
2115 1903 2167 1945 re-
2292 1946 2294 1950 ,
2335 1847 2339 1859 ⁸

242 1960 332 2042 Quid
360 1962 461 2046 ergo?
506 1960 631 2027 Omnes
664 1962 867 2042 idololatrae,
903 1966 972 2029 sive
1007 1988 1048 2030 ex
1076 1967 1132 2029 Iu·
1186 1961 1429 2043 spondebimus:
1451 1985 1517 2026 non
1539 1961 1624 2026 hanc
1645 1984 1716 2027 esse
1739 1961 1874 2027 docendi
1895 1963 2007 2045 populi
2026 1966 2092 2029 Dei
2113 1988 2167 2031 ra

152 2047 254 2126 dacis,
275 2050 345 2113 sive
366 2071 409 2112 ex
426 2047 585 2132 gentibus.
608 2050 718 2113 Deum
735 2050 834 2113 talem
851 2072 921 2115 esse
943 2072 1135 2132 persuasum
1185 2047 1316 2123 tionem,
1339 2068 1435 2128 quem
1456 2048 1553 2132 longe
1575 2047 1639 2112 alia
1661 2047 1808 2113 doctrina
1829 2070 1928 2129 quam
1948 2050 2020 2113 istis
2041 2053 2168 2118 naeniis

150 2133 354 2213 habuerunt,
383 2135 514 2217 qualem
534 2135 653 2200 mentis
675 2157 753 2199 suae
775 2137 903 2201 vanitas
925 2139 1132 2219 concepisset.
1185 2133 1313 2197 institui
1332 2133 1436 2198 voluit
1456 2134 1626 2198 Dominus.
1671 2134 1775 2198 Verbi
1804 2134 1854 2198 sui
1881 2134 2165 2216 praedicationem,

148 2218 204 2284 Ad
233 2220 320 2284 hanc
346 2221 526 2284 vanitatem
556 2220 667 2284 addita
693 2231 744 2285 est
769 2223 973 2303 improbitas:
1002 2225 1132 2305 qualem
1185 2240 1390 2283 communem
1412 2219 1562 2283 omnibus
1584 2219 1765 2284 doctrinam
1783 2222 1960 2302 proposuit.
2000 2220 2166 2300 Quorsum

147 2305 239 2370 intras
266 2306 447 2384 finxerant,
475 2314 713 2388 expressenmt.
759 2307 856 2371 Mens
882 2309 983 2390 igitur
1009 2308 1132 2375 idolum
1182 2305 1293 2386 itaque
1316 2304 1500 2387 pertinebat
1528 2306 1609 2389 erigi
1631 2314 1679 2368 tot
1700 2327 1812 2370 cruces
1839 2305 1979 2389 ligneas,
2007 2307 2162 2389 lapideas,

147 2391 277 2474 genuit,
298 2412 417 2456 manus
439 2393 579 2474 peperit,
607 2392 819 2457 nihilominus
841 2400 875 2456 et
895 2395 1005 2458 Deum
1027 2403 1131 2461 aeter·
1184 2400 1356 2474 argenteas
1378 2391 1477 2455 etiam
1502 2398 1536 2454 et
1556 2412 1686 2468 aureas,
1714 2392 1742 2455 si
1763 2390 1846 2455 illud
1865 2414 1962 2474 saepe
1983 2393 2163 2459 inculcare·
2190 2453 2208 2484 0

147 2498 229 2540 num
249 2476 380 2556 Iudaei,
403 2500 506 2542 unum
526 2499 704 2563 verumque
731 2479 810 2543 coeli
833 2500 870 2543 ac
893 2487 999 2545 terrae
1015 2482 1131 2546 Domi·
1183 2484 1250 2540 tur:
1282 2475 1453 2541 Christum
1474 2498 1545 2541 esse
1565 2476 1724 2540 traditum
1749 2484 1883 2559 propter
1904 2478 2021 2543 delicta
2040 2487 2161 2559 nostra,

147 2583 243 2635 num,
266 2563 328 2628 sub
350 2563 469 2628 talibus
490 2564 673 2629 smulacris
695 2586 729 2628 se
751 2565 856 2629 colere
878 2567 1129 2646 arbitrabantur,
1182 2564 1272 2626 utin
1289 2584 1385 2628 eruce
1401 2562 1662 2627 mencionem
1679 2569 1825 2627 nostram
1843 2565 2020 2628 sustineret
2036 2573 2071 2628 et
2088 2587 2164 2648 peo-

147 2657 182 2712 et
199 2655 317 2731 gentes
333 2671 417 2726 suos,
440 2649 517 2714 licet
533 2650 640 2727 falsos,
659 2649 745 2728 deos,
763 2672 843 2733 quos
862 2659 972 2716 tamen
990 2653 1026 2715 in
1042 2654 1130 2718 coelo
1183 2655 1257 2713 eata
1281 2656 1394 2712 nostra
1421 2647 1588 2713 ablueret?
1638 2648 1693 2712 nx
1720 2670 1783 2730 quo
1804 2670 1870 2712 uno
1891 2649 1991 2713 verbo
2017 2651 2092 2732 plus
2114 2651 2163 2715 di-

147 2733 300 2799 habitare
319 2735 490 2818 lingerent.
525 2735 579 2820 Ad
596 2735 687 2814 haec,-
702 2758 775 2809 ⁴non
793 2737 1001 2802 crediderumt
1021 2739 1132 2803 Deum
1183 2756 1273 2799 scere
1297 2741 1463 2816 poterant,
1493 2755 1591 2816 quam
1612 2755 1654 2798 ex
1679 2733 1769 2798 mille
1791 2735 1940 2799 crucibus
1966 2735 2084 2818 ligneis
2106 2751 2164 2801 aut

147 2819 213 2884 sibi
232 2819 363 2898 adessa
387 2822 451 2885 nisi
473 2821 648 2886 carnaliter
670 2844 704 2886 se
725 2830 930 2904 praesentem
952 2823 1129 2889 exhiberet
1182 2820 1328 2902 lapideis.
1372 2820 1460 2884 Nam
1486 2821 1522 2883 in
1548 2841 1664 2885 aureas
1691 2827 1725 2883 et
1751 2829 1923 2903 argenteas
1952 2822 2045 2885 avari
2070 2843 2164 2886 men·

147 2903 201 2970 Ut
219 2904 296 2971 huic
323 2928 439 2972 caecae
460 2906 631 2989 cupiditati
656 2908 925 2990 obsequerentur,
955 2918 1132 2975 erexenmt
1183 2914 1232 2970 tes
1258 2914 1293 2970 et
1312 2905 1421 2972 oculos
1450 2906 1596 2971 tenacius
1616 2906 1700 2970 forte
1727 2904 1889 2989 defigunt,
1918 2927 2017 2987 quam
2038 2907 2074 2970 in
2095 2906 2165 2971 ulla

150 2991 263 3073 signa,
287 2992 324 3056 in
350 2993 468 3074 quibus
488 2994 599 3057 Deum
626 2993 688 3058 sibi
712 3015 792 3075 prae
816 2995 918 3060 oorrlis
945 2997 1130 3062 carnalibus
1182 2992 1248 3056 Dei
1274 2992 1383 3058 verba.
1433 2993 1481 3056 Et
1507 3013 1587 3073 quos
1614 3013 1733 3074 quaeso
1761 2998 1880 3056 vocant
1905 2990 2045 3056 idiotas?
2091 2992 2164 3058 Hos

149 3075 317 3142 obversari
339 3077 517 3143 crederent
557 3078 642 3144 Cum
662 3101 741 3144 vere
757 3080 868 3144 Deum
890 3103 924 3146 sa
940 3083 976 3146 in
997 3082 1062 3147 illis
1080 3083 1131 3146 in·
1183 3078 1314 3157 scilicet,
1332 3079 1585 3161 quosDominus
1602 3076 1825 3142 theodidactos
1841 3079 1987 3161 agnoscit
1999 3076 2103 3162 (Iean.
2118 3077 2163 3162 6).

148 3162 236 3226 tueri
252 3163 499 3243 arbitrarentur,
518 3171 551 3229 et
561 3165 669 3246 ipsum
684 3186 810 3248 quoque
825 3168 861 3231 in
871 3167 936 3232 illis
951 3168 1129 3233 coluerunt
1182 3164 1236 3228 En
1254 3162 1507 3246 incomparabile
1524 3164 1705 3247 imaginum
1721 3163 1853 3242 bonum,
1872 3163 1959 3246 quod
1975 3164 2068 3228 nulla
2083 3185 2165 3246 pen-

148 3246 300 3313 'Pandem
326 3250 387 3313 teti
413 3257 447 3313 et
470 3247 510 3336 [p.
529 3247 583 3336 tc]
608 3251 725 3316 animis
754 3259 787 3316 et
813 3253 914 3319 oculis
939 3254 1006 3318 illic
1028 3255 1128 3331 affini,
1182 3252 1308 3314 satione
1320 3250 1471 3314 resarciri
1481 3257 1595 3331 petest
1620 3248 1695 3330 Quo
1708 3269 1785 3314 vero
1803 3245 1843 3335 [p.
1859 3246 1913 3335 57]
1926 3250 2164 3333 significantius

146 3335 256 3417 magis
277 3335 504 3401 obbrutescere
525 3343 708 3418 coeperunt,
731 3344 773 3416 et,
795 3340 887 3420 qnasi
904 3339 1027 3422 aliquid
1048 3339 1131 3405 divi·
1183 3335 1326 3402 declaret
1335 3357 1433 3418 quam
1450 3336 1595 3419 graviter
1607 3356 1737 3399 omnem
1748 3333 1975 3398 infidelitatem
1985 3342 2081 3416 atquc
2091 3335 2165 3412 ido-

147 3420 263 3484 nitatis
289 3421 423 3500 inesset,
453 3422 679 3504 obstupescere
706 3430 740 3487 et
767 3423 931 3489 admirari.
980 3425 1054 3491 Hoc
1076 3427 1131 3509 qui
1182 3422 1536 3499 lolatriamexecretur,
1549 3419 2086 3487 subiicitduobusistismandatis:
2111 3418 2164 3485 Se

147 3505 291 3570 antehae
316 3507 452 3586 factum,
485 3514 518 3572 et
539 3518 652 3573 nostra
678 3506 780 3574 etiam'
804 3512 961 3576 memoria
982 3513 1054 3576 fieri
1073 3534 1131 3576 ne-
1182 3509 1398 3574 Dominum
1427 3529 1530 3584 esse,
1559 3507 1687 3572 Deum
1715 3515 1914 3583 nostrum,
1952 3505 2099 3569 fortem
2119 3513 2165 3574 ,et

147 3599 247 3674 gant,
270 3591 494 3673 imprudenter
512 3594 536 3677 ¹)
564 3595 775 3660 mentiuntur.
822 3594 891 3661 Gur
912 3599 999 3660 onim
1021 3619 1132 3663 coram
1184 3593 1492 3672 aemulatorem,
1528 3593 1595 3675 qui
1621 3593 1764 3658 visitet
1790 3591 2057 3674 iniquitatem
2090 3612 2163 3673 pa·

147 3676 216 3741 illis
235 3679 509 3760 prosternuntur?
544 3679 614 3745 Gur
634 3702 704 3744 sese
725 3681 848 3759 odilla,
866 3685 1039 3764 precaturi,
1057 3691 1131 3748 tan-
1184 3687 1288 3744 trum
1310 3681 1349 3742 in
1376 3679 1490 3743 filios
1510 3680 1552 3742 in
1580 3679 1744 3743 tertiam
1767 3693 1807 3741 et
1828 3686 2015 3759 quartam
2037 3672 2164 3760 g'ene·

147 3782 250 3844 quam
272 3763 314 3827 ad
335 3785 431 3829 aures
452 3766 517 3830 Dei
539 3765 754 3831 convertunt?
785 3766 864 3832 “Our
884 3789 943 3851 pro
963 3769 1037 3848 illis,
1058 3777 1131 3834 tan-
1183 3767 1380 3830 rationem
1412 3765 1453 3829 in
1475 3764 1538 3828 his
1567 3765 1634 3845 qui
1660 3763 1835 3827 ederunt
1861 3783 2004 3827 nomen
2032 3784 2163 3841 suum,

148 3868 250 3929 quam
277 3870 337 3931 pro
364 3850 430 3914 aris
452 3858 486 3915 et
506 3851 598 3929 focis,
628 3851 669 3916 ad
691 3852 805 3918 caedes
827 3875 928 3936 usque
951 3862 985 3918 et
1005 3862 1131 3938 strages
1182 3853 1310 3917 faciat
1337 3856 1468 3914 autem
1494 3847 1823 3914 misericordiam
1851 3849 1892 3912 in
1919 3847 2069 3927 millia,
2100 3849 2164 3914 his

149 3932 384 4016 digladiantur,
408 3953 445 3999 ut
465 3936 591 4002 facilius
612 3937 710 4002 laturi
730 3939 796 4003 sint
814 3940 924 4003 Deum
945 3962 1048 4005 unum
1070 3942 1131 4006 sibi
1184 3939 1251 4020 qui
1272 3936 1451 4019 diligunt
1478 3957 1535 4013 se,
1564 3957 1607 4000 ac
1634 3942 1853 4018 praecepta
1878 3955 1954 3999 sua
1983 3940 2161 3999 servant

148 4020 249 4101 eripi,
277 4041 376 4102 quarn
398 4043 457 4086 sua
480 4022 589 4087 idola?
633 4024 679 4088 at
704 4033 816 4089 tamen
837 4025 982 4090 nondum
1006 4048 1132 4092 crassos
1184 4024 1257 4088 Hoc
1277 4043 1357 4089 vero
1383 4020 1518 4104 perinde
1545 4027 1595 4086 est
1623 4042 1660 4086 ae
1688 4021 1717 4084 si
1738 4019 1873 4086 diecret:
1903 4042 1938 4084 sc
1966 4019 2072 4085 solum
2095 4040 2165 4084 esse

148 4105 251 4255 widh
265 4127 401 4185 errores,
423 4109 479 4190 qui
498 4129 602 4189 paene
619 4110 737 4173 infiniti
755 4116 832 4175 sunt
849 4118 882 4175 et
899 4113 1045 4176 omnium
1063 4114 1131 4177 fare
1183 4111 1220 4173 in
1239 4131 1302 4192 quo
1324 4108 1461 4172 haerere
1478 4107 1662 4186 debeamus,
1680 4127 1741 4172 nec
1758 4113 1942 4171 consortem
1957 4106 2045 4170 ferre
2060 4126 2164 4188 posse,

150 4211 190 4256 co
276 4200 449 4275 occupant,
476 4215 645 4271 enumero,
671 4202 801 4259 tantum
826 4196 934 4262 indico
958 4198 1044 4280 quod
1069 4200 1132 4281 ipsi
1184 4195 1348 4261 vindicem
1368 4194 1468 4257 etiem
1494 4194 1642 4258 futurum
1663 4215 1741 4257 suae
1765 4193 1945 4257 maiestatis
1968 4213 2006 4256 ac
2032 4191 2164 4275 gloriae,

149 4277 360 4358 profitentur,
388 4300 463 4343 oum
490 4301 525 4344 se
552 4281 695 4344 maxime
716 4282 757 4345 ab
789 4281 970 4347 idololatria
990 4305 1132 4368 purgare
1184 4282 1293 4363 siqui
1320 4301 1394 4344 eam
1422 4278 1465 4343 ad
1491 4279 1654 4361 sculptilia
1682 4286 1819 4344 autres
1848 4278 1929 4342 alias
1956 4276 2164 4354 transferant,

149 4361 274 4427 volunt
318 4358 395 4428 Non
414 4386 582 4443 vocamus,
604 4367 764 4448 inquiunt,
787 4376 915 4434 nostres
936 4368 1021 4435 deos.
1066 4371 1133 4435 Ne-
1183 4389 1289 4450 neque
1309 4365 1344 4430 id
1366 4365 1475 4443 semel,
1498 4364 1611 4430 sedin
1632 4365 1789 4447 patribus,
1811 4363 1901 4441 filiis,
1925 4385 1962 4427 ac
1984 4360 2164 4443 nepotibus,

152 4468 216 4530 que
236 4448 295 4527 illi,
317 4457 376 4514 aut
391 4450 507 4515 Iudaei
528 4459 586 4516 aut
603 4452 749 4534 gentiles,
771 4454 941 4534 vocabant,
960 4455 1017 4520 sed
1038 4457 1133 4541 signa
1184 4454 1246 4519 hoc
1268 4460 1331 4530 est,
1354 4471 1545 4534 quocunque
1567 4458 1727 4533 tempore;
1756 4447 2029 4532 quemadmodum
2050 4467 2166 4528 perpe-

151 4531 314 4599 duntaxat
334 4543 368 4599 et
389 4535 525 4601 deorum
545 4538 727 4603 simulacra.
762 4540 808 4603 Et
828 4547 939 4605 tamma
955 4542 1132 4624 prophetae
1183 4550 1239 4605 tuo
1261 4558 1388 4622 quoque
1413 4536 1669 4602 misericordiam
1691 4558 1729 4602 ac
1750 4535 1986 4618 benignitatem
2007 4553 2102 4595 suam
2124 4532 2166 4598 iis

151 4626 186 4683 et
206 4640 320 4685 omnes
346 4623 540 4704 scripturae,
562 4623 627 4688 illis
648 4624 876 4691 fornicationes
897 4648 974 4691 cnm
992 4627 1082 4711 ligno
1100 4635 1134 4692 et
1183 4626 1326 4704 exhibet,
1348 4624 1403 4707 qni
1425 4645 1461 4689 se
1482 4622 1624 4706 diligrmt
1645 4622 1808 4706 eclogem
1827 4640 1920 4685 suam
1939 4617 2135 4683 custodiunt

151 4702 260 4788 lapide
277 4708 475 4789 exprobrare
491 4729 557 4773 non
576 4709 775 4788 desinebant,
789 4717 917 4775 tantum
930 4712 970 4776 ob
988 4735 1132 4796 eaquae
2166 4750 2172 4761 ·

151 4791 296 4874 quotidie
322 4793 364 4858 ab
392 4792 444 4858 his
466 4795 565 4873 fiunt,
593 4797 649 4878 qui
671 4794 851 4861 Christiani
873 4797 987 4863 haberi
1008 4799 1131 4878 volunt,
1495 4842 1765 4911 MANDATUM
1784 4843 1849 4907 111·

220 5029 250 5097 l)
269 5031 448 5100 Quamquam:
467 5033 673 5154 imprudenter
690 5037 813 5101 mentiri,
838 5037 905 5090 illud
929 5040 957 5091 in
974 5026 1133 5092 memoriani
1185 4991 1283 5073 Non
1311 4989 1536 5099 usurpabis
1560 5016 1714 5070 nomen
1736 4985 1820 5066 Del
1842 4983 1908 5064 mi
1932 4983 1976 5064 in
1996 5011 2164 5065 vanum·

150 5181 231 5219 mnan
248 5167 303 5235 legi
319 5170 414 5236 possit,
432 5107 1134 5244 ωιιῐοιὲθιῑωιιῗιιεοῗοῖἓὲῃθιὲωῑὲιθζὲὲὶᾆξῃᾳᾚξῖ
1209 5228 1214 5240 Ι
1271 5138 1373 5204 Cuius
1396 5160 1510 5236 sensus
1532 5146 1595 5203 est:
1623 5134 1782 5218 siquidem
1802 5134 1913 5197 Deum
1934 5133 2044 5231 timeri
2065 5153 2085 5196 a
2106 5153 2165 5230 ¹.¹⁰‘

151 5237 296 5289 munuum
312 5237 416 5292 meant
431 5241 597 5308 pacatiores
615 5241 767 5296 annonas..
789 5191 871 5298 aad
1184 5228 1234 5292 brs
1257 5234 1353 5308 atque
1376 5246 1479 5289 aman
1496 5229 1635 5306 oportet,
1659 5243 1701 5285 ne
1719 5229 1924 5286 sacrosancte
1946 5241 2016 5284 erus
2033 5239 2165 5283 nomme

225 5321 336 5376 Color'm'
351 5341 442 5392 opera.
482 5324 537 5378 Vel.
558 5324 582 5379 1.
1940 5321 1959 5376 3
