4732 6030
153 354 217 416 245
2105 359 2167 419 246

808 349 906 415 OAP.
929 350 990 414 VI.
1035 350 1100 414 DE
1122 341 1305 416 affluar.
1329 350 1509 418 OHRIST.

241 539 328 606 (lum
357 541 522 617 audimus,
552 561 572 603 6
600 540 672 603 Deo
698 540 887 620 impositum
915 560 986 603 6666
1013 560 1134 622 regem,
1190 542 1347 605 miseram·
1366 543 1502 606 coniecti
1530 543 1736 620 servitutem,
1768 563 1827 624 pro
1849 544 1982 608 victoris
2006 545 2168 626 prosperi-

154 627 253 692 simul
279 627 351 707 illa,
382 627 421 692 de
443 624 633 691 honorando
656 631 689 688 61
718 624 861 689 timendo
883 646 961 708 rege
983 625 1135 690 coelestia
1191 633 1258 691 tate
1290 648 1384 692 orare
1416 629 1583 707 iubentur,-
1615 649 1682 691 666
1714 628 1872 709 quomodo
1905 630 2056 695 iubemur
2087 631 2169 695 alias

154 711 262 778 edicta
284 696 393 779 6111616
422 719 622 794 repetamus,
646 719 679 774 61
698 710 934 792 nequissimum
955 718 1136 794 tyrannum
1190 715 1450 794 persecutoribus
1479 715 1599 779 6661116
1626 713 1708 778 bene
1730 715 1870 795 precari,
1902 714 1961 779 sed
1982 721 2019 778 ut
2040 715 2169 781 salvum

154 820 221 864 non
240 797 461 865 dubitabimus
479 819 516 862 eo
535 797 656 861 habere
674 796 752 873 loco,
773 818 835 878 quo
846 797 1010 861 Dominus
1027 799 1135 879 ipsum
1190 798 1239 862 illi
1266 821 1406 881 regnum
1432 808 1466 864 et
1492 799 1705 883 tranquillum
1731 808 1960 878 conservetur,
1990 808 2028 864 ut
2049 802 2109 867 sub
2131 823 2169 866 eo

154 885 310 968 dignatus
330 886 437 950 fuerit.
477 882 621 959 Samuel,
645 903 720 947 cmn
741 882 860 965 populo
881 882 986 947 Israel
1009 883 1135 947 denun-
1190 885 1251 965 ipsi
1280 906 1406 967 quoque
1434 907 1588 968 prospere
1615 893 1724 968 agant.
1777 883 1833 951 Sic
1860 886 1986 964 David,
2014 888 2081 951 iam
2108 909 2169 952 rex

154 972 266 1050 uiaret,
288 972 399 1054 qualia
420 977 506 1035 66661
527 991 547 1033 6
568 969 700 1051 regibus
721 969 788 1032 suis
810 989 966 1051 passurus
989 968 1022 1053 (1
1044 968 1134 1034 Sam.
1189 970 1254 1035 Dei
1291 971 1493 1037 ordinatione
1531 970 1733 1055 designatus,
1778 978 1953 1053 sanctoque
1990 973 2060 1037 eius
2099 973 2169 1038 oleo

154 1054 207 1140 8):
233 1058 308 1122 Hoc
335 1058 387 1122 ius
409 1058 471 1121 crit
493 1056 594 1138 regis,
623 1053 765 1145 dicebat,
789 1055 844 1135 qui
865 1056 1017 1138 regnabit
1038 1077 1136 1137 super
1191 1063 1318 1135 unctus,
1342 1079 1417 1122 cum
1437 1058 1614 1123 nullosne
1641 1058 1758 1121 merito
1786 1057 1920 1141 indigne
1943 1079 1963 1121 6
1985 1056 2085 1123 Saule
2107 1060 2169 1122 im-

154 1164 222 1209 vos.
267 1143 372 1208 Filios
398 1148 526 1208 vestros
555 1140 646 1204 tollet
674 1148 708 1203 et
732 1146 831 1221 ponet
862 1162 916 1205 666
938 1140 980 1216 ad
1003 1163 1136 1206 currum
1192 1150 1372 1225 peteretur,
1401 1143 1600 1209 insidiatoris
1627 1150 1739 1207 tamen
1765 1144 1816 1208 sui
1844 1152 2087 1209 sacrosanctum
2109 1145 2169 1208 ha

154 1250 267 1308 suum,
292 1235 331 1293 ut
357 1236 457 1311 ponat
479 1248 533 1291 eos
559 1248 619 1308 pro
646 1227 807 1308 equitibus
835 1228 958 1291 suiset
984 1234 1021 1290 61
1043 1234 1137 1291 arent
1192 1229 1290 1294 bebat
1311 1236 1417 1312 caput,
1440 1229 1526 1313 quod
1547 1231 1643 1313 regui
1660 1229 1784 1292 honore
1802 1230 1966 1294 Dominus
1987 1231 2169 1295 sanctifica·

156 1336 254 1398 agros
274 1336 360 1393 suos,
383 1326 416 1379 et
431 1334 572 1378 messem
595 1333 689 1376 suam
711 1319 845 1389 metant,
869 1320 901 1376 et
924 1334 1016 1377 arma
1036 1313 1136 1377 fabri·
1190 1323 1291 1379 verat
1336 1317 1434 1380 Absit
1456 1339 1476 1382 a
1497 1338 1563 1393 me,
1587 1315 1715 1380 dicebat
1737 1314 1768 1389 (l
1792 1313 1880 1379 Sam.
1902 1319 1973 1402 24),
1998 1327 2035 1379 ut
2059 1337 2169 1381 coram

157 1409 287 1480 centum
318 1401 404 1465 filias
430 1406 557 1465 vestras
586 1398 692 1477 tollet,
728 1406 765 1462 ut
795 1399 862 1462 sint
890 1400 1136 1482 pigmentariae,
1189 1400 1332 1465 Domino
1364 1403 1482 1468 faciam
1510 1423 1580 1466 rem
1612 1396 1751 1486 [11569]
1785 1400 1883 1465 istam
1916 1402 2058 1466 Domino
2085 1423 2168 1482 mec,

157 1508 278 1568 ecquae
305 1495 340 1551 et
365 1486 528 1569 pistrices3
561 1500 657 1567 agros
685 1483 823 1565 denique
852 1491 994 1563 vestros,
1024 1486 1137 1549 vineas
1189 1487 1327 1552 messiae
1348 1488 1498 1567 Domini,
1527 1496 1565 1552 ut
1585 1488 1715 1551 mittam
1741 1507 1875 1550 manum
1898 1509 2005 1551 meam
2026 1489 2061 1550 in
2083 1509 2168 1565 eum,

155 1580 284 1638 vestrae
316 1582 350 1637 et
382 1572 502 1637 oliveta
529 1571 652 1652 optima
681 1570 820 1648 auferet,
854 1578 888 1633 et
917 1570 1007 1635 dabit
1033 1572 1138 1636 661116
1189 1574 1344 1654 quoniam
1370 1573 1522 1639 Christus
1549 1573 1687 1638 Domini
1713 1579 1777 1649 est;
1809 1572 1900 1636 item:
1930 1573 2083 1655 Peperoit
2109 1574 2169 1639 tibi

156 1659 241 1738 suis;
268 1658 395 1724 semina
419 1665 532 1723 166116
558 1667 591 1719 61
611 1657 725 1720 116666
746 1662 873 1720 vestras
895 1656 1082 1734 deeimabit,
1105 1663 1139 1721 61
1191 1660 1301 1724 661166
1320 1682 1406 1740 6166,
1431 1660 1579 1743 dixique,
1611 1680 1678 1723 non
1699 1659 1829 1722 mittam
1849 1680 1985 1722 manum
2006 1680 2114 1723 meam
2133 1660 2169 1722 16

157 1743 249 1808 dabit
270 1743 431 1809 eunuchis
451 1750 485 1806 et
504 1743 608 1806 servis
629 1742 710 1821 suis3
739 1763 850 1806 servos
871 1749 1013 1820 vestros,
1036 1743 1137 1808 ancil·
1189 1745 1370 1810 Dominum
1400 1768 1526 1825 meum,
1563 1747 1715 1828 quoniam
1748 1743 1900 1809 Christrrs
1938 1746 2073 1809 Domini
2103 1754 2167 1824 est;

156 1829 223 1911 las,
251 1838 285 1895 61
305 1831 414 1895 asinos
438 1828 531 1893 161161
552 1833 586 1891 61
607 1826 774 1892 adhibebit
797 1824 837 1912 [p.
857 1826 933 1914 507]
953 1829 1042 1910 operi
1064 1849 1136 1908 su0;
1190 1831 1268 1894 item
1287 1833 1318 1914 (1
1335 1832 1424 1897 Sam.
1440 1834 1510 1917 26):
1531 1831 1614 1913 Quis
1631 1832 1740 1894 mittet
1757 1851 1893 1894 manum
1912 1853 2005 1895 suam
2022 1829 2168 1896 inOlrri-

156 1917 238 1998 quin
259 1922 293 1980 ct
315 1937 431 1999 greges
452 1921 578 1979 vestros
600 1912 782 1990 deeimabit,
806 1924 840 1977 et
859 1936 918 1979 vos
940 1916 1030 1979 eritis
1051 1916 1138 1979 servi
1190 1923 1278 1981 stum
1294 1920 1430 1983 Domini
1448 1926 1480 1983 et
1496 1920 1652 1983 innocens
1671 1915 1755 1980 erit?
1786 1916 1880 1979 Vivit
1896 1917 2075 1995 Dominus,
2103 1917 2168 1981 nisi

154 2002 252 2067 illius.
276 2001 374 2067 Certe
387 1999 1037 2082 6661116161661611616611616611666
1054 2001 1137 2082 opti-
1189 2004 1351 2069 Dominus
1374 2005 1571 2087 percusserit
1592 2025 1682 2082 eum,
1708 2009 1765 2066 aut
1787 2000 1856 2066 dies
1878 2003 1949 2067 eiua
1971 2004 2108 2079 venerit,
2131 2010 2169 2066 ut

154 2109 210 2153 me
226 2087 411 2153 adomnem
423 2086 657 2152 continentiam
668 2084 723 2148 lex
739 2085 931 2150 instituebat
941 2086 1055 2170 (Deut.
1072 2086 1136 2170 17),
1189 2091 1362 2169 6161161111,
1391 2092 1505 2155 autin
1527 2089 1688 2172 praelium
1711 2086 1929 2166 descenderit,
1957 2089 2042 2153 absit
2064 2109 2083 2151 a
2105 2109 2167 2167 me,

154 2173 215 2239 scd
229 2175 281 2240 ius
296 2175 332 2238 in
352 2173 510 2256 populum
525 2172 712 2249 vocabatur,
729 2171 782 2235 eui
792 2192 908 2253 parere
930 2173 992 2254 ipsi
1006 2194 1136 2238 necesse
1189 2182 1227 2239 61
1247 2177 1377 2242 1111116111
1399 2196 1534 2240 manum
1555 2169 1663 2240 meam
1685 2174 1721 2237 in
1743 2171 1914 2238 Christum
1935 2174 2079 2237 Domini.

155 2268 257 2340 66661,
275 2281 337 2325 666
359 2260 515 2325 obsistere
535 2258 655 2323 liceret.
703 2256 753 2321 Ao
776 2257 805 2320 si
826 2256 963 2322 dixisset
985 2255 1135 2323 Samuel:
1276 2262 1375 2327 Hune
1397 2263 1615 2337 reverentiae,
1639 2268 1735 2342 atque
1757 2258 1838 2323 adeo
1859 2260 1990 2340 pietatis
2012 2260 2166 2325 affectum

157 2366 197 2410 eo
224 2368 259 2412 se
287 2346 446 2429 proripiet
472 2344 623 2409 licentiae
644 2364 760 2425 regum
782 2342 896 2423 libido,
927 2365 1026 2425 quam
1047 2345 1137 2409 cohi·
1190 2347 1345 2414 debemus
1374 2350 1416 2415 ad
1444 2356 1629 2413 extremum
1659 2345 1831 2428 praefectis
1857 2345 1977 2409 nostris
2006 2347 2166 2426 omnibus,

157 2432 235 2497 bere
256 2438 404 2498 vestrum
428 2452 495 2495 non
522 2431 599 2508 erit,
633 2429 750 2511 quibus
779 2428 841 2493 hoc
867 2430 1004 2495 restabit
1023 2452 1135 2509 unum
1190 2434 1303 2516 quales
1324 2435 1458 2499 tandem
1480 2454 1619 2516 cumque
1641 2433 1715 2496 sint.
1750 2428 1846 2510 Quod
1868 2431 1997 2511 saepius
2019 2431 2091 2496 ideo
2113 2454 2167 2497 re-

156 2519 245 2583 iussa
269 2519 420 2600 excipere
449 2538 487 2581 ac
515 2516 600 2581 dicto
631 2514 800 2579 audientes
827 2536 906 2580 esse.
951 2516 993 2579 In
1021 2517 1136 2599 primis
1189 2527 1280 2602 peto,
1302 2528 1340 2585 ut
1361 2520 1523 2587 discamus
1545 2541 1612 2584 non
1633 2518 1783 2582 homines
1810 2516 1896 2596 ipsos
1919 2522 2087 2596 excutere,
2110 2517 2168 2582 sed

156 2611 267 2669 autem
293 2604 433 2688 insignis
461 2612 511 2667 661
539 2609 573 2666 61
598 2601 819 2666 memorabilis
847 2599 933 2683 apud
961 2601 1136 2666 Ieremiam
1190 2607 1269 2672 satis
1291 2608 1486 2687 babeamus,
1509 2605 1595 2689 quod
1616 2604 1784 2670 voluntate
1805 2601 1940 2664 Domini
1963 2623 2167 2685 6616116166-

156 2689 245 2755 locns
264 2689 343 2775 (Ier.
363 2688 434 2773 27):
459 2709 564 2770 quem,
588 2688 717 2751 tametsi
735 2685 954 2769 prolixiorem,
974 2686 1047 2754 ideo
1069 2710 1136 2753 non
1189 2714 1268 2757 nam
1299 2694 1496 2771 sustineant,
1530 2692 1583 2757 cui
1614 2688 1835 2756 inviolabilem
1868 2687 2073 2751 maiestatem
2105 2691 2168 2753 im-

154 2776 280 2860 pigebit
308 2775 444 2854 referre,
477 2775 554 2856 quia
582 2779 686 2837 totam
712 2772 798 2838 hano
825 2775 1047 2854 quaestionem
1069 2773 1136 2839 cla·
1188 2780 1308 2861 pressit
1328 2781 1399 2861 ipse
1422 2787 1455 2844 61
1475 2777 1655 2860 insculpsit.
1699 2777 1746 2839 At
1766 2780 1907 2852 mutuas,
1930 2773 2067 2855 inquies,
2090 2775 2167 2838 sub-

155 2862 284 2927 rissime
312 2861 434 2926 definit
488 2861 561 2943 Ego
593 2859 655 2923 feci
680 2865 803 2923 terram
831 2867 865 2923 et
896 2858 1059 2939 homines,
1090 2860 1136 2924 611
1189 2864 1265 2929 (11116
1288 2866 1355 2930 6616
1377 2867 1465 2931 11666
1493 2864 1612 2929 debent
1637 2861 1800 2944 praefecti.
1845 2857 1886 2922 Id
1913 2859 1980 2923 iam
2002 2861 2167 2925 confessus

155 2947 328 3028 Dominus,
350 2955 384 3012 61
405 2946 560 3011 animalia
581 2966 665 3026 quac
683 2946 811 3009 suntin
829 2946 1000 3027 superficie
1018 2952 1134 3024 terrae,
1188 2972 1269 3015 sum.
1315 2952 1458 3029 Verum,
1482 2952 1510 3015 61
1532 2970 1631 3014 exeo
1654 2947 1786 3024 statuis,
1815 2966 1882 3009 non
1904 2945 1968 3009 nisi
1987 2945 2082 3010 iustis
2102 2946 2165 3008 im·

156 3033 193 3095 in
220 3033 408 3098 fortitudine
434 3053 509 3096 mea
534 3038 670 3114 magna,
700 3038 734 3094 61
758 3030 892 3095 brachio
922 3040 1068 3111 extento,
1103 3039 1136 3097 61
1187 3038 1287 3120 pariis
1309 3037 1518 3120 rependenda
1540 3034 1702 3117 obsequia,
1722 3031 1867 3097 insulsus
1887 3052 1922 3094 es
1945 3031 2165 3096 ratiocinator.

154 3119 263 3201 ipsam
278 3118 372 3184 trado
390 3119 429 3197 ei,
453 3119 510 3200 qui
526 3117 686 3200 placuerit
702 3117 737 3179 in
755 3116 856 3182 oculis
873 3119 971 3196 meis;
994 3124 1028 3182 et
1044 3140 1134 3183 nunc
1187 3122 1275 3188 Nam
1308 3130 1341 3189 61
1374 3124 1439 3190 1111
1466 3122 1623 3187 uxoribus
1650 3126 1684 3184 61
1710 3119 1822 3183 liberis
1847 3126 2014 3200 parentes,
2045 3117 2168 3182 mutuis

153 3205 264 3288 itaque
291 3226 351 3287 ego
379 3203 455 3269 dedi
480 3225 592 3267 omnes
620 3211 725 3267 terras
752 3203 888 3267 1616616
909 3224 1044 3268 manum
1065 3204 1134 3269 Na·
1188 3210 1302 3275 officiis
1325 3209 1583 3292 adstringrmtur.
1623 3204 1805 3271 Discedunt
1825 3203 1866 3268 ab
1888 3203 1993 3267 officio
2012 3211 2166 3285 parentes

153 3289 383 3357 buchadneaar
404 3290 491 3355 servi
511 3291 590 3367 mei,
614 3299 648 3352 61
669 3289 813 3354 66111661
835 3290 865 3352 61
885 3298 999 3372 gentes
1021 3312 1134 3356 omnes
1188 3302 1222 3359 et
1246 3297 1365 3359 mariti.
1417 3294 1489 3374 Illi,
1516 3294 1642 3371 liberis,
1670 3313 1751 3375 quos
1772 3290 1988 3372 prohibentur
2010 3289 2110 3374 (pr.
2132 3286 2166 3372 6)

154 3382 187 3440 61
212 3397 309 3461 reges
333 3377 460 3459 magni,
489 3375 592 3440 donec
619 3384 749 3456 tempus
776 3376 886 3439 veniet
912 3383 1020 3440 terrae
1049 3377 1133 3455 61116;
1187 3380 1230 3445 ad
1256 3380 1460 3447 iracundiam
1488 3399 1679 3463 provocare,
1712 3379 1758 3442 sic
1780 3397 1815 3440 se
1836 3375 1933 3439 duros
1956 3375 2166 3439 6116116616·

153 3463 278 3546 eritque
300 3471 338 3526 nt
359 3484 440 3546 gens
461 3470 495 3525 et
522 3482 676 3544 regnum,
706 3481 789 3542 quae
810 3482 876 3525 non
898 3462 1072 3527 servierint
1093 3463 1132 3541 ei,
1186 3467 1268 3533 biles
1289 3467 1477 3550 praebeant,
1500 3474 1538 3531 ut
1559 3487 1619 3530 sua
1640 3485 1695 3528 eos
1711 3462 1899 3527 morositate
1921 3460 2009 3524 ultra
2031 3459 2165 3523 modum

154 3556 186 3612 61
206 3570 274 3614 666
295 3549 464 3631 posuerint
485 3547 605 3612 collum
626 3568 723 3611 suum
745 3546 940 3630 subiugum
961 3548 1151 3631 regisBa·
1186 3554 1339 3637 fatigent;
1368 3554 1418 3633 hi,
1441 3575 1517 3618 6666
1540 3573 1669 3630 uxores,
1692 3570 1772 3631 quas
1795 3547 1945 3629 diligere,
1970 3543 2011 3631 [p.
2033 3543 2109 3631 510]
2133 3552 2166 3610 et

152 3634 219 3713 bel,
242 3635 382 3700 visitabo
404 3640 535 3717 gentem
556 3632 648 3697 illam
669 3633 704 3695 in
725 3631 841 3715 gladio,
864 3633 950 3697 fame
974 3641 1007 3697 61
1027 3641 1133 3716 116616;
1187 3640 1319 3721 quibus,
1352 3661 1409 3705 6611
1443 3638 1585 3704 vasculis
1622 3635 1807 3718 fragilibus,
1846 3653 1980 3714 parcere
2012 3632 2167 3696 iubentur

152 3742 261 3804 quare,
285 3721 405 3786 servite
427 3721 497 3803 rugi
519 3719 624 3783 Bubul
646 3725 679 3783 et
700 3719 809 3783 vivite·
1187 3725 1287 3809 (pr.
1309 3730 1337 3788 5.
1364 3725 1481 3789 lPetr.
1503 3726 1546 3809 3),
1567 3718 1888 3788 contumeliosissime
1907 3718 2076 3799 accipiant.
2111 3717 2165 3782 An

236 3805 398 3870 Videmus
420 3813 545 3888 quanta,
564 3803 747 3869 obedientia
763 3803 927 3869 Dominus
950 3810 1072 3870 1611616
1092 3806 1132 3870 11-
1186 3811 1295 3877 161666
1317 3818 1428 3876 tamen
1447 3818 1480 3874 et
1501 3808 1690 3892 parentibus
1711 3805 1805 3870 liberi
1827 3812 1859 3868 et
1883 3804 2075 3886 coniugibus
2093 3825 2166 3867 mu-

150 3893 221 3956 lum
251 3891 456 3974 ferocemque
488 3897 667 3975 tyrannum
695 3890 755 3954 coli
784 3889 939 3967 voluerit,
973 3913 1039 3955 non
1067 3892 1132 3956 alia
1185 3896 1283 3963 lieres
1310 3898 1522 3981 obsequentes
1549 3890 1668 3960 erunt?
1719 3892 1767 3956 At
1792 3890 1948 3972 improbis
1978 3910 2104 3971 quoque
2133 3895 2167 3952 61

151 3979 292 4058 ratione,
320 3979 385 4043 nisi
411 3977 488 4063 quia
513 3998 653 4061 regnum
674 3976 848 4040 obtinebat.
893 3975 933 4039 Id
956 3984 1066 4041 autem
1089 3975 1130 4063 1.

151 4062 237 4151 soe]
252 4065 361 4147 ipsum
386 4071 470 4143 6161,
499 4062 635 4127 Domini
657 4060 801 4139 decreto,
831 4063 867 4126 in
897 4061 1014 4127 solium
1037 4066 1130 4147 regni

146 4150 336 4233 impositum
353 4170 433 4228 esse,
456 4171 495 4214 ao
512 4150 548 4212 in
569 4147 695 4230 regiam
711 4149 916 4211 maiestatem
935 4156 1127 4230 assumtum,

146 4257 247 4319 quam
268 4235 391 4300 violare
412 4235 504 4299 nefas
530 4241 622 4298 esset.
667 4232 742 4297 Hoc
768 4233 862 4298 nobis
884 4235 912 4298 si
935 4235 1066 4301 assidue
1088 4238 1128 4302 ob

146 4323 273 4387 animos
296 4328 329 4386 61
356 4321 466 4387 6611166
487 4320 692 4398 obversetur,
721 4318 835 4383 eodem
857 4318 985 4386 decreto
1009 4324 1128 4387 consti·

146 4409 198 4472 tui
226 4408 325 4472 etiam
351 4408 565 4491 nequissimos
593 4426 701 4488 reges,
734 4426 797 4486 quo
825 4426 942 4488 regum
969 4409 1128 4474 autoritas

147 4492 312 4573 statuitur,
334 4514 503 4576 nunquam
524 4493 558 4555 in
582 4493 728 4567 animum
749 4491 842 4555 nobis
860 4492 1032 4558 seditiosae
1051 4493 1127 4558 illae

147 4580 359 4663 cogitationes
388 4579 533 4644 venient:
567 4575 774 4642 tractandum
807 4597 877 4641 esse
909 4600 968 4660 pro
1000 4580 1127 4644 meritis

146 4686 276 4749 regem,
298 4687 359 4730 nec
382 4685 522 4747 aequum
543 4685 614 4728 esse
636 4670 673 4726 ut
695 4661 839 4726 subditos
862 4664 891 4726 61
912 4671 1125 4745 1116661616116,

147 4753 202 4835 (161
229 4752 374 4817 vicissim
401 4772 513 4834 regem
540 4749 633 4814 nobis
662 4768 728 4811 non
755 4756 906 4829 praestet.
951 4749 1014 4814 Est
1039 4750 1125 4832 apud

147 4837 289 4902 eundem
310 4837 503 4918 prophetam
526 4835 665 4898 alterum
690 4854 815 4915 quoque
831 4834 967 4898 Domini
989 4836 1125 4900 manda·

147 4931 218 4987 tum
248 4922 327 5008 (161.
347 4922 417 5072 2921
448 4943 511 5004 (166
536 4919 627 4984 iubet
657 4918 814 5001 populum
843 4941 939 4984 suum
965 4943 1121 5003 quaerere

148 5030 261 5091 pacem
288 5008 384 5093 Baby
397 5009 483 5086 onis,
511 5008 547 5071 in
574 5027 673 5088 quam
699 5005 819 5087 captivi
843 5004 974 5071 abducti
1003 5015 1120 5087 essent,

149 5101 182 5159 et
203 5116 297 5159 oraro
319 5093 360 5158 ad
382 5116 417 5159 se
437 5115 497 5176 pro
518 5114 566 5171 ea,
590 5092 742 5174 quoniam
764 5091 798 5153 in
819 5111 900 5173 pace
920 5093 991 5158 eius
1011 5095 1123 5158 futura

148 5188 234 5246 66661
251 5200 319 5264 pax
340 5201 461 5245 eorum.
504 5179 601 5256 Ecce,
623 5176 792 5242 Israelitae
813 5177 952 5242 fortunis
973 5181 1122 5244 omnibus

149 5267 254 5347 exuti,
278 5287 296 5330 6
318 5263 467 5332 domibus
488 5266 557 5330 suis
584 5263 703 5343 avulsi,
729 5262 922 5328 inexilium
944 5267 1065 5346 abacti,
1088 5267 1122 5329 in

559 5449 570 5481 Ι

1186 3985 1221 4047 16
1243 3984 1393 4048 officiosis
1414 3982 1634 4048 subiicientnr.
1680 3976 1784 4058 Quin,
1808 3997 1883 4040 eum
1907 3974 2057 4040 omnibus
2077 3973 2166 4039 istud

1187 4068 1352 4152 agendum
1379 4069 1422 4133 sit
1449 4069 1570 4150 potius,
1599 4087 1641 4131 ne
1668 4066 1704 4128 16
1730 4063 1909 4127 6166116616
1930 4083 1950 4124 6
1972 4067 2065 4144 tergo
2085 4081 2165 4142 pen-

1187 4155 1319 4220 dentem
1345 4161 1543 4238 respeotent,
1573 4153 1635 4217 hoc
1661 4156 1712 4216 est
1739 4171 1781 4213 no
1810 4148 1865 4212 alii
1892 4149 1927 4212 in
1956 4145 2165 4242 6116161611

1186 4243 1318 4324 quirant
1346 4241 1466 4319 officia3
1496 4239 1568 4318 sed,
1597 4234 2013 4321 (166(1661661616116116,
2043 4230 2077 4295 id
2104 4229 2166 4294 61111

1186 4348 1289 4392 66661
1319 4326 1440 4410 singuli
1473 4325 1660 4390 subiiciunt:
1700 4323 1735 4387 id
1762 4341 1840 4386 vero
1868 4321 1954 4383 inter
1981 4338 2035 4381 eos
2071 4335 2165 4397 prae·

1188 4415 1302 4478 sertim
1323 4413 1433 4479 valere
1456 4411 1565 4490 debet,
1588 4410 1645 4493 qui
1666 4409 1726 4473 sub
1749 4407 1886 4472 aliorum
1909 4410 1986 4470 sunt
2007 4407 2166 4484 potestate

1229 4500 1291 4564 siti.
1967 4524 1971 4532 ·

1186 4520 1227 4582 po
1276 4584 1387 4666 Quare
1422 4586 1449 4650 si
1482 4606 1502 4648 a
1530 4603 1626 4648 saevo
1662 4581 1808 4664 principe
1837 4575 2011 4642 crudeliter
2038 4580 2167 4654 torque-

1188 4694 1280 4751 mur,
1304 4672 1331 4736 si
1354 4672 1394 4736 ab
1424 4691 1538 4748 61616,
1567 4675 1624 4733 661
1649 4666 1825 4741 luxurioso,
1850 4661 2011 4743 rapaciter
2041 4657 2166 4740 expila-

1189 4780 1273 4835 mur,
1297 4758 1325 4822 si
1347 4757 1388 4821 ab
1410 4758 1529 4840 ignavo
1551 4753 1764 4836 negligimur,
1793 4751 1821 4813 si
1843 4748 1883 4811 ab
1905 4745 2004 4826 impio
2028 4743 2166 4843 denique

1190 4851 1224 4908 et
1250 4842 1407 4926 sacrilego
1434 4851 1595 4907 vexamur
1621 4839 1660 4903 ob
1689 4839 1857 4920 pietatem,
1887 4830 2002 4928 subeat
2022 4851 2165 4912 primum

1190 4927 1382 4992 delictorum
1404 4936 1589 4993 nostrorum
1610 4922 1805 4996 recordatio,
1829 4939 1910 5001 quae
1932 4915 2052 4981 tahbus
2074 4914 2163 4978 haud

1191 5014 1287 5080 dubie
1308 5014 1443 5080 Domini
1464 5011 1603 5095 flagellis
1625 5010 1826 5091 castigantur
1844 5005 1944 5088 (Dan.
1958 5001 2009 5085 9);
2031 5022 2163 5066 6666111-

1190 5107 1243 5164 161
1264 5101 1381 5165 deinde
1403 5109 1436 5164 61
1461 5099 1543 5163 haee
1565 5095 1731 5178 cogitatio,
1754 5113 1820 5156 non
1841 5095 1989 5155 nostrum
2010 5109 2081 5152 esse
2102 5087 2164 5151 hu-

1190 5186 1330 5251 iusmodi
1359 5186 1454 5252 malis
1480 5182 1604 5247 mederi
1611 5205 1619 5260 ;
1650 5179 1711 5243 hoe
1737 5184 1867 5242 tanturn
1894 5194 1965 5238 csse
1993 5173 2164 5256 reliquum,

1191 5280 1229 5336 ut
1250 5273 1381 5338 Domini
1410 5291 1505 5355 opem
1531 5266 1755 5350 imploremus,
1783 5264 1875 5328 611166
1902 5262 1938 5324 16
1965 5281 2065 5325 manu
2088 5267 2166 5325 sunt
2257 5294 2265 5327 1

1904 5363 1958 5417 16·
