4770 6030
543 1036 948 1219 renunes
985 1031 1450 1169 canamus
1486 971 1894 1165 sacroru.

341 1368 383 1431 In
410 1367 517 1449 prima
545 1365 643 1429 huius
670 1363 774 1428 nostri
795 1364 901 1447 operis
923 1361 1078 1440 editione,
1108 1360 1185 1443 quia
1214 1381 1288 1424 cum
1310 1380 1407 1442 quem
1429 1381 1488 1423 sua
1514 1347 1715 1442 benignitate
1735 1358 1897 1422 Dominus
1920 1379 2105 1424 successum
2123 1359 2221 1439 dedit,

209 1479 348 1543 minime
378 1476 623 1559 exspectabam,
646 1474 778 1552 leviter,
801 1475 917 1539 maiori
940 1495 981 1538 ex
1000 1480 1108 1555 parte,
1131 1473 1222 1536 utin
1244 1471 1378 1535 minutis
1400 1471 1551 1553 operibus
1572 1471 1645 1534 fieri
1666 1470 1762 1548 solet,
1786 1468 1956 1534 defamatus
1978 1492 2084 1550 eram;
2107 1493 2222 1536 verum

210 1613 312 1675 quum
333 1589 564 1671 intelligerem,
594 1608 631 1651 eo
654 1587 782 1668 piorum
802 1586 870 1650 fere
892 1587 1038 1650 omniurn
1060 1584 1171 1648 favore
1193 1592 1367 1665 exceptum
1388 1605 1472 1660 esse,
1501 1603 1597 1664 quem
1619 1602 1788 1663 nunquam
1809 1588 1884 1646 voto
1906 1589 2072 1665 expetere,
2101 1582 2223 1647 nedum

211 1724 344 1785 sperare
366 1721 464 1765 ausus
484 1700 631 1763 fuissem:
655 1705 693 1760 ut
713 1697 796 1760 mihi
817 1697 891 1779 plus
908 1697 1011 1760 multo
1030 1695 1148 1759 deferri
1171 1717 1212 1759 ex
1230 1696 1338 1759 animo
1357 1695 1537 1759 sentiebam
1554 1714 1653 1776 qnam
1669 1715 1774 1757 essem
1791 1693 1995 1775 promeritus,
2018 1695 2065 1758 ita
2082 1715 2222 1778 magnae

211 1811 457 1897 ingratitudinis
478 1811 546 1874 fore
568 1810 695 1891 putavi,
719 1809 782 1872 nisi
805 1808 884 1873 adeo
912 1808 1080 1890 propensis
1102 1807 1137 1870 in
1158 1829 1211 1871 me
1240 1805 1356 1872 studiis
1378 1827 1415 1871 ae
1437 1826 1545 1869 meam
1566 1803 1761 1869 industriam
1783 1811 1897 1887 sponte
1918 1806 2145 1884 invitantibus,
2168 1827 2221 1870 re·

212 1923 371 2006 spondere
404 1922 521 1986 saltem
552 1942 611 2003 pro
644 1942 717 1984 mea
750 1921 907 1983 tenuitate
935 1940 1079 1984 conarer.
1130 1918 1205 1981 Non
1230 1918 1331 2000 igitur
1358 1917 1456 1981 aliam
1479 1938 1498 1979 a
1527 1915 1679 1981 studiosis
1707 1917 1846 1999 grafium
1868 1938 1951 1980 novo
1973 1917 2064 1998 operi
2083 1917 2222 2000 postulo,

211 2056 310 2119 quam
332 2055 397 2115 qua
417 2054 471 2096 me
494 2032 600 2096 adhuc
622 2033 849 2095 immerentem
871 2031 937 2094 iam
959 2038 1035 2094 ante
1060 2030 1248 2111 prosequuti
1274 2035 1359 2093 sunt.
1405 2026 1461 2093 Sic
1483 2029 1571 2092 enim
1593 2050 1705 2092 eorum
1726 2027 1921 2111 benignitati
1942 2051 2015 2095 sum
2039 2029 2222 2106 obstrictus,

211 2153 249 2211 ut
270 2145 352 2209 mihi
375 2143 503 2209 abunde
522 2144 670 2207 futurum
692 2142 742 2219 sit,
766 2141 794 2204 si
816 2140 958 2205 debitam
981 2143 1122 2224 gratiam
1143 2164 1209 2204 non
1234 2140 1319 2231 male
1342 2139 1519 2221 rependere
1541 2139 1661 2205 videar.
1691 2140 1737 2202 Et
1755 2140 1900 2205 facturus
1923 2140 1957 2204 id
1979 2139 2110 2222 quidem
2132 2163 2223 2206 eram

212 2258 379 2340 aliquanto
400 2255 574 2328 maturius,
604 2254 667 2316 nisi
696 2260 800 2315 totum
822 2253 890 2316 fere
909 2253 1078 2317 biennium
1101 2253 1264 2316 Dominus
1287 2273 1340 2315 me
1360 2252 1453 2314 miris
1474 2249 1578 2315 modis
1601 2253 1806 2317 exercuisset
1852 2252 1993 2329 Verum,
2023 2260 2074 2317 sat
2094 2254 2172 2331 cito,
2196 2253 2224 2317 si

212 2377 263 2435 sat
282 2369 374 2433 bene.
410 2364 602 2448 Opportune
624 2348 734 2428 autem
756 2363 913 2445 prodiisse
935 2372 1012 2429 tunc
1033 2364 1162 2445 putabo,
1186 2363 1241 2428 ubi
1264 2384 1395 2427 sensero
1417 2362 1560 2426 fructum
1581 2362 1722 2444 aliquem
1740 2363 1894 2428 ecelesiae
1911 2364 2047 2428 Domini
2065 2365 2222 2429 atttdisse.

213 2482 319 2547 Porro
341 2479 402 2543 hoc
424 2477 507 2539 mihi
529 2477 563 2538 in
585 2477 647 2540 isto
668 2476 779 2541 labore
807 2476 1008 2557 propositum
1029 2476 1105 2538 fuit:
1136 2496 1248 2539 sacrae
1270 2473 1452 2558 theologiae
1474 2473 1662 2539 candidatos
1686 2473 1727 2538 ad
1747 2474 1849 2538 divini
1870 2477 1962 2541 verbi
1984 2475 2155 2542 lectionem
2176 2479 2224 2540 ita

211 2610 408 2674 praeparare
439 2595 472 2652 et
504 2588 680 2665 instruere,
709 2595 746 2650 ut
775 2594 808 2650 et
829 2585 957 2651 facilem
986 2584 1027 2648 ad
1050 2607 1122 2649 eam
1145 2586 1270 2649 aditum
1292 2586 1427 2665 habere,
1458 2594 1491 2649 ct
1512 2585 1671 2649 inoffenso
1693 2587 1727 2649 in
1749 2608 1788 2650 ea
1808 2586 1913 2671 gradu
1935 2608 2070 2671 pergere
2092 2594 2221 2670 queant.

211 2701 381 2784 Siquidem
403 2700 569 2783 religionis
592 2720 754 2763 summam
776 2698 925 2782 omnibus
947 2698 1094 2778 partibus
1117 2698 1163 2761 sic
1186 2697 1268 2760 mihi
1286 2698 1473 2780 complexus
1495 2719 1565 2762 esse
1587 2698 1708 2777 videor,
1732 2706 1765 2762 et
1786 2720 1824 2764 eo
1841 2720 1967 2781 quoque
1985 2699 2096 2763 ordine
2115 2699 2222 2782 diges-

211 2815 301 2892 sisse,
324 2821 361 2876 ut
382 2813 411 2877 si
431 2812 503 2893 quis
526 2832 599 2874 eam
621 2817 709 2875 reete
730 2808 873 2874 tenuerit
893 2809 924 2872 ei
945 2829 1011 2872 non
1033 2809 1076 2873 sit
1099 2808 1230 2873 difficile
1252 2816 1424 2888 statuere„
1439 2819 1472 2874 et
1492 2809 1570 2894 quid
1592 2811 1797 2893 potissimum
1817 2833 1974 2895 quaerere
1995 2813 2030 2875 in
2052 2812 2222 2894 scriptura

212 2931 245 2990 et
266 2946 363 3007 quem
384 2924 420 2986 in
440 2943 574 3004 scopum
596 2920 751 3003 quidquid
773 2921 808 2984 in
831 2941 870 2984 ea
891 2919 1075 2985 continetur
1098 2921 1219 2984 referre
1243 2919 1367 2985 debeat.
1412 2922 1537 3005 Itaque,
1560 2923 1622 2988 hac
1643 2923 1746 2987 veluti
1768 2930 1871 2989 strata
1890 2925 1959 3003 via,
1986 2925 2013 2988 si
2033 2944 2113 3005 quas
2135 2930 2224 3005 post-

212 3037 275 3101 hac
304 3036 483 3129 scripturae
511 3034 733 3097 enarrationes
760 3031 905 3111 edidero,
933 3033 1010 3115 qnia
1037 3053 1103 3095 non
1131 3052 1263 3096 necesse
1290 3033 1416 3099 habebo
1439 3032 1479 3097 de
1507 3018 1725 3117 dogmatibus⁸
1738 3035 1854 3119 longas
1876 3034 2110 3118 disputationes
2130 3035 2224 3100 insti-

213 3153 318 3224 tuere,
347 3151 380 3209 et
406 3145 441 3208 in
462 3143 550 3209 locos
571 3165 758 3209 communes
781 3144 929 3226 evagari,
958 3165 1013 3208 eas
1037 3141 1226 3225 compendio
1249 3166 1378 3228 semper
1399 3147 1587 3230 astringam.
1637 3147 1689 3211 Ea
1709 3148 1850 3226 ratione,
1878 3168 2000 3230 magna
2021 3147 2170 3211 molestia
2191 3152 2225 3210 et

139 3279 142 3287 ·
212 3257 341 3323 fastidio
365 3257 439 3339 pius
466 3256 568 3321 lector
597 3255 834 3334 sublevabitnr;
862 3254 957 3318 modo
984 3256 1168 3338 praesentis
1199 3257 1305 3339 operis
1332 3257 1530 3340 cognitione,
1559 3259 1652 3340 quasi
1672 3259 1854 3324 necessario
1875 3261 2105 3337 instrumento,
2130 3279 2224 3340 prae-

198 3370 360 3434 munitus
386 3367 526 3433 accedat.
579 3365 647 3432 Sed
674 3368 750 3449 quia
776 3366 873 3431 huius
903 3366 1043 3431 instituti
1077 3367 1240 3449 specimen
1270 3369 1472 3450 praebebunt
1492 3371 1716 3434 commentarii
1736 3370 1770 3433 in
1791 3369 1962 3452 epistolum
1984 3368 2026 3434 ad
2048 3370 2223 3447 Romanos,

212 3503 247 3545 re
269 3484 341 3564 ipsa
359 3480 445 3545 malo
468 3478 633 3545 declarare
654 3478 749 3561 quale
772 3479 823 3558 sit,
847 3499 945 3561 quam
966 3478 1075 3544 verbis
1104 3478 1300 3562 praedicare.
1351 3479 1437 3545 Vale
1460 3481 1562 3546 amice
1583 3480 1693 3561 lector,
1717 3490 1750 3546 et
1771 3483 1799 3546 si
1821 3503 1918 3565 quem
1940 3503 1982 3546 ox
2004 3482 2085 3546 meis
2105 3480 2224 3545 labori-

158 3583 162 3589 *
210 3593 272 3656 bus
303 3592 446 3656 fructum
478 3592 632 3674 percipis,
665 3613 718 3655 me
751 3591 901 3673 precibus
933 3591 997 3654 tuis
1031 3590 1118 3673 apud
1154 3592 1334 3655 Dominum
1368 3591 1495 3657 auliuva.
1544 3594 1770 3677 Argentorati,
1805 3592 1938 3659 Calend.
1961 3593 2100 3675 August.
2124 3592 2223 3655 Anno

214 3702 454 3766 MDXXXIX.

991 3900 1192 3984 Augustinus
1213 3900 1357 3982 Epistola
1377 3906 1406 3964 7.
1425 3900 1450 3986 ¹)

647 4071 717 4155 Epo
735 4067 773 4136 ea'
789 4092 893 4135 eor-am
910 4092 1037 4136 arremaro
1054 4093 1102 4134 ote
1122 4091 1186 4135 osse
1198 4072 1352 4153 profiteor,
1373 4073 1428 4153 qai
1444 4071 1581 4136 saibaot
1592 4076 1788 4156 proficiendo,

1021 4188 1047 4245 ct
1064 4181 1220 4246 scribendo
1236 4185 1411 4264 proficiam.

321 4475 349 4537 1)
368 4474 447 4529 Haec
465 4473 617 4542 Auqastini
633 4473 766 4524 centenae
778 4473 952 4540 praefationi
969 4471 1008 4524 ad
1025 4472 1146 4524 lee‘orem
1169 4473 1268 4558 addito
1281 4476 1401 4542 puerum
1420 4474 1519 4544 rapitur
1536 4476 1566 4528 in
1584 4476 1624 4529 ed.
1645 4475 1719 4530 1543.
