4732 6030
187 354 189 360 ·
234 338 297 400 935
809 330 1075 398 INS'H'FUTIO
1097 333 1202 399 REL.
1225 334 1405 402 OHRJST.
1429 336 1660 398 1539-1554.
1858 330 1862 338 '
2175 334 2243 395 936

1872 446 1986 513 Aaou
2002 446 2025 499 Β
2039 447 2114 514 aaa
2133 443 2246 503 caes.

234 524 368 588 tametsi
393 523 430 586 in
456 521 569 585 latinis
591 519 833 602 exemplaribus
858 539 927 583 non
948 528 1072 600 exstat,
1094 522 1209 604 nmagis
1263 523 1420 601 diversae,
1443 519 1556 587 eodem
1579 528 1690 586 tamen
1712 523 1831 605 spiritu
1853 433 2069 603 denseriptae,
2099 530 2134 584 et
2156 541 2244 603 qua-

235 617 346 674 tamen
380 608 527 690 apposite
560 607 615 670 hic
653 605 793 688 quadrat
825 626 924 688 quam
957 613 995 670 ut
1029 605 1211 688 omittenda
1262 631 1338 673 rum
1360 629 1441 673 usus
1462 604 1557 673 valde
1579 606 1670 671 utilis
1692 608 1786 672 nobis
1808 616 1866 673 est.
1911 607 2038 672 Multae
2060 605 2100 670 ab
2122 605 2245 675 eodem

178 759 181 765 ,
234 693 393 761 videatur.
1263 695 1382 778 spiritu
1410 691 1560 757 fidelibus
1590 692 1719 758 assidue
1742 700 1980 777 suggeruntur,
2015 713 2098 775 quae
2120 692 2244 759 verbo-

1263 803 1340 844 rum
1362 776 1576 843 similitudine
1603 800 1671 842 non
1698 780 1746 842 ita
1772 781 1917 844 multum
1944 778 2152 843 conveniunt.
2197 780 2246 845 Id

1263 866 1425 930 duntaxat
1447 865 1493 928 sic
1515 863 1659 928 docendo
1678 866 1815 948 agimus,
1839 887 1881 930 ne
1899 864 1973 947 quis
1991 865 2124 928 omuino
2147 865 2245 930 aliud

234 935 348 1043 Quia
379 949 503 1019 buum
535 948 602 1019 est
631 953 826 1046 regnum,
859 945 903 1017 eb
928 937 1132 1046 potentia,
1165 949 1210 1020 et
1263 960 1414 1033 quaerat,
1448 957 1615 1033 exspectat
1647 957 1705 1013 aut
1736 951 1896 1033 postulet,
1932 970 2031 1031 quam
2064 949 2153 1032 quod
2174 952 2244 1016 hac

357 1057 494 1141 cloria
538 1058 582 1138 in
614 1055 782 1138 gaeoula
813 1056 1077 1138 gafloulomm
1262 1038 1409 1135 oratione
1443 1035 1634 1133 summatim
1666 1037 1939 1119 comprehensum
1968 1044 2033 1114 est,
2064 1045 2101 1133 et
2127 1037 2244 1102 verbis

355 1129 382 1168 ξ’
494 1120 506 1163 '
1079 1121 1088 1139 ⁸
1262 1122 1339 1187 licet
1368 1120 1615 1199 diversissima,
1645 1142 1744 1185 sensu
1773 1131 1884 1186 tamen
1913 1142 1980 1185 non
2001 1128 2115 1188 venet.
2162 1122 2244 1203 Quo

321 1211 372 1270 46.
417 1207 509 1273 Ηεθε
531 1205 634 1271 solida
654 1205 896 1286 tranquillaque
914 1214 965 1269 est
986 1205 1062 1270 fidei
1079 1214 1211 1271 nostrae
1262 1207 1360 1271 modo
1388 1227 1515 1284 omnes,
1551 1215 1585 1269 et
1611 1227 1695 1289 quae
1722 1208 1757 1271 in
1787 1207 1960 1291 scripturis
1991 1206 2170 1286 habentur,
2205 1218 2244 1273 et

237 1292 375 1374 requies.
420 1293 507 1361 Nam
529 1293 557 1356 si
579 1300 693 1356 nostra
714 1290 875 1373 dignitate
895 1299 1026 1356 nostrae
1044 1290 1116 1356 Deo
1138 1312 1211 1356 ora·
1263 1314 1347 1376 quae
1369 1313 1410 1356 ex
1431 1292 1495 1375 piis
1516 1286 1703 1374 pe'ctoribus
1721 1292 1885 1375 prodeunt
1904 1293 2076 1370 orationes,
2095 1293 2130 1357 in
2153 1294 2244 1359 hanc

237 1379 344 1441 tiones
366 1376 641 1442 commendandae
660 1385 777 1452 essent,
801 1376 875 1458 quis
892 1377 946 1442 vel
964 1379 1084 1442 mutire
1101 1398 1211 1442 coram
1264 1379 1403 1443 conferri
1425 1385 1553 1442 certum
1575 1385 1639 1457 est;
1668 1378 1795 1441 nullam
1823 1399 1902 1442 sane
1931 1379 2075 1461 reperire
2096 1400 2243 1462 usquam

237 1484 276 1527 eo
299 1463 455 1528 auderet?
499 1464 597 1528 Nunc
619 1470 658 1527 ut
674 1462 851 1527 miserrimi
868 1462 980 1540 simus,
1004 1471 1042 1525 ut
1064 1464 1212 1527 omnium
1263 1464 1369 1541 liceat,
1393 1484 1478 1545 quae
1495 1464 1596 1526 huius
1613 1464 1846 1546 perfectionem
1864 1485 2013 1546 aequare,
2037 1462 2161 1529 nedum
2183 1488 2244 1530 su-

237 1549 470 1632 indignissimi,
504 1555 543 1613 ut
571 1550 661 1613 omni
687 1547 966 1612 commendatione
988 1549 1091 1627 vacui,
1125 1571 1211 1613 nun-
1263 1569 1379 1633 parare
1400 1549 1512 1632 possit.
1556 1549 1650 1612 Nihil
1673 1548 1726 1613 hic
1748 1550 1907 1614 omissum
1935 1558 1986 1614 est
2007 1549 2095 1632 quod
2115 1552 2153 1615 in
2174 1550 2246 1617 Dm

238 1655 338 1716 quarn
364 1643 476 1700 tamen
504 1635 619 1699 orandi
650 1655 711 1698 nos
735 1655 835 1699 causa
863 1632 1006 1712 deficiet,
1041 1656 1212 1717 nunquam
1263 1634 1377 1699 laudes
1399 1634 1544 1718 cogitari,
1567 1635 1652 1698 nihil
1674 1634 1762 1716 quod
1783 1636 1911 1699 homini
1927 1655 1988 1719 pro
2005 1636 2074 1700 suis
2096 1657 2245 1701 commo-

237 1720 357 1784 fiducia
379 1721 550 1798 destituet,
580 1719 711 1802 quando
739 1738 800 1783 nec
828 1720 913 1802 patri
935 1726 1049 1783 nostro
1071 1741 1211 1802 regnum
1264 1720 1314 1784 dis
1345 1720 1382 1783 in
1413 1727 1561 1784 mentem
1592 1721 1705 1785 venire
1740 1719 1864 1785 debeat.
1914 1722 1961 1785 Et
1992 1720 2072 1785 adeo
2104 1721 2245 1805 quidem

238 1828 345 1885 suum,
368 1807 529 1889 potentia,
558 1806 664 1888 gloria
692 1805 775 1887 eripi
796 1812 911 1886 potest.
955 1804 1009 1869 Ad
1030 1807 1131 1871 finem
1153 1805 1210 1869 ad-
1264 1814 1392 1884 exacte,
1420 1813 1459 1869 ut
1485 1805 1637 1870 omnibus
1665 1807 1783 1870 merito
1806 1828 1881 1889 spes
1903 1806 2012 1871 ablata
2032 1808 2088 1885 sit,
2116 1809 2242 1872 melius

238 1891 328 1955 ditur
355 1893 477 1969 Amen,
507 1912 571 1974 quo
599 1891 696 1955 ardor
727 1889 878 1954 desiderii
906 1891 1101 1973 exprimitur
1128 1889 1211 1955 obti-
1263 1889 1388 1973 aliquid
1419 1889 1578 1956 tentandi
1622 1892 1664 1955 In
1696 1913 1838 1969 summa,
1872 1893 2119 1958 meminerimus
2149 1894 2243 1958 hanc

236 1976 337 2041 nendi
360 1999 443 2059 quae
466 1999 486 2042 a
506 1977 579 2041 Deo
600 1978 703 2061 petita
725 1983 815 2053 sunt,
849 1983 883 2039 et
904 1998 978 2058 spes
999 1985 1114 2042 nostra
1135 1999 1210 2040 con-
1263 1975 1395 2042 divinae
1424 1977 1605 2060 sapientiae
1632 1997 1703 2040 esse
1732 1977 1928 2042 doctrinam:
1958 1999 2043 2061 quae
2069 1977 2158 2061 qnod
2179 1999 2242 2044 vo-

237 2065 405 2140 firmatur,
435 2061 623 2126 huiusmodi
650 2062 759 2126 omnia
780 2062 846 2125 iam
867 2063 1043 2144 impetrata
1063 2083 1149 2140 esse,
1178 2070 1212 2126 et
1262 2062 1335 2141 luit,
1358 2061 1483 2141 docuit;
1505 2063 1612 2128 voluit
1633 2071 1753 2142 autem,
1777 2062 1865 2144 quod
1886 2084 2017 2128 necesse
2039 2065 2111 2129 fuit.

238 2156 327 2212 certo
349 2147 442 2211 nobis
470 2168 658 2212 concessum
686 2148 742 2211 iri:
766 2148 896 2229 quando
915 2169 935 2212 a
952 2147 1024 2213 Deo
1051 2149 1212 2231 promissa
1349 2152 1399 2212 49.
1445 2146 1645 2230 Quanquam
1672 2157 1783 2212 autem
1807 2170 1907 2232 supra
1934 2150 2000 2213 iam
2030 2149 2157 2214 dictum
2179 2159 2241 2230 est,

152 2304 159 2313 ψ
239 2240 326 2312 sunt,
350 2235 406 2314 qui
427 2233 539 2298 fallere
560 2253 626 2298 non
647 2240 762 2315 potest.
1264 2233 1402 2297 sublatis
1429 2232 1471 2296 ad
1498 2232 1609 2297 Deum
1637 2234 1757 2298 animis
1784 2256 1913 2319 semper
1942 2235 2178 2319 suspirandum
2207 2245 2244 2300 et

325 2323 375 2383 47.
420 2319 590 2383 Habemus
608 2317 767 2400 quidquid
788 2339 809 2381 a
825 2317 898 2382 Deo
916 2327 1028 2402 petere
1045 2318 1210 2396 debemus,
1263 2319 1335 2384 sine
1350 2319 1593 2383 intermissione
1611 2318 1780 2398 orandum,
1800 2319 1930 2402 quando
1947 2329 2059 2386 tamen
2078 2329 2245 2387 eanostra
2317 2391 2322 2399 ,

239 2404 427 2468 tac-omnino
447 2405 547 2468 etiarn
563 2425 748 2487 possumus,
767 2404 969 2488 descriptum
988 2405 1049 2469 hac
1060 2403 1210 2482 formula,
1264 2413 1315 2468 est
1336 2404 1543 2469 imbecillitas
1569 2426 1653 2487 quae
1674 2406 1791 2469 multis
1819 2405 2027 2471 adminiculis
2048 2409 2241 2488 sustentari,

239 2496 273 2552 et
294 2489 386 2555 velut
408 2491 523 2555 orandi
543 2490 659 2573 regula
685 2490 726 2554 ab
748 2491 871 2573 optimo
897 2491 1055 2573 magistro
1078 2489 1212 2555 Christo
1263 2490 1292 2554 is
1319 2498 1430 2555 noster
1462 2499 1576 2573 torpor
1609 2492 1666 2573 qui
1695 2490 1875 2555 calcaribus
1900 2493 2037 2556 excitari
2063 2513 2148 2577 opus
2181 2493 2243 2557 ha-

238 2574 373 2656 tradita;
407 2597 505 2659 quem
532 2575 627 2641 nobis
654 2574 821 2640 doctorem
849 2582 943 2659 pater
974 2576 1143 2658 praefecit,
1177 2583 1213 2639 et
1249 2575 1354 2655 beat,
1379 2577 1533 2642 convenit
1554 2586 1592 2639 ut
1615 2576 1677 2640 sibi
1698 2577 1836 2659 quisque
1858 2588 2010 2643 nostrum
2032 2579 2243 2643 exercitatio-

238 2681 337 2743 quem
352 2682 458 2725 unum
473 2661 653 2726 auscultari
665 2668 764 2743 atque
782 2660 932 2724 exaudiri
949 2661 1056 2727 voluit
1074 2660 1209 2744 (Matth.
1264 2662 1316 2726 nis
1337 2682 1436 2726 causa
1456 2662 1637 2745 peculiares
1655 2663 1753 2726 horas
1771 2663 1959 2743 constituat,
1978 2684 2062 2746 quae
2079 2685 2143 2728 non
2164 2664 2241 2728 sine

240 2750 288 2825 17,
308 2746 352 2829 5).
396 2747 483 2811 Nam
502 2754 536 2810 et
556 2754 690 2812 aeterna
712 2747 783 2810 eius
806 2747 967 2829 sapientia
984 2767 1113 2830 semper
1134 2748 1212 2826 fuit;
1264 2748 1413 2812 oratione
1445 2749 1582 2812 effluant
1615 2756 1648 2811 ct
1677 2769 1761 2830 quae
1794 2756 1880 2812 totos
1907 2750 2010 2814 animi
2037 2751 2171 2813 affectus
2199 2749 2240 2814 in

237 2839 271 2895 et
298 2832 396 2896 homo
424 2834 544 2913 factus,
572 2833 710 2915 angelus
731 2832 844 2914 magni
865 2833 993 2897 consilii
1022 2831 1212 2897 hominibus
1264 2833 1326 2897 hec
1353 2834 1486 2916 penitus
1513 2842 1687 2917 occupatos
1709 2833 1864 2898 habeant:
1892 2856 2011 2919 nempe
2040 2835 2117 2899 dum
2136 2856 2241 2899 mane

238 2915 336 2982 datus
354 2926 413 2988 est.
436 2921 549 3001 Atque
560 2916 640 2982 adeo
658 2919 807 2982 numeris
824 2917 977 2982 omnibus
995 2917 1144 2982 absoluta
1162 2925 1213 2983 est
1264 2919 1446 3002 surgimus,
1476 2927 1654 3001 antequam
1685 2918 1838 2983 diurnam
1860 2942 1994 3004 operam
2016 2919 2238 3005 aggredimur,

236 3003 317 3067 haec
335 3003 449 3082 oratio,
473 3012 513 3066 ut
530 3001 691 3086 quidquid
715 3004 764 3068 illi
781 3010 978 3068 extraneum
1002 3004 1212 3086 alienumque
1263 3002 1344 3068 dum
1362 3004 1403 3067 ad
1415 3005 1548 3088 pastum
1566 3003 1809 3085 discumbimus,
1828 3004 1909 3070 dum
1929 3006 1994 3070 Dei
2011 3005 2240 3072 benedictione

236 3087 383 3168 additur,
416 3088 504 3171 quod
526 3087 568 3152 ad
595 3108 667 3152 eam
693 3089 810 3153 referri
831 3110 898 3154 non
919 3089 1038 3173 possit,
1071 3089 1212 3174 impium
1262 3090 1349 3174 pasti
1371 3111 1495 3170 sumus,
1519 3089 1599 3153 dum
1621 3089 1662 3153 ad
1680 3091 1824 3172 quietem
1841 3113 1902 3156 nos
1919 3092 2106 3177 recipimus.
2147 3093 2240 3158 Haec

236 3174 281 3238 sit
303 3181 337 3237 et
353 3173 527 3257 indignum
544 3172 632 3256 quod
649 3194 669 3236 a
685 3174 758 3238 Deo
775 3173 981 3240 concedatur.
1026 3175 1100 3239 Hac
1122 3176 1211 3239 enim
1263 3174 1360 3240 modo
1398 3176 1442 3240 sit
1471 3192 1540 3240 non
1578 3176 1806 3259 superstitiosa
1844 3178 2003 3242 horarum
2042 3176 2237 3258 observatio,

236 3281 366 3324 summa
394 3261 605 3344 praescripsit
633 3259 713 3343 quid
735 3282 769 3325 se
791 3259 943 3343 dignum,
973 3260 1052 3343 quid
1074 3260 1136 3325 sibi
1158 3281 1211 3325 ac-
1263 3260 1383 3343 quibus
1404 3281 1464 3325 ceu
1486 3282 1627 3345 pensum
1648 3261 1721 3326 Deo
1743 3262 1922 3342 solventes,
1953 3265 1989 3328 in
2010 3273 2157 3328 caeteras
2178 3265 2239 3329 ho·

235 3354 383 3430 ceptum,
411 3345 491 3430 quid
519 3346 741 3411 necessarium
762 3346 858 3410 nobis
880 3347 937 3426 sit,
968 3346 1048 3429 quid
1070 3345 1211 3429 denique
1262 3367 1316 3411 ras
1338 3344 1483 3412 defuncti
1504 3347 1598 3411 nobis
1619 3347 1803 3426 videamur;
1833 3348 1890 3412 sed
1915 3349 2151 3414 imbecillitatis
2178 3372 2239 3415 no·

236 3431 412 3497 concedere
440 3432 511 3516 ipse
538 3433 627 3498 velit.
681 3431 904 3514 Quamobrem
932 3433 1003 3514 qui,
1019 3433 1115 3496 ultra·
1134 3453 1211 3517 pro·
1262 3439 1350 3496 strae
1382 3431 1596 3516 paedagogia,
1630 3455 1696 3516 qua
1728 3434 1774 3497 sic
1806 3443 1999 3499 exerceatur
2031 3444 2065 3500 et
2098 3435 2239 3501 subinde

181 3557 184 3565 ι
235 3517 329 3602 gredi
351 3517 482 3597 audent,
506 3525 539 3581 et
584 3524 691 3582 raeter
712 3518 793 3582 haec
814 3517 939 3601 aliquid
960 3539 981 3581 a
1001 3517 1074 3583 Deo
1096 3527 1211 3601 postu·
1262 3517 1460 3583 stimuletur.
1481 3519 1683 3583 Praesertim
1694 3519 1832 3583 sollicite
1842 3519 2026 3585 curandum
2037 3529 2096 3600 est,
2108 3528 2237 3604 utquo-

234 3604 312 3681 lare,
335 3604 481 3687 primum
503 3541 644 3686 quidem,
667 3604 847 3689 sapientiae
863 3602 929 3668 Dei
951 3626 993 3669 ex
1014 3624 1074 3668 suo
1092 3603 1211 3668 addere
1260 3604 1324 3668 ties
1346 3604 1456 3688 aliqua
1474 3625 1588 3668 rerum
1609 3605 1763 3688 angustia
1789 3613 1848 3669 aut
1869 3607 1933 3690 ipsi
1952 3607 2150 3691 premimur,
2179 3615 2238 3672 aut

235 3689 353 3754 volunt
391 3688 479 3772 quod
501 3691 571 3754 sine
592 3690 711 3754 insana
732 3688 802 3753 blas
826 3690 937 3753 hemia
955 3710 1026 3754 esse
1047 3711 1115 3754 non
1136 3697 1210 3774 pot
1260 3691 1366 3774 premi
1399 3691 1481 3754 alios
1513 3688 1677 3770 videmus,
1712 3689 1754 3754 ad
1787 3713 1864 3755 eum
1896 3693 2009 3757 statim
2037 3693 2147 3757 citatis
2168 3714 2237 3758 nou

234 3775 310 3922 es?
341 3773 472 3853 deinde,
502 3774 564 3839 sub
595 3777 766 3842 voluntate
787 3712 854 3839 liei
880 3796 948 3839 non
970 3796 1004 3840 se
1026 3776 1209 3856 eontinent3
1260 3774 1413 3858 pedibus,
1445 3775 1503 3841 sed
1529 3775 1647 3840 animis
1668 3797 1893 3857 recurramus3
1925 3777 2044 3843 deinde
2070 3800 2113 3842 ne
2135 3800 2237 3861 quam

235 3881 271 3924 se
330 3880 368 3922 ea
400 3867 589 3945 contempta
624 3862 756 3945 longius
796 3860 976 3945 cupiditate
1015 3869 1207 3944 evagantur.
1261 3868 1320 3924 aut
1340 3869 1503 3941 nostram,
1534 3870 1593 3925 aut
1615 3862 1754 3927 aliorum
1781 3864 2033 3947 prosperitatem
2055 3865 2237 3948 praeterire

234 3946 421 4024 Postremo,
455 3947 538 4010 nihil
567 3968 715 4029 unquam
741 3955 973 4029 assequentur,
1007 3968 1111 4029 quum
1138 3948 1209 4011 sine
1260 3946 1423 4025 sinamus,
1452 3947 1533 4030 quin
1554 3946 1651 4011 laude
1678 3968 1716 4011 ac
1744 3949 1927 4032 gratiarum
1949 3951 2076 4015 actione
2097 3971 2237 4016 manum

232 4030 299 4096 fide
328 4038 431 4095 orent.
477 4030 575 4112 Quod
602 4054 681 4099 vero
708 4053 822 4097 omnes
855 4031 1016 4097 eiusmodi
1043 4033 1208 4097 orationes
1261 4032 1332 4096 eius
1364 4052 1540 4115 agnoscere
1572 4054 1633 4097 nos
1664 4040 1833 4099 testemur.
1882 4036 2071 4114 Postremo,
2105 4037 2169 4102 hoc
2199 4036 2236 4101 in

233 4117 317 4181 citra
338 4114 437 4181 fidem
458 4118 554 4197 fiant,
575 4118 668 4184 nihil
689 4127 741 4184 est
761 4118 914 4198 dubium;
943 4119 1021 4201 quia
1041 4119 1095 4183 hic
1117 4117 1208 4183 abest
1261 4118 1351 4182 omni
1372 4119 1519 4183 oratione
1540 4117 1716 4201 diligenter
1743 4118 1984 4186 observandum
2005 4118 2072 4200 est,
2100 4144 2142 4187 ne
2164 4143 2235 4187 oer-

232 4202 373 4271 verbum
394 4202 475 4280 Dei,
510 4224 574 4286 quo
603 4205 667 4269 nisi
694 4202 775 4269 fides
801 4225 932 4287 semper
952 4205 1087 4284 nititur,
1120 4212 1208 4267 stare
1260 4203 1303 4267 tis
1335 4203 1591 4269 circumstantiis
1612 4202 1724 4269 Deum
1756 4205 1890 4289 alligare
1920 4208 2061 4273 velimus
2068 4231 2076 4288 ;
2110 4228 2153 4272 ne
2185 4208 2237 4272 illi

233 4290 325 4353 nullo
347 4287 444 4353 modo
466 4297 585 4372 potest.
625 4291 693 4364 'Isti
708 4311 793 4376 =vero
814 4311 882 4355 non
902 4290 999 4356 modo
1022 4289 1121 4356 verbo
1143 4289 1210 4353 Dei
1259 4288 1488 4372 praescribere,
1512 4310 1576 4373 quo
1599 4289 1679 4372 quid
1699 4297 1862 4374 tempore,
1891 4313 1956 4375 quo
1978 4293 2063 4371 loco,
2094 4314 2161 4376 qua
2181 4315 2235 4358 ra-

233 4383 359 4454 carent3
383 4374 441 4439 sed
462 4382 625 4458 quantum
645 4377 735 4442 omni
756 4383 877 4442 conatu
898 4376 1011 4443 valent
1032 4373 1208 4442 adversan-
1260 4375 1349 4439 tione
1370 4373 1519 4440 facturus
1541 4376 1593 4440 sit.
1638 4373 1790 4456 Qualiter
1812 4378 1874 4443 hac
1897 4379 2044 4444 oratione
2066 4378 2234 4459 docemur,

231 4468 297 4526 tur.
349 4462 530 4632 Eleganter
556 4483 634 4545 ergo
662 4483 730 4527 non
756 4463 867 4527 minus
895 4483 995 4546 quam
1021 4482 1099 4527 vere
1127 4461 1208 4524 'Per-
1259 4461 1386 4525 nullam
1407 4460 1456 4525 illi
1476 4462 1585 4544 legem
1600 4463 1711 4545 figere,
1734 4470 1793 4526 aut
1809 4462 2030 4529 conditionem
2046 4465 2234 4548 imponere:

121 4597 125 4609 ,
231 4548 415 4612 tullianus¹
458 4547 640 4630 legitimam
668 4549 849 4614 orationem
876 4547 1095 4630 nuncupavit;
1127 4545 1208 4610 alias
1260 4545 1318 4610 sed
1339 4547 1411 4611 eius
1438 4546 1573 4612 arbitrio
1602 4549 1808 4631 permittere,
1837 4556 1876 4613 ut
1898 4570 1981 4632 quae
2002 4551 2151 4614 facturus
2174 4559 2234 4629 est

132 4708 138 4724 ἢ
232 4654 347 4698 omnes
370 4633 501 4718 exleges
525 4642 559 4698 et
580 4633 711 4710 illicitas
733 4655 813 4712 esse,
835 4635 935 4698 tacite
956 4631 1114 4697 indicans.
1259 4653 1326 4715 qua
1346 4630 1409 4696 sibi
1430 4634 1566 4711 ratione,
1590 4654 1655 4716 quo
1677 4641 1834 4717 tempore,
1859 4655 1923 4717 quo
1940 4637 2012 4701 loeo
2030 4635 2140 4700 visum
2163 4637 2236 4702 fue·

319 4724 370 4783 48.
415 4720 508 4784 Haec
535 4721 583 4783 ita
603 4720 759 4784 nolumus
781 4719 898 4802 accipi,
929 4718 1023 4800 quasi
1050 4717 1111 4781 hac
1132 4739 1207 4801 pre·
1257 4719 1317 4797 rit,
1344 4719 1451 4784 faciat
1495 4720 1678 4803 Propterea
1708 4728 1884 4802 antequam
1917 4721 2020 4785 ullam
2050 4742 2111 4805 pro
2139 4721 2238 4787 nobis

232 4805 329 4870 candi
350 4806 492 4870 formula
513 4806 745 4890 astringamur,
768 4811 808 4868 ut
826 4803 1043 4870 neo'verbum
1059 4811 1119 4867 aut
1140 4803 1207 4889 syl·
1258 4824 1390 4889 precem
1416 4805 1634 4890 concipimus,
1668 4806 1872 4889 praefamur,
1906 4817 1945 4870 ut
1977 4807 2049 4875 eius
2078 4806 2238 4874 voluntas

231 4891 340 4956 labam
384 4899 515 4956 mutare
553 4891 658 4957 liceat.
713 4890 841 4956 Multae
879 4890 968 4954 enim
1011 4889 1134 4973 passim
1171 4891 1207 4954 in
1257 4892 1331 4970 fiat;
1363 4889 1421 4955 ubi
1455 4891 1521 4955 iam
1553 4891 1624 4956 eius
1655 4891 1820 4958 voluntati
1851 4901 1999 4956 nostram
2031 4891 2236 4974 subiicimus,

232 4977 405 5062 scripturis
432 4978 591 5061 leguntur
619 4978 800 5055 orationes,
829 4975 939 5043 verbis
960 4975 1001 5040 ab
1022 4977 1087 5041 ista
1108 4976 1206 5060 longe
1259 4996 1324 5060 quo
1350 4976 1413 5040 hoc
1440 4977 1546 5042 veluti
1572 4977 1691 5041 iniecto
1704 4976 1729 5062 ¹)
1766 4977 1879 5041 fraeno
1901 4978 2043 5043 coercita
2063 4978 2178 5044 Deum
2199 4980 2239 5046 in

301 5250 330 5319 1)
347 5252 388 5303 De
405 5251 468 5320 fuga
484 5252 512 5303 in
529 5252 739 5320 persequutione
756 5266 779 5303 c.
796 5248 822 5303 2.
1327 5248 1357 5318 1)
1376 5267 1429 5319 quo
1446 5267 1502 5304 uon
1519 5266 1595 5330 secus
1613 5265 1644 5302 ac
1661 5251 1761 5304 iniecto
1779 5248 1847 5303 155³
1864 5265 1916 5319 seq.
