4770 6030
188 346 272 408 1616
684 323 687 335 “
754 337 1609 415 6661666666666161.166-1661.
2107 342 2192 404 1616
2237 408 2240 412 ,

1823 449 1936 520 naeu
1953 451 2064 520 urea,
2082 450 2194 506 6164.

159 530 163 544 “
187 531 250 598 lent
269 532 313 597 ael
334 531 466 596 saluum
486 548 682 610 quaeeunque
702 529 768 594 clia
785 533 892 594 sancta
908 530 944 592 in
960 527 1082 594 bomine
1096 518 1164 609 =sue·
1216 527 1353 608 episeopi
1380 526 1534 590 autoritas
1558 525 1608 590 lie
1636 437 1836 591 intercederit.
1880 525 1966 591 Him
1990 527 2070 592 11161
2092 528 2194 592 decre·

187 619 262 697 rint,
285 636 402 681 manns
421 615 583 679 haereticis
605 616 744 679 amramis
765 615 945 696 imponitur.
1216 618 1283 676 tum
1311 612 1432 676 conmlii
1459 611 1706 693 cartlapineusis
1731 613 1875 677 secundi:
1908 613 2108 678 reconciliare
2129 635 2195 695 pur

278 706 326 766 13.
372 701 508 766 Utinam
537 721 615 764 vero
641 721 766 764 morem
804 701 1034 777 retineremus,
1068 719 1165 781 quem
1217 698 1291 762 blico
1313 699 1516 777 poeniteatur
1544 699 1579 761 in
1602 700 1703 763 missa
1725 698 1901 780 presbytero
1922 718 1983 762 non
2004 698 2101 764 116661.
2146 697 2194 762 Ε1

188 787 275 871 apud
298 794 425 852 veteres
452 787 551 851 fuisse
579 787 732 869 suspicor,
749 785 772 869 ¹)
799 786 989 867 priusquam
1017 785 1165 851 abortivo
1217 785 1349 849 alterum
1378 783 1500 848 concilii
1526 784 1727 848 arausicani:
1756 785 1811 864 qui
1834 784 2039 863 poenitentiae
2059 790 2194 865 tempore

188 873 270 938 haec
288 873 484 938 sacramenti
502 872 595 936 larva
612 880 808 937 nasceretur.
837 871 913 935 Non
931 879 969 934 nt
985 879 1070 935 esset
1087 890 1164 935 con·
1217 890 1255 934 ea
1275 868 1333 932 leae
1354 870 1418 932 vita
1437 869 1586 950 mimoni,
1609 871 1676 934 sim
1696 869 1941 935 recmcilialoria
1962 889 2076 934 manus
2095 872 2194 950 impo-

188 958 329 1023 firmatio
357 958 445 1036 talis,
478 959 602 1037 qualem
629 959 684 1022 isti
710 957 846 1040 pinquat,
878 978 961 1038 quae
988 957 1059 1021 sine
1086 956 1164 1038 bap·
1215 955 1325 1043 sitiam
1353 955 1396 1018 61
1427 955 1667 1020 communionem
1696 956 1918 1033 caumana,-
1945 956 1976 1019 si
2001 956 2195 1020 revaluerint

188 1044 277 1109 tiemi
305 1043 425 1107 iniuria
451 1064 512 1108 nec
544 1044 707 1107 nominari
739 1049 860 1125 potest;
893 1042 950 1107 sed
977 1042 1163 1120 catechesis,
1216 1061 1254 1104 66
1279 1039 1396 1117 morbo,
1427 1045 1503 1104 stent
1529 1041 1564 1103 iu
1592 1041 1698 1105 ordine
1720 1041 1959 1123 poenitentium,
1991 1041 2194 1123 completoque

188 1149 253 1211 qua
273 1129 378 1210 pueri,
402 1134 459 1193 aut
480 1129 715 1194 adolescentiae
736 1129 891 1211 proximi,
914 1126 992 1192 fidei
1011 1149 1088 1192 suae
1111 1148 1164 1191 16-
1215 1131 1347 1206 tenpore
1371 1126 1649 1190 reconciliatoriam
1675 1146 1789 1191 manus
1809 1127 2034 1208 impositionem
2052 1127 2091 1190 ab
2112 1128 2194 1208 epis-

187 1215 309 1279 tionem
345 1235 454 1279 coram
493 1214 628 1279 ecclesia
661 1220 869 1297 exponerent.
924 1214 1023 1278 Esset
1055 1218 1164 1277 autem
1215 1231 1286 1293 copo
1312 1212 1473 1291 accipiant.
1522 1209 1602 1275 Item
1628 1212 1871 1295 cartltapiueusis
1895 1212 1992 1277 tertii:
2022 1212 2192 1294 presbyter,

186 1301 311 1384 optima
334 1299 555 1365 citechiuandi
577 1300 676 1377 ratio,
707 1301 735 1364 si
751 1299 891 1363 formula
907 1298 944 1361 in
961 1299 1051 1364 hunc
1068 1319 1165 1362 usum
1216 1299 1284 1362 sine
1316 1298 1479 1362 autoritate
1504 1298 1654 1378 episcopi,
1686 1318 1747 1361 non
1778 1297 1951 1363 recomiliet
1978 1298 2193 1379 poenitentem.

188 1386 371 1467 conscripto
396 1392 494 1465 esset,
525 1407 688 1450 summa-m
710 1386 880 1450 continens
902 1391 935 1448 et
961 1384 1165 1449 familiariter
1218 1382 1305 1447 Haec
1326 1383 1432 1447 66616
1452 1403 1486 1447 66
1511 1383 1697 1464 spectabant,
1726 1405 1764 1448 nc
1790 1383 1892 1447 nimia
1911 1383 2061 1464 facilitate
2080 1385 2194 1448 severi·

189 1471 357 1554 explicans
384 1472 531 1534 omnium
564 1472 631 1536 fere
660 1471 828 1554 religionis
855 1477 986 1535 nostrae
1011 1470 1163 1553 capitum,
1217 1474 1274 1547 tos,
1292 1489 1388 1549 quem
1405 1469 1527 1532 seruari
1543 1468 1577 1531 m
1594 1490 1631 1532 ea
1648 1490 1682 1533 re
1698 1469 1843 1547 colebant,
1865 1468 2071 1534 collaberetur.
2094 1468 2194 1551 Epos-

189 1556 224 1621 in
253 1578 335 1639 quae
363 1558 517 1621 universa
547 1557 694 1621 fidelium
723 1555 858 1622 66616616
885 1558 1067 1621 consentire
1094 1557 1165 1621 sine
1217 1574 1327 1637 oopum
1347 1575 1416 1636 erpo
1437 1554 1617 1636 copnitorem
1638 1575 1703 1619 esse
1723 1555 1893 1633 uolumunt,
1912 1575 2002 1635 quem
2021 1555 2194 1626 6661616116
2229 1635 2234 1645 ¹

191 1643 411 1708 controversia
433 1641 536 1706 debet.
565 1643 655 1707 Puer
676 1642 829 1707 decennis
847 1642 1051 1707 66616616666
1069 1641 1165 1706 offer·
1218 1645 1285 1704 erat
1306 1640 1341 1702 in
1362 1641 1504 1703 eramiae
1520 1638 1655 1704 babendo
1672 1641 1965 1720 circumspectiorem
1981 1640 2055 1721 fore.
2086 1640 2193 1720 Quare-

190 1736 254 1806 ret,
284 1726 326 1792 ad
354 1727 515 1792 edendam
547 1726 623 1792 fidei
651 1728 897 1807 confessionem;
924 1734 1097 1810 rogaretur
1125 1726 1165 1790 (16
1218 1746 1314 1807 quam
1334 1723 1512 1806 Cyprianus
1528 1724 1641 1788 alieubi
1653 1725 1678 1809 ¹)
1696 1727 1800 1803 666111,
1818 1746 1880 1790 non
1896 1727 1998 1790 solum
2014 1726 2192 1807 episcopum

190 1813 329 1897 singulis
357 1813 530 1895 capitibus,
560 1812 602 1877 ad
630 1813 761 1896 singula
782 1811 1008 1895 responderet;
1038 1813 1066 1877 61
1088 1810 1166 1895 quid
1212 1831 1346 1890 ,666666
1367 1811 1561 1893 imposuisse,
1583 1812 1638 1876 sesi
1658 1817 1754 1875 totum
1770 1813 1864 1875 etiam
1880 1811 2003 1875 clerum
2039 1810 2092 1875 Sic
2108 1812 2192 1876 enim

188 1898 363 1983 ignoraret,
385 1900 567 1963 autminus
587 1899 791 1981 intelligeret,
811 1898 988 1963 doceretur.
1023 1897 1076 1962 Ita
1092 1899 1166 1961 uni-
1218 1895 1369 1977 loquitur:
1384 1897 1605 1976 poenitentiam
1628 1902 1724 1979 apuret
1745 1899 1826 1961 iusto
1847 1902 1995 1978 tempore,·
2016 1896 2126 1961 (161616
2147 1898 2191 1962 aa

189 2005 270 2063 cam,
289 2005 403 2050 veram
421 1992 455 2048 et
469 1985 628 2049 sinceram
643 1983 751 2063 fidem,
768 2005 834 2066 qua
847 1985 1047 2048 unanimiter
1056 1985 1167 2048 Deum
1218 1983 1458 2046 mnunurnmm
1485 1983 1623 2061 ueniunt,
1651 1988 1679 2047 et
1700 2003 1761 2063 per
1787 2002 1939 2047 manuum
1964 1983 2192 2064 impositionem

191 2091 297 2134 unum
318 2070 394 2133 colit
420 2068 565 2133 fidelium
586 2070 739 2152 populna,
767 2077 850 2134 teste
872 2079 906 2132 et
927 2077 1092 2152 spectante
1114 2089 1167 2133 66-
1218 2068 1353 2149 episcopi
1386 2072 1413 2131 et
1439 2068 1513 2131 cleri
1538 2069 1590 2131 ius
1617 2069 1841 2133 communionis
1869 2069 2032 2149 meipiunt.
2079 2068 2192 2133 Postea

192 2155 299 2233 clesio,
322 2155 540 2238 profiteretur.
576 2155 668 2221 Haec
686 2155 857 2238 disciplina
874 2156 901 2219 61
920 2154 1015 2219 hodie
1032 2155 1165 2233 valeret,
1218 2173 1367 2224 66666666,
1386 2153 1530 2233 temporis
1558 2174 1591 2217 eo
1617 2154 1747 2235 delapsa
1767 2175 1817 2219 res
1838 2159 1896 2232 est,
1925 2158 1961 2217 ut
1981 2159 2071 2218 66116
2086 2154 2192 2234 publi-

189 2241 334 2323 profecto
371 2246 545 2322 parentum
577 2241 781 2322 quorundam
819 2241 952 2324 ignavia
984 2247 1165 2318 acueretur,
1218 2259 1287 2303 cam
1313 2239 1534 2320 poenitentiam
1566 2240 1602 2303 iu
1628 2241 1769 2320 pmoatis
1801 2260 1920 2321 quoqne
1946 2239 2193 2304 absolutionibus

190 2327 246 2409 qui
267 2325 444 2390 liberorum
470 2327 723 2405 institutionem,
751 2327 845 2410 qnasi
871 2347 941 2390 rem
962 2327 1047 2391 nihil
1068 2325 1110 2390 ad
1131 2345 1166 2389 66
1217 2324 1275 2389 bae
1303 2325 1493 2389 caeremonia
1519 2330 1683 2389 ateramum
1728 2325 1813 2389 Hine
1840 2325 1898 2389 illa
1926 2326 2083 2390 distinctio
2105 2326 2193 2406 apud

213 2412 407 2475 attinentem
437 2432 549 2476 666616
575 2412 762 2495 negligunt;
790 2433 890 2495 quam
916 2420 987 2475 tum
1011 2412 1083 2477 sine
1105 2432 1165 2493 pn·
1221 2410 1414 2474 Gratianum
1422 2409 1450 2494 2)
1477 2412 1558 2474 inter
1580 2411 1741 2491 publicam
1767 2416 1795 2476 et
1822 2412 1987 2492 priuatam
2015 2411 2193 2475 reconcilia·

189 2432 274 2562 11166
306 2496 462 2561 dedecore
489 2499 639 2562 omittere
667 2519 733 2562 non
759 2504 900 2579 possent.
951 2498 1059 2563 Maior
1080 2504 1166 2564 66666
1217 2497 1337 2560 tionem.
1381 2495 2110 2578 Ε66661616611166661666661161616,(16666
2134 2495 2192 2578 Op·

189 2581 229 2646 in·
247 2582 365 2664 populo
387 2583 564 2647 christiano
585 2582 662 2648 fidei
685 2605 869 2661 cousensus,
892 2605 952 2649 nec
970 2591 1063 2647 tanta
1078 2582 1165 2646 mul·
1212 2583 1353 2662 priamus
1375 2582 1520 2660 666661,
1543 2587 1683 2647 sanctam
1700 2588 1728 2647 et
1745 2583 1886 2647 666166166
1901 2583 2074 2646 salutarem
2087 2579 2191 2663 fuisse

190 2673 300 2731 torum
320 2668 503 2733 1666161666
531 2669 671 2748 ruditas;
699 2691 767 2733 non
789 2668 869 2733 adeo
889 2676 1012 2734 temero
1032 2668 1166 2751 qnidam
1217 2667 1389 2746 16616666
1407 2666 1495 2732 bodie
1515 2669 1689 2732 restitutam
1710 2689 1774 2733 esse
1795 2688 1943 2748 euperem.
1982 2667 2189 2731 licentiorem

190 2754 284 2818 novis
303 2759 337 2818 et
363 2755 546 2837 peregrinis
569 2755 774 2839 dogmatibus
797 2755 1038 2836 abriperenpur3
1060 2755 1166 2820 omni-
1217 2752 1296 2817 bane
1322 2754 1443 2818 1666161
1470 2753 1658 2834 improbare,
1680 2772 1724 2823 vel
1747 2772 1843 2824 uitem
1866 2770 1954 2822 666166
1980 2769 2188 2824 mensurium

189 2837 251 2904 bus
279 2838 417 2921 denique
446 2848 531 2904 66666
552 2840 712 2923 quaedam
733 2841 824 2905 velut
851 2839 1024 2906 methodus
1047 2840 1166 2905 doctri-
1218 2841 1463 2918 caticuminus
1488 2845 1590 2904 tamen
1610 2842 1818 2904 neeessariam
1839 2838 1981 2903 arbitror.
2031 2837 2187 2919 Utcunque

189 2944 253 2989 nae
275 2924 481 2990 christianae.
1216 2925 1271 3005 sit,
1300 2925 1441 2990 videmus
1466 2929 1568 2989 tamen
1596 2946 1748 2990 nmnuum
1775 2925 2000 3006 tuuounoueu
2026 2925 2059 2988 iu
2080 2924 2190 3006 poeni

1217 3012 1313 3075 tentia
1334 3012 1557 3075 6666166166
1576 3031 1649 3089 esse,
1672 3011 1711 3075 ab
1733 3011 1917 3090 bominibus,
1939 3031 2001 3075 666
2020 3031 2041 3075 6
2058 3009 2128 3074 Deo
2144 3011 2192 3073 iu

1217 3098 1371 3173 stitutum,
1400 3117 1479 3177 quae
1505 3097 1587 3162 inter
1613 3118 1664 3161 res
1689 3098 1810 3162 medios
1835 3102 1863 3161 et
1888 3101 2015 3161 unua
2042 3096 2192 3160 6666667116

494 3188 561 3268 1³⁰
593 3187 864 3298 1091111111·
1211 3183 1364 3350 picit
1383 3184 1540 3334 116116
1557 3182 2092 3349 ‘iltlffltalmffluii
2103 3202 2194 3332 tt

512 3336 518 3347 .
1696 3318 1704 3347 i

279 3357 327 3416 14.
382 3352 540 3416 Proximo
569 3352 638 3418 loco
665 3360 815 3418 statuunt
847 3354 1094 3436 poenitentiam,
1126 3354 1166 3419 (16
1217 3355 1305 3420 nobis
1326 3360 1399 3419 sunt
1418 3355 1635 3419 commendata.

189 3458 256 3520 qua
289 3440 335 3503 616
369 3439 500 3503 confuse
527 3447 560 3502 et
591 3440 779 3521 perturbate
810 3439 989 3519 disserunt,
1018 3447 1056 3504 ut
1082 3441 1167 3504 nihil
1307 3445 1355 3504 15.
1408 3440 1617 3504 Romanenses
1649 3445 1752 3504 661666
1782 3445 1810 3503 et
1844 3439 2040 3519 Scholastici,
2079 3439 2194 3520 quibus

189 3524 271 3589 certi
300 3545 361 3589 nec
389 3524 484 3588 solidi
511 3545 552 3588 cx
582 3545 694 3589 eorum
723 3524 871 3591 doctrina
898 3526 1019 3590 referre
1039 3528 1166 3609 possint
1217 3527 1339 3591 solenne
1366 3533 1411 3592 est
1431 3527 1537 3590 omnia
1559 3546 1727 3608 perperam
1747 3525 1974 3607 interpretando
1995 3545 2194 3605 corrumpere

189 3609 416 3675 conscientiae.
466 3610 534 3673 Nos
569 3610 632 3676 aha
664 3612 748 3690 loco,
783 3632 866 3693 qnae
896 3611 936 3675 de
967 3613 1166 3694 poenitentia
1218 3614 1315 3676 anxie
1336 3614 1371 3675 in
1393 3610 2076 3693 1666116616ὴί666616666661166611666.
2121 3610 2193 3676 Nec

190 3693 410 3760 didiceramus
441 3716 482 3759 ex
509 3697 694 3778 scripturis,
723 3706 794 3760 tum
821 3695 937 3760 deinde
959 3696 1036 3779 qnid
1058 3705 1091 3762 66
1117 3698 1166 3761 1111
1217 3700 1337 3762 mirum
1359 3697 1459 3762 rideri
1479 3697 1578 3777 debet,·
1599 3696 1721 3762 nodum
1739 3699 1826 3761 enim
1843 3698 1879 3760 in
1896 3697 2001 3779 scirpo
2018 3703 2191 3779 quaerunt

190 3779 337 3857 doceant,
357 3779 482 3862 prolixe
500 3783 734 3848 enarravimus.
762 3781 859 3846 Nunc
875 3781 909 3846 id
928 3793 1057 3846 tantum
1073 3784 1166 3848 nobis
1217 3781 1315 3864 Quod
1333 3792 1444 3848 661666
1466 3785 1625 3866 optimum
1647 3782 1779 3861 habent,
1803 3804 1873 3847 rem
1893 3783 2094 3866 implicitam,
2118 3804 2191 3846 sus-

191 3864 419 3947 attingendum
441 3867 503 3930 erit
523 3888 622 3948 quam
643 3868 708 3933 levi
730 3875 788 3931 666
806 3868 915 3951 potius
932 3867 1023 3932 nulla
1039 3871 1165 3934 1661666
1216 3891 1360 3952 pensam,
1383 3871 1551 3947 incertam,
1574 3869 1827 3951 opinionumque
1844 3870 2003 3934 verietate
2021 3869 2191 3934 conhisam

190 3952 637 4037 666166666616166611662)
670 3953 788 4017 Dicam
803 3959 906 4018 tamen
922 3955 1019 4036 prins
1042 3955 1166 4036 aliquid
1216 3977 1253 4020 66
1276 3955 1440 4020 turbatam
1462 3955 1660 4038 relinquunt.
1704 3956 1829 4019 Dicunt
1855 3956 1981 4038 ergo,⁸)
2004 3954 2058 4018 vel
2078 3955 2191 4036 poeni-

190 4035 320 4100 breciter
341 4037 378 4099 (16
398 4039 507 4101 oneris
527 4038 669 4103 66616666
689 4040 763 4118 ritu,
785 4041 876 4103 euius
891 4045 1057 4121 praetentu
1074 4041 1166 4105 abusi
1217 4042 1353 4104 tentiam
1375 4041 1569 4105 exteriorem
1592 4062 1662 4106 esse
1683 4051 1938 4118 sacramentnm
1961 4048 1994 4105 et
2016 4040 2109 4105 61166
2130 4050 2190 4117 est,

190 4127 264 4186 6661
284 4121 336 4186 illi
357 4123 400 4186 661
416 4122 635 4187 stabiliendum
651 4146 745 4189 sutem
766 4131 974 4190 commatum.
1007 4127 1101 4191 Hunc
1117 4148 1165 4191 or-
1216 4127 1397 4191 exiatimari
1414 4125 1535 4191 debere
1549 4127 1678 4210 signum
1696 4148 1766 4191 6666
1783 4125 2190 4208 interiorispoenitentiae,

191 4207 297 4273 dinem
325 4209 360 4271 in
383 4208 510 4289 publiea
534 4210 723 4291 poenitentia
745 4211 957 4290 observabant,
985 4214 1165 4294 6166116-
1217 4211 1250 4275 id
1273 4218 1330 4289 666,
1353 4212 1555 4277 contritionis
1577 4211 1691 4289 cordis,
1714 4234 1797 4294 quae
1819 4212 2190 4288 611616666616166661;

191 4294 306 4357 1666116
325 4293 387 4357 sibi
406 4295 671 4375 satisfactionibus
690 4297 825 4378 deformi
844 4302 940 4375 eram,
963 4300 1082 4363 solenni
1098 4319 1165 4363 mo-
1216 4298 1270 4362 vel
1291 4309 1462 4381 utramque
1484 4298 1580 4362 simul
1603 4319 1674 4362 6666
1691 4306 1941 4376 sacramentum,
1962 4319 2023 4362 nec
2040 4297 2112 4374 duo,
2131 4296 2191 4360 eed

190 4399 253 4442 uus
273 4380 468 4461 impositimre
487 4381 765 4446 reconciliarentur.
800 4382 978 4464 Symbolum
998 4385 1079 4447 illud
1100 4389 1165 4447 mat
1216 4405 1319 4448 unum
1347 4384 1551 4466 completum.
1601 4384 1726 4447 Verum
1760 4385 1954 4449 exteriorem
1982 4406 2052 4448 6666
2080 4403 2189 4446 66616-

191 4464 408 4543 absolutionis;
425 4486 484 4544 quo
506 4471 534 4529 et
550 4467 617 4547 ipse
628 4474 770 4548 peccator
786 4468 961 4551 eripebatur
976 4489 1080 4533 666666
1097 4469 1165 4533 Deo
1215 4480 1364 4533 mentum
1385 4469 1559 4547 duntaxat3
1581 4470 1778 4548 interiorem,
1802 4492 1872 4534 rem
1888 4478 1921 4534 66
1938 4478 2188 4534 sacramentum.

190 4551 629 4630 666661166616,616661666”6
644 4555 873 4631 admonebatur,
891 4560 1012 4618 61666
1029 4554 1163 4636 benipne,
1216 4555 1455 4619 Remissionem
1488 4565 1597 4619 autem
1628 4565 1847 4637 peccatorum,
1877 4577 1947 4620 rem
1976 4563 2121 4631 tantum,
2156 4562 2191 4617 66

189 4635 304 4700 abolita
331 4637 463 4717 offeruae
490 4640 653 4717 memoria,
681 4641 716 4703 iu
741 4641 879 4722 pratiam
900 4640 1053 4720 reciperet.
1097 4639 1165 4705 Hoc
1216 4640 2190 4721 6666661616666166.1161666166666166116161666666-

191 4719 371 4804 Cyprianus
382 4723 409 4804 ’·’)
432 4744 650 4804 saepenumero
672 4726 820 4806 appellat,
838 4744 948 4804 pacem
969 4727 1052 4790 dore.
1100 4727 1164 4807 Quo
1215 4747 1276 4808 pra
1297 4749 1317 4790 a
1343 4725 1436 4791 nobis
1463 4728 1601 4809 positam
1623 4728 1778 4791 memoria
1805 4734 1934 4804 tenent,
1963 4727 2005 4791 ad
2027 4747 2099 4790 eam
2119 4726 2190 4787 exi-
2230 4733 2235 4749 ’

190 4811 294 4871 autern
325 4813 352 4871 et
377 4811 505 4889 pravior
526 4815 614 4888 esset,
643 4816 670 4873 et
690 4810 768 4891 plus
789 4811 1058 4875 commendationis
1079 4813 1165 4894 apml
1216 4820 1297 4896 gent
1318 4811 1352 4876 id
1373 4812 1460 4895 quod
1481 4813 1596 4878 dicunt
1616 4834 1686 4877 6666
1704 4823 1953 4891 sacramentum,
1973 4824 2005 4876 et
2021 4811 2191 4876 invenient

75 4899 77 4903 ’
185 4893 340 4972 pepmleom
361 4893 482 4957 baberet
502 4894 564 4958 ista
585 4898 672 4974 actio,
694 4896 889 4960 constitutum
908 4895 973 4976 fuit
992 4901 1028 4959 nt
1046 4918 1164 4979 semper
1215 4920 1281 4963 non
1314 4920 1384 4962 6666
1411 4899 1649 4964 caeremoniam
1682 4907 1853 4963 externam
1879 4920 1899 4962 a
1927 4899 2068 4962 Domino
2093 4897 2190 4959 insti-

191 5030 320 5038 ffi„
344 5033 394 5039 .-
1215 4991 1336 5062 tutam,
1371 4984 1413 5048 ad
1439 4983 1515 5050 fidei
1542 4993 1672 5048 nostrae
1699 4986 1994 5050 confi1mationem.‹
2036 4981 2132 5063 Quod
2161 4983 2190 5046 61

260 5114 289 5178 l)
307 5114 432 5166 (61616661
451 5113 520 5167 1543
529 5131 598 5185 seqq.
669 5115 698 5184 2)
717 5115 784 5169 1543
802 5132 886 5184 sequ:
905 5117 969 5184 quid
987 5119 1099 5172 rationis
1117 5121 1162 5173 ho·
1188 5148 1190 5178 1
1316 5126 1419 5132 ”“

191 5180 824 5280 1166116616(ιί6616166661666616166666,
855 5187 977 5305 {min
1001 5190 1110 5269 templis
1132 5188 1190 5300 66)
1285 5189 1314 5269 l)
1332 5191 1405 5242 Libr.
1425 5191 1503 5257 epist.
1522 5188 1546 5242 3.
1556 5190 1643 5269 epist.
1663 5188 1704 5240 14.
1767 5187 1797 5254 2)
1815 5189 1848 5240 16
1866 5188 1966 5241 (166166
1985 5187 2026 5240 26.
2046 5195 2150 5256 quaest.
2163 5187 2189 5241 6.

190 5248 288 5302 66116116
307 5251 352 5302 diu
370 5253 483 5305 antehac
501 5261 632 5320 regnarit,
652 5260 811 5306 excitarunt.
874 5254 978 5321 )L1br.
998 5255 1021 5309 1.
1040 5262 1118 5326 epist.
1137 5256 1161 5310 2.
1215 5255 1245 5325 3)
1264 5258 1339 5311 Libr.
1358 5255 1382 5310 46
1401 5269 1516 5311 sentent.
1536 5258 1597 5310 nst.
1617 5256 1658 5310 22.
1678 5275 1700 5310 6.
1718 5256 1742 5308 2.
