4732 6030
165 379 225 440 921
766 326 770 349 ’
813 372 912 441 aar.
935 373 1012 438 xv.
1036 337 1130 458 (ra.)
1172 372 1237 438 un
1261 369 1509 482 cainone.=
2106 373 2168 435 aaa

164 489 191 542 a
204 489 279 557 2843
296 486 409 556 auem
427 483 530 543 cesi.

164 563 323 640 vicissim,
356 583 376 626 a
402 582 460 627 suo
493 473 627 644 quisque
661 560 763 625 frana
796 561 1033 628 confessionem
1065 561 1143 627 fidei
1194 561 1287 625 redit
1331 559 1432 642 Apud
1453 580 1533 642 quos
1554 580 1633 625 vero
1653 558 1746 623 nulla
1767 566 1897 625 estnec
1920 560 2079 638 cantatis,
2108 580 2170 626 nec

166 649 340 733 accipiant,
371 647 414 713 ad
442 647 534 713 cuius
569 647 756 729 exemplum
784 649 968 714 invitentur
999 654 1033 712 et
1059 648 1141 712 inci·
1194 646 1408 711 humanitatis
1429 647 1528 725 ratio,
1550 646 1575 709 ii
1596 645 1713 710 saltem
1732 645 1831 709 Pauli
1852 647 2024 710 autoritate
2046 645 2171 710 moveri

166 743 287 799 lentur.
871 730 872 734 ’
1195 732 1433 815 aliquantulum
1465 730 1640 810 debebant,
1674 732 1767 796 cuius
1800 731 1901 797 rerba
1933 732 2068 796 minime
2100 752 2171 795 am·

252 823 303 882 26.
351 816 492 883 (iuuenili
512 838 581 882 uero
607 819 642 881 in
663 819 799 883 ecclesiia
825 821 922 882 ritum
945 818 996 904 (ul
1015 819 1051 883 id
1071 840 1143 901 quo-
1194 819 1293 902 bigua
1314 824 1400 883 sunt
1446 816 1485 882 si
1506 817 1727 895 benedixeris,
1755 817 1863 899 inquit
1884 816 1916 901 (l
1938 815 2011 881 Cor.
2034 821 2082 895 14,
2105 814 2170 901 16),

165 927 223 988 que
243 907 338 971 obiter
364 903 482 987 dicem)
510 924 572 968 non
598 905 686 969 modo
715 905 959 969 inanissimum
986 924 1050 969 eece
1076 925 1143 970 con-
1195 905 1326 987 spiritu,
1345 905 1383 982 ,is
1411 904 1468 985 qui
1493 903 1609 987 implet
1633 903 1741 967 locum
1769 902 1904 981 idiotae,
1938 901 2098 985 quomodo
2127 901 2170 966 ad

165 997 235 1070 slat,
257 992 312 1056 sed
333 990 481 1070 apostolia
503 1009 621 1071 quoque
642 990 676 1053 in
696 1011 759 1054 neu
779 991 888 1072 fuisse,
912 1010 949 1054 eu·
966 991 1031 1054 illia
1045 989 1143 1056 Pauli
1195 997 1285 1054 tuam
1311 988 1572 1054 benedictionem
1599 1010 1651 1053 res
1676 987 1809 1052 ondebit
1830 1010 1939 1066 amon,
1967 987 2170 1070 quandoqui-

165 1078 266 1143 aerbic
293 1076 430 1158 eollipere
457 1075 540 1140 lieet:
571 1096 681 1140 eunarn
709 1077 841 1158 spiritu,
868 1096 979 1140 conam
1000 1081 1027 1140 et
1047 1082 1144 1142 merie
1195 1075 1270 1140 dem
1303 1075 1381 1157 quid
1408 1075 1512 1153 dicas,
1546 1010 1674 1140 nescitl
1704 1095 1782 1138 nam
1815 1081 1852 1138 tu
1880 1062 2027 1157 quidem'
2047 1074 2170 1157 gratim

167 1164 199 1241 (1
220 1162 294 1228 Oor.
317 1166 371 1238 14,
405 1159 467 1245 15).
512 1161 592 1225 Item
619 1162 661 1226 ad
693 1159 882 1226 Colossenses
911 1160 1163 1261 (001116),
1195 1162 1274 1245 agis,
1296 1161 1354 1226 scd
1375 1160 1458 1225 alius
1479 1182 1546 1225 non
1564 1161 1762 1225 aedificatur.
1797 1158 1880 1239 Quis
1898 1181 1976 1244 ergo
1994 1160 2171 1224 effraenem

166 1250 302 1316 docentes
331 1251 359 1311 et
391 1247 688 1328 mmnunesacienteo
714 1266 768 1312 coe
794 1253 914 1326 mutuo,
947 1248 983 1311 in
1010 1247 1141 1330 tyrrinis,
1195 1248 1399 1330 papistarum
1420 1246 1585 1312 licentiam
1602 1247 1681 1323 satis
1702 1246 1848 1323 miretur,
1871 1247 1928 1329 qui
1946 1245 2089 1328 apostolo
2110 1265 2169 1328 pa·

161 1335 297 1417 psalmis
324 1337 353 1397 et
373 1333 502 1397 cantius
528 1333 761 1414 spiritualibus,
791 1339 930 1398 mneritas
950 1353 1020 1397 cum
1037 1335 1144 1417 pratia
1195 1332 1262 1414 lam
1301 1333 1348 1398 sic
1380 1332 1578 1398 reclamante
1616 1332 1742 1396 exotica
1773 1332 1888 1416 lingua
1924 1332 2171 1399 verbosissimos

166 1424 202 1485 in
228 1419 373 1484 cudibus
400 1418 510 1482 vestris
537 1418 681 1483 Domino.
728 1418 840 1484 Priore
867 1421 949 1483 enirn
970 1419 1048 1499 loco,
1076 1439 1144 1484 voce
1195 1440 1307 1500 preces
1328 1420 1462 1484 reboare
1482 1440 1548 1482 non
1570 1416 1762 1497 formidant,
1789 1418 1963 1500 inquibus
1990 1438 2050 1482 nec
2070 1416 2170 1501 sylla-

168 1511 195 1570 et
225 1505 313 1570 corde
345 1504 515 1568 ronedum
548 1524 612 1568 esse
637 1505 812 1586 praeripia
850 1505 944 1569 altero
974 1506 1143 1578 cantilenae
1195 1506 1272 1569 bam
1291 1526 1393 1569 unam
1413 1504 1477 1587 ipsi
1497 1502 1664 1568 interdum
1686 1511 1914 1585 assequuntur,
1936 1525 1996 1568 nec
2016 1503 2097 1568 alios
2118 1503 2170 1566 in·

169 1590 349 1674 spirituales
369 1589 564 1667 commendat,
587 1589 698 1670 quibus
719 1609 752 1655 se
772 1595 879 1655 mutuo
902 1582 953 1673 ‘pii
974 1591 1143 1672 aedificent.
1195 1590 1343 1675 telligere
1363 1589 1501 1655 volunt?
1535 1589 1639 1654 Nobis
1665 1609 1743 1654 vero
1765 1610 1858 1654 secus
1887 1589 2050 1672 agendum
2075 1609 2170 1670 prae-

168 1678 211 1742 Id
231 1682 333 1740 tamen
353 1675 531 1740 uniuersale
551 1695 613 1739 non
632 1675 733 1756 fuisse
749 1681 878 1740 testatur
895 1676 1103 1760 Aupuetinm,
1117 1677 1142 1761 ¹)
1195 1677 1308 1742 scribit
1328 1675 1462 1741 Paulus.
1513 1673 1602 1755 Quid
1624 1674 1723 1758 ergo?
1757 1675 1877 1756 inquit,
1911 1676 2010 1740 orabo
2043 1675 2169 1756 spiritu,
2280 1720 2283 1727 ,

167 1764 223 1846 qai
243 1762 337 1843 refert
358 1760 415 1825 nib
436 1760 603 1825 Amnista
624 1762 748 1826 minum
776 1764 909 1845 coepisse
929 1783 1036 1828 canem
1057 1763 1144 1828 eccle
1195 1763 1293 1827 orabo
1315 1769 1348 1826 et
1368 1769 1491 1840 mente;
1513 1761 1653 1843 psallam
1674 1760 1806 1843 spiritu,
1834 1760 1973 1843 psallam
1995 1767 2028 1824 et
2048 1762 2169 1824 mente.

167 1849 250 1912 eiam
278 1846 547 1926 nudioluneneern,
577 1867 674 1927 quum
702 1849 853 1913 saeuiente
880 1848 1030 1913 odorrem
1049 1849 1143 1930 fidem
1195 1850 1261 1913 Per
1283 1849 1416 1931 spiritus
1443 1846 1637 1913 vocabulum
1664 1847 1730 1911 oris
1758 1867 1876 1911 sonum
1902 1846 2092 1930 significans
2113 1845 2170 1928 qui

167 1933 366 1998 orthodoxam
388 1932 515 1996 lustina
544 1932 756 1997 Valentiniani
784 1939 882 1998 matre
896 1935 1035 2016 populna
1056 1934 1143 2000 solito
1195 1957 1237 1999 ex
1259 1935 1401 2018 gutturis
1423 1933 1558 1998 humani
1585 1932 1785 2015 respiraculo
1813 1939 1846 1996 et
1872 1933 1956 1996 aens
1978 1952 2171 2014 repercussu

166 2020 269 2103 magis
290 2019 442 2083 nandans
462 2019 497 2080 in
516 2018 637 2101 oipiliis
658 2024 752 2099 eard,-
779 2020 918 2100 reliquas
938 2021 1048 2086 deinde
1068 2022 1143 2086 ocei-
1195 2022 1362 2085 conflatur.
1376 2019 1402 2104 ¹)
1445 2017 1503 2084 Sic
1529 2025 1641 2082 tamen
1667 2019 1800 2082 omnino
1828 2018 2048 2083 sentiendum:
2079 2016 2172 2081 nulla

166 2104 301 2170 dentalis
323 2104 464 2168 melariae
480 2108 634 2184 sequulae.
681 2105 783 2169 Paulo
810 2107 892 2170 enirn
919 2112 989 2170 ante
1009 2107 1141 2185 direct,
1194 2107 1320 2171 ratione
1341 2107 1413 2170 fieri
1435 2125 1544 2186 posse,
1567 2124 1629 2168 nec
1655 2104 1692 2166 in
1712 2104 1843 2186 publica
1864 2104 2023 2181 oratione,
2052 2125 2113 2168 neo
2134 2103 2171 2167 in

166 2191 205 2255 ab
227 2189 425 2254 nientalibue
440 2190 614 2271 profectum
633 2190 735 2271 fuisse
750 2191 832 2255 bunc
847 2212 970 2256 morem.
1006 2192 1143 2276 ,laeuae
1194 2193 1338 2275 privata,
1373 2191 1452 2274 quin
1486 2190 1600 2273 lingua
1631 2190 1702 2254 sine
1729 2190 1838 2253 animo
1867 2209 2071 2271 summopere
2098 2189 2171 2253 Deo

166 2276 261 2340 etiam
282 2274 360 2339 libro
379 2274 795 2341 Retractationum‘seeunda
803 2276 832 2361 ²)
851 2299 911 2343 sua
928 2283 1025 2343 aetate
1039 2279 1142 2361 fuisse
1195 2277 1372 2361 displiceat.
1427 2276 1481 2340 Ad
1514 2275 1590 2354 hoc,
1630 2275 1835 2358 cogitationis
1873 2274 1989 2339 ardore
2025 2281 2171 2338 mentem

165 2363 200 2425 in
222 2360 338 2442 Africa
358 2365 517 2442 receptum.
562 2361 714 2427 Hilarius
730 2363 868 2443 quidam,
890 2364 1000 2445 inquit,
1018 2366 1069 2429 vir
1085 2365 1142 2429 tri·
1194 2385 1264 2429 esse
1297 2362 1414 2428 debere
1447 2362 1631 2437 incitatam,
1665 2381 1729 2443 quo
1762 2367 1867 2424 totum
1900 2361 1997 2444 longe
2029 2367 2169 2443 superet,

165 2447 313 2526 tunitius,
334 2467 459 2524 morem,
481 2447 537 2526 qui
557 2451 629 2511 tune
650 2468 714 2512 esee
735 2449 821 2529 apud
845 2449 920 2514 Cart
988 2451 1064 2514 'nem
1081 2469 1142 2515 coe-
1193 2448 1279 2532 quod
1304 2450 1418 2532 lingua
1445 2446 1645 2512 enuntiando
1673 2446 1856 2528 exprimere
1877 2452 1992 2528 potest.
2036 2447 2170 2511 Postre-

159 2537 266 2614 peral,
294 2538 330 2597 ut
350 2533 458 2614 bprnni
488 2532 530 2596 ad
555 2533 654 2598 altare
680 2535 853 2599 dicerentur
874 2536 912 2600 de
971 2536 1142 2600 ealnmmn
1192 2557 1260 2614 mo,
1292 2557 1335 2600 ne
1362 2555 1433 2599 esse
1459 2532 1590 2615 quidem
1618 2530 1758 2615 orationi
1783 2532 1931 2614 privatae
1952 2533 2171 2596 necessariam

165 2617 253 2697 libro,
275 2618 322 2683 vel
343 2623 414 2682 onte
435 2617 624 2697 oblationem,
646 2620 693 2684 cel
714 2640 810 2700 quum
832 2618 1068 2686 distribueretur
1085 2641 1141 2702 po
1192 2621 1349 2705 linguam,
1372 2619 1436 2685 nisi
1457 2618 1565 2702 quoad
1584 2619 1723 2682 interior
1745 2638 1868 2696 sensus,
1890 2616 1944 2683 vel
1961 2617 2023 2682 sibi
2040 2618 2110 2700 ipse
2127 2617 2170 2682 ad

159 2705 238 2785 pulo
260 2704 341 2784 quod
361 2704 474 2785 fuisset
495 2703 637 2784 oblatum,
659 2706 812 2772 maledieo
827 2706 1059 2788 reprehensione
1074 2707 1142 2770 ubi·
1192 2707 1416 2772 incitationem
1454 2705 1602 2770 sufficere
1638 2725 1704 2768 non
1736 2703 1840 2781 valet,
1879 2701 1932 2769 vel
1971 2703 2170 2768 incitationis

164 2810 283 2871 cunque
309 2793 432 2871 poterut
462 2789 624 2854 laceabat.
673 2792 761 2856 Huic
792 2792 938 2874 respondi
971 2792 1142 2858 iubentibrn
1192 2792 1402 2859 vehementia
1432 2791 1564 2875 linguae
1597 2791 1759 2855 actionem
1791 2810 1901 2854 secum
1932 2790 2026 2870 rapit
2082 2788 2170 2852 Nam

162 2876 324 2958 fratribus.
368 2874 413 2938 Et
433 2880 509 2939 certe
530 2875 561 2940 si
581 2877 624 2940 ad
641 2896 718 2957 earn,
740 2898 818 2958 quae
835 2877 899 2942 Dei
916 2884 945 2942 et
961 2880 1142 2961 unpelorum
1193 2879 1253 2943 etsi
1277 2880 1418 2962 optimae
1440 2876 1605 2941 interdurn
1628 2877 1790 2951 orationes
1812 2896 1891 2941 voce
1913 2881 2041 2953 carent,
2071 2884 2169 2957 saepe

163 2967 353 3043 maneum
373 2962 468 3039 deod,
493 2963 677 3044 grauitatem
704 2969 923 3045 attemperatue
949 2966 990 3029 sit
1023 2970 1140 3044 contus,
1192 2971 1303 3029 tamen
1324 2986 1386 3028 usu
1408 2964 1513 3040 venit,
1543 2969 1593 3040 ut,
1623 2961 1741 3027 affectu
1763 2961 1882 3025 mentis
1909 2960 2108 3039 exsultante,
2136 2965 2169 3024 et

164 3067 234 3113 curn
254 3048 436 3130 dipndatern
457 3051 486 3111 et
508 3049 646 3130 qratiam
671 3051 773 3114 saeris
795 3049 966 3115 actionibus
991 3050 1140 3130 concilim,
1192 3051 1305 3134 lingua
1325 3051 1361 3113 in
1382 3070 1504 3127 vocem,
1527 3058 1560 3112 et
1576 3047 1725 3113 membra
1743 3047 1807 3111 alia
1824 3047 1859 3110 in
1877 3047 2167 3130 gesticulationem,

126 3187 132 3201 .
163 3138 230 3198 turn
252 3135 294 3198 ad
315 3134 494 3198 incitandos
520 3134 556 3196 in
580 3155 688 3209 uerum
709 3135 862 3217 precandi
883 3136 1023 3200 studium
1050 3138 1141 3200 ardo-
1192 3137 1263 3201 sine
1282 3135 1471 3200 >ambitione
1504 3140 1686 3216 erumpant.
1730 3132 1813 3197 Inda
1849 3131 1972 3197 scilicet
2004 3132 2168 3197 incertum

164 3239 288 3299 remque
318 3220 441 3283 animos
473 3219 653 3300 plurimum
683 3222 770 3285 eald.
826 3219 1005 3287 Cauendum
1036 3227 1140 3286 tomen
1191 3221 1280 3287 istud
1301 3221 1443 3286 Hennae
1463 3240 1613 3284 murmur
1635 3220 1667 3304 (1
1691 3217 1780 3285 Sam.
1805 3224 1832 3298 l,
1854 3218 1923 3302 13),
1950 3219 2041 3283 cuius
2061 3216 2168 3283 simile

164 3305 326 3386 diligenter
351 3325 390 3368 ne
416 3306 459 3369 ad
486 3305 725 3370 modulationem
751 3307 927 3372 intentiores
952 3309 1016 3372 sint
1037 3328 1139 3387 auree,
1190 3307 1345 3390 quiddam
1373 3306 1477 3371 sancti
1503 3327 1616 3371 omnes
1642 3312 1797 3388 perpetuo
1823 3305 1860 3367 in
1888 3325 1923 3368 se
1944 3303 2166 3386 experiuntur,

164 3410 259 3470 quarn
288 3390 387 3453 animi
416 3389 459 3453 ad
486 3392 682 3470 spiritualem
711 3393 872 3457 cerinum
893 3414 1026 3458 suumn.
1061 3395 1139 3476 'Quo
1192 3392 1270 3458 dum
1290 3393 1328 3456 in
1348 3394 1504 3474 abruptas
1524 3398 1557 3455 et
1578 3392 1723 3457 concisas
1744 3411 1839 3456 rocos
1855 3389 2039 3472 prosiliunt.
2085 3384 2167 3453 Cor-
2251 3407 2258 3425 ·

158 3474 341 3556 periculose
351 3480 526 3556 permotum
540 3476 656 3557 suetan
669 3478 784 3544 alicubi
799 3479 882 3543 idern
891 3479 1138 3564 Aupustiriue,⁸)
1190 3480 1278 3561 poris
1306 3485 1415 3543 autom
1443 3483 1555 3561 gestus
1584 3478 1621 3540 in
1647 3476 1833 3560 precatione
1867 3475 2033 3540 observari
2067 3473 2165 3553 soliti,

163 3566 198 3624 ut
226 3561 380 3624 interdum
409 3563 523 3642 optarit
549 3564 673 3626 imtitui
694 3585 809 3629 moreni
831 3564 869 3628 ab
891 3564 1068 3630 Atlmnasio
1089 3565 1138 3630 ab·
1190 3565 1302 3647 quales
1323 3571 1401 3630 sunt
1422 3563 1617 3646 geniculatio
1640 3569 1673 3626 et
1693 3562 1809 3644 capitis
1831 3560 1982 3639 detectio,
2012 3559 2168 3625 exercitia

164 3651 327 3725 amantum,
356 3647 412 3727 qui
432 3647 568 3711 lectorem
590 3653 654 3712 tarn
675 3651 792 3714 rnodieo
814 3651 896 3715 vocis
913 3652 998 3730 flexu
1018 3652 1139 3716 iubebat
1190 3657 1283 3729 sunt,
1309 3651 1426 3733 quibus
1456 3649 1497 3714 ad
1518 3649 1675 3713 maiorem
1697 3648 1761 3712 Dei
1789 3646 2035 3713 venerationem
2057 3666 2166 3710 assur-

163 3751 281 3810 sonore,
315 3737 349 3796 ut
364 3734 584 3813 pronuntianti
613 3734 745 3799 vicinior
775 3734 854 3816 soret
887 3758 982 3816 quom
1009 3738 1137 3801 canenti.
1190 3757 1267 3820 gere
1288 3757 1452 3802 conamur.

171 3818 299 3898 Verum,
332 3838 429 3899 quum
448 3819 695 3885 rnnmiseeretur
721 3828 870 3903 quantam
891 3823 954 3886 eibi
974 3809 1138 3887 utilitatem
1276 3826 1326 3886 28.
1370 3822 1468 3887 Nunc
1491 3821 1609 3885 certior
1635 3818 1751 3884 orandi
1777 3838 1843 3882 non
1864 3816 2080 3896 moderatio,
2110 3815 2169 3882 sed

163 3909 272 3969 contus
293 3905 473 3982 adducent,
495 3905 530 3967 in
551 3905 681 3970 aderam
696 3912 822 3988 purtem
842 3908 1020 3973 inclinabat.
1064 3907 1137 3973 Hac
1188 3906 1294 3973 forma
1314 3929 1441 3991 quoque
1461 3907 1534 3990 ipsa
1554 3903 1709 3970 discenda
1730 3911 1788 3970 est.
1833 3904 1885 3968 Ea
1907 3902 2046 3983 scilicet,
2069 3923 2168 3985 quam

162 4011 232 4072 erpo
252 3990 392 4055 adbibita
413 3991 624 4071 moderatione,
647 3993 730 4058 nibil
749 3993 887 4073 dubium,
910 3995 987 4077 quin
1008 3994 1137 4059 sandir-
1189 4015 1248 4079 per
1270 3993 1424 4059 dilectum
1446 3993 1551 4058 filium
1573 4013 1669 4056 suurn
1690 3991 1784 4056 nobis
1814 3989 1962 4055 coelestis
1984 3994 2078 4072 pater
2099 3995 2167 4052 tra·

161 4076 278 4140 arnum
304 4077 346 4139 sit
373 4096 411 4140 ue
438 4076 678 4141 solubnmmurn
704 4080 889 4144 institutum.
938 4081 1137 4161 Qunnadrno
1189 4079 1272 4145 didit
1294 4079 1428 4166 (Matth.
1443 4083 1471 4158 6,
1485 4083 1504 4143 9
1517 4099 1604 4160 seqq.
1628 4079 1709 4142 Luc.
1726 4081 1774 4155 ll,
1787 4079 1805 4139 2
1818 4075 1937 4159 seqq.);
1960 4074 2167 4140 ubiimmen-

161 4161 238 4224 dum
259 4181 381 4240 rursus,
404 4163 577 4243 quicunque
598 4166 640 4229 ad
661 4166 846 4230 suauitatem
866 4167 1026 4246 domarat,
1050 4167 1137 4230 ami-
1189 4188 1260 4231 sam
1291 4166 1472 4230 bonitatem
1499 4185 1537 4230 ao
1564 4161 1850 4246 mansuetudinem
1878 4168 2054 4245 agnoscere
2080 4159 2165 4223 licet.

160 4265 273 4326 unique
289 4245 512 4313 adiunctionem
529 4251 687 4331 compositi
703 4256 776 4315 sunt
792 4256 909 4331 auritus,
927 4271 981 4316 nec
997 4252 1137 4317 culeum
1188 4253 1276 4316 Nam
1304 4258 1533 4335 praeterquam
1552 4249 1638 4332 quod
1665 4271 1725 4314 nos
1746 4254 1858 4312 monet
1886 4256 1982 4330 atque
2004 4245 2165 4323 hortatur,

160 4333 352 4396 maiestatem
372 4333 488 4419 decent,
517 4353 571 4399 nec
592 4335 660 4401 Deo
681 4356 742 4402 non
762 4357 955 4418 summopere
975 4339 1137 4421 displicere
1188 4345 1227 4401 ut
1246 4359 1280 4403 se
1309 4338 1347 4402 in
1373 4339 1463 4401 omni
1481 4334 1602 4401 ‘nostra
1628 4335 1821 4400 necessitate
1848 4353 2043 4416 quaeramus
2071 4328 2166 4414 (qua-

154 4424 296 4500 POSSlWl·
1093 4427 1101 4442 ⁸
1188 4424 1265 4488 liter
1285 4423 1344 4488 filii
1365 4424 1402 4487 in
1422 4429 1596 4506 parentum
1616 4420 1731 4498 fidem,
1755 4420 1880 4503 quoties
1909 4417 1977 4481 ulla
1999 4416 2165 4480 anxietate

247 4507 297 4567 27.
343 4502 418 4585 Quo
441 4506 541 4570 etiam
568 4506 666 4588 plane
687 4515 828 4587 constat,
856 4530 923 4573 non
946 4530 1062 4593 gruem
1084 4509 1136 4574 in·
1189 4510 1403 4588 afflictantur,
1425 4509 1599 4589 confugere
1628 4507 1748 4591 solent)
1775 4506 1928 4589 quoniam
1948 4499 2094 4581 videbat,
2122 4520 2166 4565 ne

160 4595 213 4652 ter
239 4590 392 4668 Latinos,
427 4613 487 4657 neo
515 4591 616 4655 latino
645 4593 732 4657 inter
759 4594 888 4674 Gallos,
924 4603 981 4659 aut
1008 4596 1136 4679 Anglos
1187 4595 1221 4659 id
1243 4595 1375 4679 quidem
1397 4596 1476 4660 satis
1497 4616 1556 4659 nos
1576 4594 1770 4676 perspicere,
1794 4612 1891 4674 quam
1914 4593 2057 4671 angusta
2079 4592 2165 4652 esset

161 4674 213 4759 (ut
245 4675 404 4742 haetenus
435 4679 556 4760 passim
584 4679 768 4744 facbtatum
801 4678 865 4764 cst)
898 4680 955 4746 sed
986 4681 1136 4764 populari
1172 4688 1300 4746 mostra
1321 4688 1505 4764 paupertas,
1529 4679 1607 4762 quid
1629 4700 1770 4761 aequum
1791 4675 1964 4759 postulare,
1988 4673 2067 4754 quid
2087 4695 2105 4737 e
2126 4693 2164 4737 re

149 4763 309 4826 ‘sermone
336 4762 563 4846 concipiendas
595 4785 665 4838 esso
698 4766 844 4847 publicas
871 4767 1048 4845 orationes,
1080 4768 1136 4849 qui
1188 4775 1301 4831 nostra
1320 4775 1420 4845 esset,
1448 4767 1527 4832 huic
1549 4766 1648 4831 etiam
1676 4770 1805 4827 nostrae
1825 4758 2029 4844 ignorantiae
2052 4780 2164 4824 occur·

159 4847 259 4931 vulgo
281 4871 301 4912 a
323 4855 390 4913 toto
413 4850 666 4934 coetuintelligi
687 4853 798 4933 possit,
822 4851 1084 4935 quandoquidem
1101 4853 1137 4916 in
1189 4853 1242 4930 rit,
1273 4860 1307 4917 et
1327 4853 1414 4936 quod
1435 4853 1545 4935 captui
1566 4856 1677 4915 nostro
1700 4848 1828 4925 deerat,
1857 4845 1897 4910 de
1915 4866 1973 4909 suo
1994 4845 2064 4926 ipse
2087 4863 2163 4928 sup·
2202 4901 2206 4913 .

160 4934 259 4998 totius
299 4934 453 5000 ecclesiae
493 4934 751 5001 aedificationem
787 4939 860 5003 fieri
893 4938 1061 5016 convenit,
1095 4937 1137 5002 ad
1188 4937 1292 5021 plevit
1309 4959 1346 5003 ao
1364 4940 1500 5005 suffecit.
1545 4934 1748 5017 Conscripsit
1764 4933 1852 4997 enim
1869 4931 1962 4995 nobis
1979 4931 2163 5010 formulam,

160 5037 259 5099 quam
281 5041 322 5084 ex
345 5042 424 5086 sono
445 5043 514 5085 non
535 5021 704 5089 intellecto>
721 5024 831 5090 nullus
859 5025 990 5108 penitus
1011 5025 1136 5090 fructus
1190 5080 1297 5086 ---
1320 5079 1391 5085 .-.,
2139 5045 2146 5060 ·

161 5157 362 5168 ——-—-—..

1257 5159 1287 5227 1)
1305 5160 1423 5229 Spiritus
1445 5177 1512 5213 voce
1535 5158 1671 5226 singulare
1694 5155 1846 5224 linguarum
1875 5136 1974 5207 donum
1997 5152 2157 5223 significans,
2208 5224 2210 5228 ¹

230 5221 259 5288 1)
277 5223 395 5279 Contere.
415 5227 476 5280 libr.
495 5226 519 5282 9.
543 5243 565 5280 c.
584 5226 608 5279 7.
687 5227 718 5296 2)
737 5228 801 5299 Cap.
820 5229 861 5283 11.
966 5227 998 5298 3)
1015 5228 1134 5283 (lonicae.
1188 5245 1242 5298 quo
1260 5230 1381 5284 nonnulli
1398 5228 1517 5298 praediti
1534 5227 1723 5288 abutebantur,
1763 5241 1827 5276 uum
1845 5241 1861 5275 a
1878 5228 1976 5289 mente,
1995 5222 2047 5276 hoo
2064 5228 2106 5275 est
2121 5221 2162 5275 in·

158 5290 220 5344 libr.
241 5291 281 5344 10.
300 5309 322 5344 c.
340 5293 382 5348 33.
1187 5298 1346 5368 belligentia,
1364 5297 1433 5351 illud
1450 5297 1599 5350 avellerent
1617 5292 1693 5348 15e3.
1712 5294 1726 5345 1
1982 5314 1989 5329 ·
