4770 6030
221 358 283 419 sss
791 351 1056 420 mssffltslo
1078 353 1183 418 ΗΕΒ.
1206 317 1387 419 οΗΪεΙεΤ.
1414 355 1646 417 1539-1554.
2158 357 2223 418 sco

1984 467 2221 537 1334930350.

219 540 308 605 blicis
322 538 566 622 precationibus,
595 542 787 607 concionibus
812 547 840 607 et
866 541 1004 625 mysticis
1026 540 1196 605 actionibus
1247 542 1326 606 tione
1347 542 1543 606 mnscientiae
1564 541 1688 607 libertas
1709 561 1773 606 esse
1784 543 1921 623 poteret?
1955 454 2022 608 bno
2043 563 2112 607 cero
2127 563 2223 625 prac-

219 627 406 704 destinatae;
427 626 461 688 in
479 626 560 707 ipsis
577 628 770 692 carmianibus
786 629 873 708 quies
890 649 927 692 ac
944 628 1111 706 silentium,
1130 628 1196 692 loca
1246 629 1329 693 clarc
1349 629 1510 693 coridabit:
1531 627 1586 691 ubi
1606 627 1826 709 reputabimus,
1844 649 1904 692 non
1921 628 2007 708 fisos
2024 649 2089 694 esse
2106 635 2133 694 et
2147 651 2223 712 per·

217 712 386 790 destinata,
408 710 593 793 hymnorum
619 719 793 792 cosumus,
821 715 889 781 dies
914 714 1110 779 ubbrandae
1131 712 1196 777 Do
1240 719 1354 796 petuas
1381 715 1565 791 sanctiones,
1595 713 1706 794 quibus
1734 715 1854 778 astricti
1879 715 1994 794 slmuS,
2020 716 2074 779 sed
2095 720 2221 780 adarna

217 798 297 861 mini
319 816 426 861 coenae
442 799 594 878 praelim,
616 801 697 880 quod
721 799 845 865 Paulus
867 806 961 878 udat,
988 821 1025 865 ne
1052 799 1196 864 mulieres
1246 800 1400 864 bmnanae
1428 799 1623 880 infirmitatis
1655 800 1845 878 rudimenta,
1873 801 1986 881 quibus
2013 803 2135 866 tametsi
2159 823 2222 866 non

217 883 251 946 in
272 883 398 947 ecclesia
420 883 552 962 dmearct,
575 886 650 950 etsi
668 907 731 967 qua
753 893 825 951 surct
846 886 974 950 similia.
1019 885 1061 948 In
1076 885 1195 967 primis
1246 886 1424 968 indiqemns
1440 905 1550 963 mnam,
1571 890 1671 949 lamen
1690 906 1792 950 omnes
1807 887 1943 966 utimum·
1960 889 2036 967 quia
2055 889 2116 952 alii
2132 889 2220 967 aliis,

215 989 286 1032 uero
307 989 387 1050 quoe
404 969 606 1051 disciplinam
628 978 819 1051 conservant,
842 977 877 1036 ut
898 971 1068 1050 catecbesis,
1091 991 1195 1036 cornu
1247 973 1289 1036 ad
1316 971 1480 1052 fouendum
1510 971 1591 1036 iader
1617 991 1674 1035 uos
1702 973 1872 1051 curtalem,
1902 977 2008 1036 mutrra
2035 994 2145 1037 sumum
2173 976 2222 1040 ob

217 1075 272 1119 rae
289 1055 525 1134 ecclesiasticae,
553 1059 839 1137 excommunicatio,
869 1059 991 1122 uiunia
1013 1063 1138 1138 atquae
1159 1058 1195 1120 in
1246 1057 1344 1122 noxii.
1389 1057 1457 1121 Hoc
1482 1057 1517 1121 in
1544 1056 1691 1138 exemplis
1717 1059 1864 1139 superius
1878 1058 1994 1138 positis
2015 1079 2222 1141 recopnoscere

217 1141 346 1206 eundem
368 1140 539 1224 catolopum
561 1143 674 1225 referri
690 1150 830 1226 possunt.
865 1143 918 1208 Ita
939 1164 1042 1208 mines
1057 1143 1195 1208 ecclesia·
1246 1143 1320 1207 licet.
1368 1142 1474 1225 Quid?
1507 1143 1562 1206 An
1583 1144 1619 1206 in
1639 1144 1784 1208 mulieris
1805 1142 1932 1208 carbaso
1952 1144 2016 1206 sita
2036 1146 2145 1228 reliqio
2165 1152 2219 1225 est,

217 1227 312 1291 stieas
323 1227 556 1307 constituturus,
576 1250 656 1311 quas
672 1250 733 1311 pro
750 1231 865 1295 sanctis
887 1236 914 1294 ct
934 1228 1128 1294 salutaribus
1149 1249 1194 1293 re
1245 1234 1280 1292 nt
1300 1229 1382 1293 crudo
1403 1229 1501 1309 capite
1523 1229 1625 1313 eqredi
1646 1231 1688 1293 sit
1709 1229 1822 1310 rufos?
1852 1229 1906 1293 An
1928 1234 2070 1293 sanctum
2091 1231 2128 1295 de
2149 1233 2219 1295 eius

217 1312 358 1396 cipimus,
376 1314 410 1375 in
420 1314 481 1378 duo
492 1315 594 1396 capita
609 1317 724 1397 reterre
735 1317 810 1381 licet.
833 1316 961 1380 Alteras
969 1312 1200 1380 enimadritus·
1244 1314 1365 1379 silentio
1386 1315 1545 1394 decretum,
1567 1316 1648 1396 quod
1667 1314 1780 1378 violari
1801 1315 1869 1378 siue
1889 1335 2009 1379 summo
2031 1316 2220 1381 mebrorum

217 1399 853 1484 etcaercmonias,olteroeaddisu'pliuam
864 1400 1193 1484 etpacemrespiciunt.
1239 1399 1366 1483 possit?
1402 1400 1457 1463 Aa
1478 1400 1606 1481 aliquod
1627 1401 1662 1463 in
1682 1400 1903 1484 penufleaione,
1933 1403 1968 1464 iu
1989 1401 2147 1466 bumando
2169 1422 2219 1467 ca

304 1488 352 1546 31.
390 1483 452 1549 Sed
472 1487 548 1566 qnia
569 1486 619 1551 bic
634 1488 812 1568 periculum
833 1491 885 1566 est,
906 1508 944 1552 ne
965 1486 1004 1551 ab
1020 1507 1086 1550 una
1101 1491 1194 1567 parte
1244 1486 1355 1550 daucre
1386 1487 1579 1568 mysterium,
1613 1487 1694 1567 quod
1715 1487 1886 1568 praeteriri
1913 1487 1981 1550 siue
2001 1488 2131 1570 *piamlo
2158 1509 2221 1553 non

210 1570 464 1653 pseudoepiscopi
475 1577 672 1654 paucarum
689 1574 760 1638 inde
779 1578 906 1656 captent,
924 1573 967 1637 ad
983 1573 1100 1653 impias
1116 1591 1193 1636 suas
1238 1571 1366 1654 possit?
1411 1570 1551 1636 lllircime
1597 1572 1684 1636 Nam
1712 1574 1742 1635 si
1768 1572 1826 1636 tali
1850 1572 2048 1653 festinatione
2073 1593 2152 1655 opus
2178 1575 2221 1638 sit

216 1661 245 1720 et
264 1656 444 1738 tyrannicos
466 1659 546 1741 lepos
567 1659 762 1724 accusandos
768 1685 778 1739 ;
800 1659 839 1724 ab
860 1658 959 1724 altera
980 1659 1043 1722 sint
1063 1658 1192 1738 quidam
1244 1657 1369 1722 mulieri
1396 1657 1432 1720 in
1459 1657 1593 1722 iuranda
1614 1658 1775 1738 praecinto,
1805 1677 1883 1739 quae
1910 1658 2011 1723 celare
2038 1665 2132 1741 capnt
2158 1680 2221 1724 non

214 1742 312 1806 nimis
333 1743 509 1822 meticulosi,
528 1746 583 1825 qui
604 1745 817 1827 superioribus
837 1745 933 1809 mdis
953 1743 1102 1808 admoniti
1123 1743 1191 1807 unt
1243 1744 1344 1808 sircat:
1371 1743 1453 1807 nibil
1481 1744 1643 1824 delinquit,
1672 1743 1702 1807 si
1729 1748 1834 1824 aperto
1859 1745 1958 1825 capite
1979 1751 2128 1810 accurrat.
2173 1745 2221 1810 Ει

215 1828 281 1891 lmn
313 1828 478 1908 quamlibet
507 1831 624 1895 samis
655 1831 771 1914 lapibus
798 1832 896 1896 mcum
921 1830 1114 1911 relinquant:
1140 1829 1191 1893 bie
1243 1834 1301 1907 cst,
1324 1830 1382 1893 ubi
1408 1828 1493 1910 loqui
1520 1830 1714 1894 conminus
1740 1835 1945 1911 opportunum
1963 1829 2013 1894 illi
2041 1832 2094 1910 sit,
2124 1851 2220 1911 quam

216 1914 325 1978 testari
347 1933 455 1995 operae
471 1918 610 1997 pretium
630 1922 690 1996 cst,
717 1938 771 1982 eas
795 1917 919 1983 mmum
947 1916 1102 1980 bumanas
1126 1935 1191 1979 carr·
1243 1915 1320 1980 alibi
1340 1920 1445 1980 lacere.
1490 1913 1628 1980 Stantem
1656 1935 1772 1997 quaque
1793 1936 1895 1995 mame,
1924 1916 1980 1996 qui
2000 1915 2102 1981 morbo
2123 1917 2220 1999 impe-

214 2000 386 2065 stitutioues
407 2020 454 2064 me
466 2001 608 2082 probare,
629 2024 708 2085 quae
729 2002 830 2068 etDei
851 2002 1014 2068 emmau
1033 2000 1190 2082 fundatae,
1242 2001 1329 2065 ditus
1347 2020 1477 2066 curvare
1495 2021 1598 2083 peuua
1623 2002 1742 2082 umuli,
1767 2000 1848 2065 nibil
1875 2006 1960 2066 octat.
2003 2001 2146 2083 Denique
2166 2023 2218 2068 sa

216 2090 243 2150 et
270 2107 308 2150 erc
341 2086 496 2167 scriptura
524 2088 714 2170 desumptae,
742 2091 875 2173 adeoque
901 2108 1036 2172 prorsus
1066 2087 1192 2152 dicium
1242 2087 1305 2150 tius
1327 2091 1371 2151 est
1394 2091 1513 2150 mature
1539 2086 1669 2152 bumare
1694 2092 1863 2166 momuum,
1891 2108 1986 2168 quam
2008 2089 2062 2152 ubi
2088 2088 2217 2153 linteum

215 2171 287 2235 sint.
332 2171 521 2254 Exemplum
538 2175 580 2238 sit
599 2175 635 2238 in
653 2176 874 2258 pmn'culatione
894 2196 973 2257 quae
992 2175 1028 2256 fit
1048 2174 1124 2238 dnm
1144 2194 1191 2237 so-
1242 2173 1336 2251 deest,
1366 2171 1420 2236 nbi
1446 2193 1507 2237 nou
1533 2173 1649 2237 adsunt
1675 2173 1730 2253 qui
1751 2173 1916 2252 deducam,
1946 2178 2119 2256 suspectare
2139 2175 2216 2240 dnm

215 2257 317 2321 lennes
338 2257 488 2323 baberetur
502 2261 701 2341 prcoationes.
748 2262 929 2342 Quaeritur,
951 2261 1030 2326 sitne
1052 2259 1191 2323 bumana
1242 2258 1423 2323 inbumatus
1437 2262 1604 2341 putrescat.
1649 2257 1711 2324 Sed
1729 2263 1773 2323 est
1791 2258 1995 2324 nibilominus
2021 2260 2056 2323 iu
2076 2260 2216 2324 istisce

213 2343 354 2422 truditur,
387 2365 482 2426 quam
508 2346 673 2427 repudiare
699 2347 746 2412 uel
771 2347 921 2432 neplipere
946 2347 1046 2410 cnissis
1075 2343 1189 2408 liceat?
1242 2344 1299 2409 bus
1320 2346 1400 2426 qnod
1419 2344 1575 2429 apendum
1592 2349 1648 2407 aut
1667 2345 1834 2409 mumdum
1854 2365 1919 2409 nias
1935 2346 2104 2428 relipnonis,
2126 2347 2215 2411 insti-

213 2427 295 2492 Dico
315 2429 361 2493 sic
382 2451 447 2495 esse
466 2431 644 2510 humanam,
667 2437 702 2496 ut
721 2433 817 2497 simul
835 2434 877 2497 sit
895 2431 1011 2496 diuina.
1055 2430 1119 2495 Dei
1139 2434 1191 2509 est,
1241 2434 1316 2509 tuta,
1338 2431 1410 2513 ipsa
1431 2429 1560 2510 maique
1585 2429 1767 2495 humanitas
1792 2431 2004 2495 etnmdestiae
2024 2431 2133 2515 ripula
2154 2432 2217 2497 dic

216 2519 366 2595 quaterms
380 2537 463 2597 pars
484 2522 527 2581 est
548 2518 650 2583 decori
666 2518 756 2583 illius
773 2519 863 2583 cuius
878 2539 956 2582 cura
978 2522 1005 2582 et
1024 2516 1191 2581 observatio
1241 2520 1295 2581 tet:
1326 2516 1394 2595 ubi,
1428 2517 1458 2580 st
1489 2515 1702 2596 imprudentia
1729 2521 1755 2579 et
1792 2515 1939 2580 obliuione
1970 2517 2047 2598 quid
2079 2522 2216 2591 erratmn

215 2598 301 2663 nobis
327 2621 388 2680 per
420 2602 591 2683 apostolum
622 2605 864 2682 commendatam
897 2603 1055 2667 bominum
1079 2606 1190 2686 antem
1239 2602 1350 2684 suerit,
1378 2602 1502 2666 nullum
1530 2601 1704 2666 admissum
1731 2602 1846 2666 crimen
1875 2607 1934 2680 est,·
1964 2604 2017 2667 sin
2038 2607 2213 2684 contemptu,

213 2689 363 2766 quatercus
380 2688 555 2768 specialiter
575 2688 724 2772 desipnm
745 2691 826 2771 quod
842 2690 878 2753 in
896 2709 1003 2772 qenere
1022 2689 1126 2769 suerat
1142 2687 1211 2758 ina
1241 2688 1448 2770 improbanda
1477 2691 1520 2750 es
1544 2688 1742 2752 contumacia.
1794 2686 1946 2751 Sincrliter
1973 2689 2041 2753 dies
2067 2689 2130 2770 ipsi
2157 2689 2214 2768 qui

214 2770 350 2835 dicabam
370 2773 473 2855 mapis
495 2794 589 2855 quam
611 2777 790 2856 expostum.
807 2770 874 2838 'Ab
895 2774 949 2839 boc
969 2795 1031 2838 una
1053 2773 1187 2856 munplo
1241 2774 1318 2852 sint,
1351 2777 1377 2837 el
1404 2772 1511 2853 borae,
1540 2792 1619 2853 quac
1646 2773 1780 2838 locorum
1805 2778 1976 2852 structura,
2004 2775 2058 2854 qui
2084 2793 2141 2856 quo
2162 2774 2214 2837 die

213 2858 377 2922 aestimare
399 2859 475 2938 licet,
497 2860 574 2940 quid
595 2860 632 2924 de
652 2865 709 2925 toto
731 2861 784 2926 boc
803 2881 911 2944 periere
931 2861 973 2925 sit
990 2860 1189 2925 sentiendum.
1243 2864 1397 2924 conamur
1410 2858 1540 2941 psalmi,
1563 2858 1645 2924 nibil
1665 2860 1798 2923 interest.
1850 2859 1963 2924 Verrun
1984 2864 2012 2924 et
2033 2865 2126 2924 urias
2147 2860 2215 2924 dics

216 2941 349 3025 Nempe,
380 2946 457 3023 quia
483 2944 641 3010 Dominus
669 2952 698 3011 ct
723 2952 816 3012 totam
837 2967 926 3011 uuae
947 2947 1086 3011 iustitiae
1105 2965 1191 3009 sum-
1242 2951 1270 3010 ει
1291 2949 1390 3009 statas
1411 2965 1475 3010 esse
1495 2944 1588 3028 baras
1609 2945 1759 3023 conuenit,
1781 2948 1809 3008 et
1830 2943 1927 3009 lacum
1949 2946 2134 3026 recipiendis
2155 2965 2217 3010 orn·

212 3033 356 3106 mam,'et
378 3049 480 3094 semim
500 3031 599 3095 adius
621 3033 760 3096 numinis
780 3033 967 3114 culpantes,
989 3036 1016 3095 ei
1037 3031 1191 3113 quidquid
1241 3031 1333 3096 nibus
1353 3032 1506 3109 maneum
1528 3031 1558 3095 si
1580 3051 1642 3111 qua
1669 3031 1839 3096 seruandae
1855 3032 2058 3112 pocisratio
2080 3031 2218 3096 babetm.
2253 3099 2256 3103 ,
2347 3091 2351 3100 .

213 3114 408 3180 adsalutem
428 3118 636 3182 necessarium
656 3123 732 3198 erat
749 3118 850 3184 sacris
871 3119 941 3183 suis
962 3118 1106 3195 oraculis,
1124 3121 1190 3181 tum
1243 3117 1329 3181 Nam
1350 3121 1537 3198 pmumrnm
1557 3117 1705 3181 rixarum
1725 3116 1826 3181 ”semen
1846 3116 1958 3197 futura
1979 3118 2020 3181 sit
2041 3137 2151 3181 carran
2171 3137 2218 3181 rc-

210 3199 343 3281 fidelitcr
363 3202 536 3283 compleras
557 3207 609 3281 est,
627 3209 694 3268 tum
708 3192 874 3287 perspicue
896 3205 1068 3286 enarrauit„
1083 3203 1118 3267 iu
1139 3202 1190 3266 bis
1241 3223 1313 3267 mun
1334 3202 1481 3283 con-fusio,
1501 3203 1531 3267 si
1546 3207 1643 3282 prout
1663 3202 1773 3283 cuique
1789 3201 1909 3266 libibcm
1926 3203 1969 3267 sit
1984 3207 2107 3267 mutare
2128 3202 2219 3267 liceat

211 3287 298 3352 solus
318 3287 464 3370 ncapister
485 3293 529 3353 est
550 3289 734 3355 andiendus.
782 3291 865 3371 Quia
886 3295 989 3355 autem
1010 3290 1045 3354 in
1065 3293 1190 3353 mterria
1241 3309 1319 3370 quae
1346 3288 1389 3353 ad
1414 3307 1602 3365 ccunnuuem
1627 3291 1742 3352 statum
1768 3288 1947 3368 pertinent?
1981 3289 2105 3371 quaudo
2139 3309 2218 3352 nun-

212 3371 381 3453 disccplina
399 3378 427 3436 et
446 3376 648 3441 caerenroniis
668 3397 729 3441 nou
745 3376 840 3440 uoluit
856 3376 1019 3460 mpdlatim
1033 3374 1190 3456 praescri
1241 3393 1335 3455 quam
1354 3374 1497 3455 saturum
1518 3377 1563 3438 est
1583 3378 1617 3437 nt
1638 3374 1780 3438 omnibus
1801 3373 1883 3438 idem
1898 3375 2031 3455 placeat,
2050 3374 2081 3438 si
2102 3393 2153 3438 res
2170 3395 2218 3439 oe

212 3455 279 3522 bere
301 3458 377 3539 quid
398 3462 486 3540 sequi
508 3459 684 3541 debeamus,
711 3463 793 3542 quod
821 3463 906 3527 idad
919 3462 1096 3544 penderem
1117 3464 1189 3523 um
1240 3460 1286 3523 lut
1305 3460 1341 3523 in
1361 3457 1463 3524 medio
1486 3460 1608 3540 positae
1636 3459 1828 3542 sinqrdorum
1856 3460 1987 3525 arbitrio
2008 3460 2131 3525 relictae
2151 3458 2219 3541 fua

204 3564 321 3625 parurn
337 3544 504 3610 conditione
518 3548 816 3634 procideretucque
831 3564 964 3616 iudicum
979 3565 1208 3614 unamsaecu,
1240 3545 1311 3608 rint.
1359 3545 1446 3626 Quod
1465 3546 1496 3608 si
1516 3545 1589 3626 quis
1608 3545 1770 3627 obstrepat,
1805 3550 1833 3608 ct
1847 3545 1925 3626 plus
1945 3567 2054 3628 sapere
2074 3546 2124 3610 bic
2145 3546 2219 3611 uelit

166 3632 170 3637 “
212 3628 253 3692 lis
281 3629 422 3694 menibus
447 3632 584 3712 formam
607 3634 781 3698 cariuenire:
813 3634 973 3716 canfupcrc
1000 3631 1051 3696 bic
1077 3636 1191 3712 oportet
1241 3651 1336 3711 quam
1357 3635 1484 3712 oportet,
1512 3631 1627 3695 oidemt
1653 3632 1803 3712 ipseque
1825 3632 2031 3696 morositatem
2052 3651 2145 3696 simne
2165 3653 2219 3696 ra-

211 3714 255 3779 od
272 3715 429 3796 penerales
450 3737 529 3798 quas
550 3718 634 3783 amn
654 3720 795 3802 reputas,
821 3723 857 3783 ut
878 3719 920 3782 ad
941 3738 994 3782 eas
1015 3718 1188 3800 culpantur,
1240 3717 1319 3781 tione
1340 3716 1475 3782 Domino
1496 3715 1646 3798 approbet.
1693 3716 1791 3780 Nobis
1811 3721 1913 3780 tamen
1934 3717 2020 3782 suaa
2043 3716 2140 3781 Pauli
2166 3738 2218 3782 sa

212 3817 411 3883 quaestuque
427 3802 469 3867 ad
490 3804 629 3868 ordinem
649 3810 677 3869 ct
697 3805 838 3871 decorum
851 3804 997 3887 praecipi
1024 3803 1189 3868 necessitas
1240 3803 1383 3883 tissacere
1399 3801 1495 3866 debet:
1516 3822 1572 3867 nos
1595 3802 1791 3867 contendendi
1810 3822 1925 3867 morem
1943 3823 2004 3868 nan
2024 3803 2144 3882 babere,
2165 3824 2218 3868 ue-

213 3886 357 3950 ecclesiac
371 3888 548 3968 postulabit.
591 3889 756 3970 Postremo,
779 3892 855 3972 quia
876 3891 944 3955 ideo
966 3888 1046 3953 nibil
1068 3909 1188 3971 capres-
1240 3909 1297 3970 que
1319 3887 1459 3952 ecclesms
1480 3887 1545 3952 Dei
1567 3885 1599 3972 (l
1621 3886 1695 3952 Oor.
1717 3891 1765 3965 11,
1789 3886 1851 3972 16).

211 3991 283 4035 sum
315 3973 459 4052 tradidit,
493 3975 570 4055 quia
601 3996 654 4041 nec
684 3977 727 4042 ad
756 3977 888 4041 salutem
915 3975 988 4041 baec
1014 3975 1188 4041 necessaria
1327 3977 1376 4036 33.
1423 3973 1534 4051 Porro,
1565 3993 1689 4037 sumnia
1714 3973 1876 4056 dilipentia
1902 3973 2138 4039 incumbendum
2162 3979 2216 4053 est,

211 4062 299 4135 sunt,
328 4062 355 4122 et
375 4080 437 4140 pro
457 4061 595 4126 moribus
616 4063 860 4146 uniuscuiusque
877 4063 978 4146 pentis
1006 4082 1043 4126 aa
1071 4060 1188 4126 succidi
1240 4079 1278 4123 ue
1299 4059 1371 4139 quis
1391 4060 1509 4141 irrepat
1529 4080 1615 4123 error
1635 4059 1691 4140 qui
1706 4079 1828 4141 purum
1849 4058 1931 4124 bunc
1957 4080 2052 4124 usum
2078 4060 2124 4125 uel
2145 4061 2215 4142 iacti

211 4144 300 4209 uarie
321 4146 545 4211 accommodari
573 4147 676 4212 debent
703 4149 747 4214 ad
774 4149 915 4214 ccclesiae
936 4148 1185 4229 aedificationum
1240 4145 1301 4208 ciat
1327 4144 1374 4208 uel
1401 4145 1541 4210 obscuret.
1590 4145 1677 4226 Quod
1703 4145 1827 4226 quidem
1848 4146 2045 4224 obtinebitur,
2074 4147 2215 4228 siquae-

205 4236 303 4312 prout
331 4233 472 4296 ambasiae
497 4233 622 4299 utilitas
649 4234 795 4316 requiret,
824 4239 889 4298 tam
914 4235 1047 4298 usitatas
1066 4236 1187 4296 mutare
1239 4250 1356 4310 cunque
1375 4235 1466 4294 crunt
1484 4231 1703 4295 observationes
1728 4231 1929 4312 manifestam
1955 4233 2117 4297 utilitatem
2132 4253 2214 4313 prae

211 4314 422 4400 ctabropare,
453 4339 548 4398 quam
575 4340 670 4385 nouas
691 4320 850 4385 instituere
872 4320 1028 4384 micaeniet.
1073 4317 1187 4382 Fateor
1238 4336 1272 4381 se
1292 4317 1409 4397 ferant5
1431 4317 1461 4379 si
1476 4317 1685 4397 parcissimae
1699 4317 1918 4397 admittantur,·
1933 4319 2214 4399 potissimumoero

210 4402 359 4482 equalem
381 4423 441 4467 uon
462 4408 587 4483 amne,
609 4426 662 4470 nec
682 4405 819 4486 subinde,
841 4426 895 4471 nec
916 4405 1032 4469 leuibus
1053 4404 1091 4469 de
1112 4422 1185 4466 cau-
1238 4402 1269 4468 si
1296 4403 1418 4466 accedat
1442 4401 1545 4481 tidelis
1565 4404 1707 4482 pastoris
1728 4403 1882 4482 doctrina,
1916 4424 1996 4484 quae
2011 4402 2125 4484 prauis
2147 4405 2213 4484 opi-

209 4487 256 4552 sis
278 4489 320 4552 ad
341 4490 531 4554 rurationem
552 4511 617 4555 esse
638 4492 867 4557 decurrendum.
898 4491 968 4570 Sed,
990 4489 1068 4571 quid
1084 4494 1187 4553 noceat
1238 4487 1382 4554 nionibus
1407 4487 1491 4550 mam
1507 4488 1701 4569 praecludat.
1745 4488 1833 4554 Haeo
1859 4493 1962 4555 autem
1989 4487 2117 4571 capnitio
2135 4487 2213 4567 facit

209 4574 257 4639 uel
279 4575 426 4655 aedificet,
444 4577 561 4640 caritas
589 4578 699 4658 optimc
719 4577 884 4655 iudicabit;
909 4596 1004 4658 quam
1031 4575 1061 4639 si
1086 4576 1186 4640 maae-
1238 4579 1272 4639 nt
1297 4594 1358 4638 sna
1385 4573 1493 4654 cuique
1521 4575 1555 4637 in
1582 4573 1633 4638 bis
1659 4575 1750 4639 rebus
1776 4575 1918 4640 munibus
1939 4575 2065 4639 libertas
2086 4579 2196 4637 constet
2202 4598 2211 4651 ;

209 4660 354 4723 ratricem
374 4681 439 4726 esse
453 4664 622 4742 patiemur,
644 4663 733 4728 solua
754 4667 844 4728 aurit
864 4663 977 4727 annia
1238 4665 1265 4724 et
1286 4658 1444 4741 quandam
1464 4659 1667 4725 nibilominus
1687 4680 1764 4725 suae
1784 4661 1914 4742 quisque
1936 4659 2068 4725 libertati
2084 4661 2212 4723 necessi-

298 4749 346 4808 32.
393 4746 466 4811 Iam
482 4769 552 4813 aero
569 4749 732 4814 cbristiani
747 4749 861 4831 papuli
880 4748 1017 4829 osticium
1033 4749 1084 4824 est,
1107 4766 1186 4828 quae
1238 4750 1329 4811 uua
1345 4745 1425 4810 mro
1447 4747 1591 4827 imponat,
1613 4751 1762 4828 quatenus
1779 4750 1836 4809 aut
1855 4745 1943 4824 illud,
1965 4745 2047 4826 qnod
2064 4744 2211 4823 bisinnus,

210 4831 379 4896 secundum
405 4832 484 4915 lcurcc
512 4855 656 4899 canonem
675 4835 793 4916 fuerint
813 4833 969 4911 instituta,
999 4831 1095 4896 libera
1118 4834 1186 4916 qui·
1236 4829 1269 4894 zi
1291 4837 1420 4916 πρέπον,
1444 4837 1498 4896 ant
1519 4832 1660 4897 caritatis
1679 4832 1760 4896 ratio
1782 4832 1887 4914 enipct.
1930 4830 2054 4895 Deinde
2074 4835 2109 4893 ut
2129 4835 2158 4893 et
2178 4833 2213 4893 iu

210 4917 281 4982 dem
302 4918 491 4999 canscientia,
515 4920 662 5002 nubeque
687 4917 917 5001 superstitione,
943 4918 1004 5000 pia
1031 4924 1132 4984 tamen
1160 4926 1187 4983 et
1237 4939 1346 4983 earum
1366 4938 1471 4982 rerum
1489 4918 1692 4983 obseruatione
1712 4916 1801 4980 nulla
1821 4917 2036 4998 superstitione
2055 4935 2213 4980 versemur

208 5001 300 5082 facili
326 5003 368 5067 ad
394 5005 616 5087 obsequentum
636 5005 841 5087 propensione
862 5025 1000 5084 seruare,
1033 5024 1094 5070 non
1119 5025 1186 5069 con-
1237 5005 1302 5085 ipsi
1328 5023 1382 5068 nec
1406 5024 1524 5069 morose
1549 5003 1683 5066 nimium
1710 5003 1814 5084 ipsam
1840 5001 1878 5067 ab
1907 5002 1982 5067 aliis
2002 5003 2212 5083 requiramus,

200 5089 346 5167 ,temptim
362 5089 479 5168 babere,
502 5111 563 5153 non
579 5091 695 5170 supina
711 5091 895 5174 nepliqeutia
909 5092 1098 5173 praeterire,
1119 5095 1185 5155 tan·
1237 5111 1275 5154 ne
1300 5090 1452 5171 potiorem
1482 5089 1546 5153 Dei
1578 5088 1693 5152 cubum
1724 5088 1985 5152 caerenionianrm
2017 5088 2213 5154 inuititudine

210 5174 274 5234 bern
292 5174 382 5253 abest,
404 5180 439 5238 ut
449 5197 509 5255 per
526 5175 646 5255 fastum
663 5182 690 5241 et
708 5179 929 5242 contumaciam
946 5177 1062 5242 uiolare
1082 5181 1185 5259 aperte
1237 5177 1451 5252 aestimemns;
1472 5196 1510 5238 ne
1532 5173 1655 5238 eccbsia
1675 5173 1832 5238 ecclesiam
1852 5173 1888 5238 ob
1909 5179 2051 5238 cateruae
2073 5175 2212 5258 discipli

209 5256 321 5324 debeat
368 5260 494 5341 Qualis,
523 5260 657 5343 inquies,
686 5265 829 5328 intanta
847 5263 1042 5329 observantia
1063 5267 1092 5327 et
1113 5282 1185 5328 cau-
1236 5281 1296 5326 nae
1321 5260 1500 5326 varietatem
1532 5264 1707 5324 untcnnid.
1758 5257 1916 5326 Postremo
1947 5265 1982 5324 ut
2011 5260 2131 5325 nubam
2163 5261 2213 5324 bic
