4770 6030
198 353 261 415 509
768 346 1066 433 csP.v1.(1V.)
1110 343 1329 414 emole
1346 342 1643 413 axemcamo.
1933 342 1940 350 ·
2147 350 2211 414 510

197 463 310 517 13138·
329 460 432 516 0138.

197 537 270 603 velit
290 502 345 601 rios
358 449 513 604 Βεειὲεῗειιε
533 537 568 600 in
584 535 643 602 hac
658 543 767 603 sancta
783 536 977 602 meditatione
995 536 1177 601 continenter
1228 535 1415 619 beniqrvitds,
1443 556 1539 616 qnam
1564 534 1705 600 videmus
1732 534 1869 600 umidum
1890 535 1975 599 ndis
1996 555 2066 600 uim
2086 555 2211 604 summa

198 795 280 860 velut
306 758 501 876 m'speadts
527 794 782 876 contemplamur,
811 813 872 857 non
898 797 1019 857 mantum
1046 813 1100 859 eas
1126 758 1178 875 fies
1229 792 1382 875 quidquid
1407 793 1529 858 annino
1556 757 1661 858 r’erum
1687 796 1732 857 est
1759 793 1795 857 in
1822 797 1879 857 toto
1905 791 1975 857 orbe
1996 791 2096 876 (Gan.
2120 798 2147 873 1,
2166 797 2209 859 28

197 882 296 964 qiavte
321 881 405 944 ceula
430 899 672 962 percurramus,
705 886 732 944 et
760 880 888 944 evanido
916 878 966 963 (ut
985 879 1032 942 sic
1053 877 1177 965 loquar)
1230 885 1263 944 ct
1281 883 1310 957 9,
1329 879 1374 963 2).
1420 876 1544 943 &dunc
1565 883 1624 958 est,
1652 898 1714 943 non
1734 878 1803 943 ideo
1821 878 1947 960 fecisse,
1969 899 2028 959 qua
2049 900 2105 944 nos
2126 878 2211 947 lude-

199 967 333 1044 intuitn,·
359 967 414 1030 sed
446 966 481 1029 in
512 986 549 1031 ea
581 966 759 1049 capitatione
784 966 842 1030 diu
868 965 1082 1044 immoremur,
1109 986 1178 1030 eam
1228 969 1275 1030 ret
1295 965 1386 1029 inani
1412 964 1501 1031 titulo
1521 965 1705 1030 donationis.
1750 963 1837 1048 Erqo
1860 963 1941 1028 nihil
1962 985 2099 1046 irminam
2120 964 2209 1031 nobis

200 1052 282 1117 serio
301 1071 338 1116 cc
356 1051 489 1133 fideliter
509 1052 628 1116 animis
644 1052 845 1129 revolvamus,
867 1053 1076 1132 memoriaque
1093 1051 1178 1116 idern·
1229 1051 1410 1133 defutumem
1431 1055 1483 1130 est,
1506 1051 1609 1132 quoad
1629 1049 1742 1115 salutis
1763 1054 1885 1115 nestrae
1905 1049 2022 1128 velud.
2054 1050 2209 1133 Deniqire,

199 1138 294 1203 tidem
314 1143 496 1220 repetamus.
548 1136 662 1202 Verum
683 1137 760 1217 quia
780 1156 862 1200 nune
884 1137 920 1201 in
937 1137 1088 1202 didactico
1112 1157 1178 1202 oer-
1228 1142 1264 1201 ut
1285 1136 1376 1201 serviet
1394 1137 1515 1218 finiam,
1537 1137 1655 1218 qrrcties
1674 1135 1781 1200 Deum
1801 1135 1999 1201 mminamus
2016 1136 2089 1201 coeli
2106 1141 2135 1202 et
2152 1141 2211 1202 ter-
2270 1212 2274 1217 ,

200 1244 311 1288 samur
334 1244 456 1306 qenere,
481 1222 524 1286 ab
550 1223 595 1287 iis
621 1223 816 1303 supersedere
842 1243 898 1287 nos
920 1223 1070 1302 convenit,
1099 1243 1178 1304 quae
1228 1243 1284 1288 rae
1309 1227 1488 1302 mentorem,
1519 1222 1616 1288 simul
1642 1224 1676 1287 in
1697 1227 1825 1286 mentem
1852 1221 1940 1286 nabis
1960 1223 2076 1302 veniat,
2105 1243 2210 1288 corum

201 1310 309 1392 louqcs
340 1309 573 1373 mcmnmtiones
604 1309 775 1389 rmnirnnt.
824 1308 912 1392 Erqo
937 1313 973 1372 ut
1003 1308 1178 1390 compendio
1229 1309 1375 1387 annium,
1399 1329 1478 1390 qnae
1499 1307 1642 1388 condidit,
1660 1308 1919 1390 dispensationem
1935 1309 1971 1387 in
1987 1329 2084 1372 manu
2102 1328 2139 1373 cc
2151 1328 2210 1391 pc-

202 1395 397 1460 stndarmus:
423 1398 495 1458 tunc
521 1395 659 1458 sciamus
679 1414 735 1458 nos
754 1415 828 1458 cero
852 1394 914 1475 pide
939 1393 1178 1475 apprehendisse
1229 1400 1333 1459 testate
1365 1394 1468 1476 ipsim
1495 1415 1574 1473 esse,
1608 1414 1759 1459 noscero
1786 1414 1851 1458 esse
1877 1394 1981 1475 iqrsius
2006 1395 2105 1476 filios,
2133 1413 2210 1474 qnos

203 1481 280 1563 quid
298 1481 341 1544 sit
360 1479 464 1543 Deum
485 1479 557 1543 coeli
579 1484 607 1544 et
632 1484 733 1544 terrae
752 1500 817 1545 esse
838 1484 1017 1559 creatorem,
1039 1481 1070 1544 si
1089 1480 1179 1545 idom
1230 1481 1355 1545 alendos
1375 1485 1403 1544 et
1424 1480 1597 1552 educandos
1624 1481 1659 1544 in
1684 1500 1777 1544 mam
1795 1480 1890 1562 sidau
1914 1480 2143 1560 canticaque
2163 1500 2211 1545 rc·

198 1568 340 1649 primurn
360 1565 566 1630 universalem
592 1565 731 1648 reqidam
756 1567 845 1646 sequi
865 1566 1112 1646 meminerimus,
1143 1570 1179 1630 nt
1230 1567 1355 1648 ceperit,
1382 1570 1417 1630 ut
1436 1567 1583 1632 bonorum
1602 1567 1741 1631 annium
1766 1585 1922 1631 summam
1949 1565 1988 1629 cb
2016 1587 2049 1631 ec
2076 1585 2138 1629 uno
2159 1585 2210 1630 ev-

87 1687 94 1700 ·
203 1671 282 1734 quas
304 1654 339 1715 in
362 1653 433 1715 suis
458 1652 609 1715 mebtmis
631 1650 721 1715 Deus
742 1651 859 1716 exhibet
880 1653 1061 1733 conspicuas
1082 1645 1179 1717 virtu-
1230 1658 1405 1734 spectem,
1427 1673 1464 1717 cc
1485 1657 1563 1718 certo
1579 1672 1738 1734 sperenm
1753 1650 1844 1715 illurn
1861 1671 2021 1731 nunquam
2033 1671 2209 1733 passurum

203 1743 255 1816 tes,
277 1758 337 1801 non
358 1738 484 1819 inqrata
504 1737 551 1800 vel
570 1738 784 1820 incoqitantia,
807 1737 854 1802 vel
874 1737 1021 1802 oblivione
1040 1743 1180 1803 transea-
1230 1759 1286 1804 nos
1307 1738 1399 1803 rebus
1419 1738 1613 1803 adsalutem
1634 1737 1817 1803 necessariis
1843 1737 1996 1820 indiqere,
2024 1758 2062 1802 ne
2084 1735 2209 1802 aliunde

203 1842 291 1902 mus,·
316 1823 425 1888 dnude
450 1823 497 1886 sic
518 1823 560 1887 ad
580 1842 637 1886 nas
657 1822 818 1905 applicare
839 1823 1012 1903 discamus,
1042 1844 1101 1905 quo
1122 1843 1179 1889 nos
1230 1844 1301 1907 spes
1322 1829 1427 1889 nostra
1443 1824 1592 1908 pendeat;
1612 1828 1648 1888 nt
1668 1823 1822 1905 quidquid
1836 1822 2057 1902 dmidmcmus,
2080 1822 2122 1886 ad
2138 1842 2209 1889 eum

200 1910 327 1994 penitus
348 1909 493 1991 afficiant.
540 1906 667 1972 Primis
687 1908 858 1989 exemplum
879 1914 937 1986 est,
959 1910 1036 1975 darn
1056 1915 1179 1992 reputa-
1230 1915 1300 1975 octa
1326 1915 1433 1974 masma
1458 1910 1645 1992 respiciant‚·
1672 1910 1880 1990 cuiusmnque
1906 1909 1953 1973 rei
1978 1909 2114 1990 [ructum
2136 1928 2208 1990 per-

207 2015 278 2061 rnns
299 1995 407 2075 quanti
432 1994 529 2075 fuerit
549 1995 693 2075 artifice,
720 1993 799 2059 horu
823 1995 982 2059 stelbxrum
1006 1995 1180 2061 multitudi·
1231 1996 1372 2078 cipimus,
1394 1996 1464 2061 eius
1483 2016 1549 2061 esse
1570 1995 1745 2077 beneficium
1767 2013 1978 2078 cqnosccmus,
2000 2000 2028 2062 ct
2049 2014 2117 2058 oum
2135 2014 2208 2076 qra-

208 2102 286 2159 nem,
306 2101 384 2160 quae
405 2081 440 2144 in
461 2079 536 2144 coelo
557 2084 609 2158 est,
632 2085 696 2142 tarn
714 2078 866 2161 disposita
885 2082 965 2145 serie
985 2082 1131 2147 ordinare
1153 2085 1180 2146 et
1231 2084 1349 2147 tiorum
1377 2082 1792 2163 ccticneprcfiteamur31d
1820 2085 1907 2145 tanta
1933 2079 2077 2144 bonitatis
2098 2099 2135 2144 ce
2162 2078 2209 2144 be·

209 2171 329 2249 optare,
361 2170 396 2228 ut
422 2164 503 2229 niihil
530 2166 695 2249 eccoqitari
721 2167 822 2246 possit
848 2171 970 2248 amedu
995 2168 1180 2248 spedonam
1230 2168 1393 2251 niqrnitctis
1413 2169 1566 2233 siccitate
1586 2166 1691 2246 illecti,
1713 2166 1818 2247 ipsum
1837 2171 1896 2231 toto
1911 2169 2031 2248 pectere
2052 2186 2159 2230 amare
2180 2169 2208 2231 et

210 2253 293 2317 alias
317 2253 363 2316 ita
392 2251 525 2315 inserere
546 2255 573 2315 et
594 2250 720 2333 cffiqere
740 2253 810 2316 suis
837 2252 1035 2332 emanans,
1062 2257 1097 2317 ut
1116 2273 1179 2317 mo
1231 2253 1325 2319 coiere
1344 2254 1532 2319 studeamus.

208 2339 273 2402 veri
299 2343 464 2418 nequeant,
492 2336 568 2401 aliis
595 2336 767 2400 liberiorem
786 2357 912 2402 cursum
933 2339 1103 2418 concedere,
1126 2338 1180 2403 sed
1317 2343 1368 2404 49.
1415 2339 1523 2422 Neque
1550 2337 1604 2404 hoc
1618 2335 1880 2420 praetereundum
1901 2342 1959 2415 est,
1987 2337 2069 2418 quod
2090 2341 2207 2401 croam

207 2425 265 2502 ita,
288 2428 321 2486 ut
347 2423 479 2487 erra>ndo
498 2443 559 2486 non
579 2423 664 2486 ultra
684 2422 821 2503 spatium
849 2429 1012 2507 vaqentur;
1041 2426 1180 2489 omnium
1230 2426 1279 2490 ris
1307 2425 1479 2496 adscribere
1507 2424 1645 2488 immines
1670 2423 1759 2507 mdqo
1778 2421 1886 2500 solent,
1915 2423 1974 2486 istc
1996 2422 2089 2505 clcqic
2111 2423 2209 2489 unius

205 2513 318 2573 mdum
339 2508 383 2573 ita
405 2514 587 2590 temperare,
608 2513 643 2571 ut
663 2507 730 2572 dies
750 2513 777 2572 et
797 2513 911 2588 noctes,
932 2530 1059 2589 menses,
1081 2530 1180 2575 annos
1230 2511 1295 2576 Dei
1316 2512 1426 2576 virtrdi
1458 2510 1562 2576 tribui.
1612 2508 1700 2575 Nom
1725 2528 1821 2590 quum
1850 2508 1955 2573 omnic
1977 2507 2015 2571 ab
2046 2509 2113 2588 ipsc
2135 2509 2207 2587 sint,

205 2596 329 2659 dccccvi
350 2600 485 2675 tempora
506 2595 668 2671 metiatur;
690 2593 818 2658 etham
839 2616 968 2676 qrmqree,
991 2616 1086 2676 quam
1107 2616 1179 2677 quo-
1231 2603 1351 2662 tantum
1371 2596 1481 2663 habent
1506 2596 1623 2680 viqoris
1644 2599 1671 2660 et
1692 2594 1862 2677 efficaciae,
1890 2597 2041 2675 quantum
2063 2593 2116 2657 ille
2137 2592 2208 2658 sub·

204 2681 279 2745 tidie
299 2682 467 2757 cernimus,
491 2680 740 2761 inaequalitatem
760 2682 898 2760 alierum,
926 2682 968 2746 cd
989 2682 1049 2746 tale
1068 2687 1180 2764 tempo·
1232 2683 1407 2762 ministrat,
1432 2688 1460 2747 et
1489 2685 1607 2748 cdecs
1625 2683 1748 2748 danum
1775 2679 1908 2744 actionus
1928 2679 1993 2743 virn
2013 2698 2105 2769 suam
2126 2699 2208 2743 avse-

203 2772 376 2831 rcmentnrn
403 2767 553 2849 rediqm,
580 2771 615 2829 ut
639 2764 721 2830 nihil
746 2766 936 2848 confusionis
962 2767 1079 2832 habeat.
1124 2766 1179 2832 Sic
1230 2774 1320 2849 runt,
1340 2770 1383 2835 ad
1403 2790 1483 2851 quas
1501 2770 1570 2833 eius
1590 2789 1687 2833 nianu
1708 2767 1896 2849 diriquntur.
1947 2763 2115 2844 Utrumque
2136 2762 2208 2829 dili·

204 2853 279 2916 dum
294 2852 464 2931 potentiam
485 2851 695 2930 observamus,
723 2853 757 2916 in
783 2853 965 2917 sustinenda
984 2857 1070 2917 tanta
1091 2852 1177 2932 onie,
1228 2859 1332 2938 quater
1363 2855 1548 2934 notaridum,
1581 2875 1619 2919 ev
1648 2875 1682 2918 se
1710 2851 1790 2918 viilul
1823 2851 1932 2916 habere
1958 2850 2082 2913 cristatis
2109 2848 2208 2913 εῐῑεεε

203 2938 238 3001 in
261 2942 323 3000 tarn
342 2937 430 3000 celeri
447 2938 579 3002 coelestis
595 2937 755 3002 machinae
771 2938 952 3004 volutatione
967 2939 1177 3022 qrcbernanda,
1231 2946 1419 3019 uenturam,
1451 2945 1478 3005 et
1506 2961 1585 3023 quae
1611 2938 1747 3023 sinqrdis
1778 2937 1881 3003 indita
1909 2941 1954 3001 est
1973 2937 2074 3000 virtus
2095 2956 2132 2999 ea
2153 2955 2209 2999 na

204 3028 231 3087 et
259 3022 424 3086 similibus.
474 3023 561 3088 Haec
589 3024 671 3089 eriim
692 3025 832 3104 paucula
858 3025 997 3107 aranda
1023 3026 1102 3089 satis
1129 3025 1179 3090 dc-
1230 3032 1320 3091 turae
1335 3027 1533 3110 proprietate,
1557 3046 1625 3090 eam
1644 3024 1813 3108 qubermari
1834 3022 1898 3088 Dei
1920 3027 1998 3087 natu
2020 3025 2046 3085 et
2067 3019 2206 3101 arbitrio,

204 3109 326 3172 clarent
352 3108 428 3188 quid
459 3109 501 3172 sit
522 3109 587 3175 Dei
613 3110 741 3174 mrtutes
768 3111 804 3174 in
832 3112 942 3176 mundi
962 3112 1112 3176 creaticm
1132 3131 1179 3175 rc-
1230 3118 1259 3178 et
1280 3114 1315 3177 in
1335 3133 1424 3194 quem
1445 3113 1548 3176 visum
1569 3116 1613 3176 est
1633 3131 1735 3190 usum,
1757 3110 1816 3175 huc
1837 3109 1912 3175 illuc
1928 3108 2017 3189 flecti.
2053 3105 2134 3172 Surit
2151 3106 2209 3190 iqi-

204 3213 384 3276 acquescere.
434 3193 563 3276 Alioqui
595 3197 625 3260 si
654 3200 746 3260 totam
774 3217 853 3274 rem,
876 3202 910 3260 ut
931 3197 1015 3277 divi,
1043 3197 1179 3262 oratione
1230 3204 1282 3264 tur
1308 3203 1466 3263 creaturae
1497 3197 1579 3261 nidd
1605 3197 1694 3262 aliud
1720 3216 1815 3278 quam
1847 3196 2065 3272 instrumenta,
2097 3191 2208 3274 quibus

199 3280 345 3362 persequi
373 3277 476 3358 libeat,
503 3281 608 3344 roudus
634 3283 692 3346 erit
714 3283 830 3346 modus.
884 3283 1012 3364 Qrvcnda
1039 3288 1079 3347 tot
1107 3287 1180 3347 aa
1230 3284 1321 3350 Deus
1341 3282 1517 3348 naturalem
1533 3283 1717 3364 potentiam,
1733 3303 1794 3363 pro
1817 3280 1940 3346 arbitrii
1962 3281 2015 3344 sui
2037 3279 2139 3358 rrrcdc,
2160 3279 2209 3343 in·

205 3366 330 3430 divina-e
350 3366 504 3444 potentiae
530 3368 696 3446 miracula,
723 3372 764 3431 tot
790 3369 930 3451 insiqnic
946 3369 1109 3448 ¹bonitatis,
1138 3372 1179 3434 tot
1230 3371 1336 3450 stillat,
1359 3374 1387 3434 ct
1407 3389 1476 3434 ecm
1491 3369 1596 3451 ipsam
1617 3369 1695 3451 reqit
1716 3372 1743 3432 et
1763 3367 1906 3433 concert-it
1927 3366 1970 3430 ad
1991 3385 2045 3428 eas
2066 3365 2207 3443 actiones,

204 3452 376 3533 capania
398 3451 587 3531 documenta,
617 3458 688 3534 quot
708 3459 779 3518 sunt
801 3455 835 3518 in
855 3456 970 3520 mundo
991 3475 1095 3520 rerum
1112 3475 1180 3538 spe·
1231 3458 1273 3523 ad
1292 3477 1373 3538 quas
1399 3455 1571 3519 destinavit.
1623 3453 1755 3519 Nullius
1782 3457 1941 3517 creaturae
1966 3448 2142 3514 mirabilior
2161 3448 2208 3513 vel

205 3539 274 3615 cies,
297 3538 358 3599 imo
380 3541 449 3617 quot
470 3542 621 3617 scotres,
644 3539 689 3603 vel
710 3561 840 3624 maqnce
861 3541 908 3605 cel
928 3542 1065 3624 iniquae.
1229 3542 1383 3608 illustrior
1404 3541 1452 3605 cis
1473 3545 1524 3620 est,
1545 3561 1640 3621 quam
1660 3540 1744 3604 solis.
1780 3538 2005 3618 Praeterquam
2026 3536 2108 3599 enim
2126 3533 2208 3616 quod

291 3627 343 3686 48.
389 3622 496 3686 Restat
518 3623 614 3687 altera
629 3646 720 3705 pars,
742 3648 820 3707 quae
838 3628 913 3708 pillei
929 3629 1031 3710 nmqis
1041 3627 1180 3709 pectilia·
1230 3633 1325 3693 toturn
1345 3626 1446 3693 orbem
1466 3626 1624 3691 illuminat
1645 3645 1702 3689 suo
1720 3624 1856 3707 fulqore,
1879 3627 2028 3704 quautam
2048 3620 2131 3686 illud
2152 3624 2206 3700 est,

204 3710 252 3773 ris
273 3713 366 3772 estet
381 3709 532 3789 propria,
552 3713 595 3788 ut,
618 3710 693 3774 dum
714 3714 990 3778 animadvertimus
1011 3714 1047 3777 in
1068 3713 1179 3777 bonurn
1231 3713 1312 3796 quod
1332 3712 1484 3779 animalia
1508 3712 1614 3777 omnia
1634 3731 1692 3776 suo
1713 3710 1811 3775 calere
1830 3709 1909 3790 fovet
1928 3727 1966 3773 ac
1984 3706 2121 3790 ceqetat?
2149 3710 2208 3772 ter·

205 3815 242 3860 ac
262 3793 392 3858 salutem
408 3798 546 3858 nostram
562 3794 665 3859 Deum
687 3800 791 3863 conda
816 3799 998 3878 destinasse,
1027 3799 1123 3864 sirum
1143 3800 1180 3863 in
1230 3822 1286 3865 rae
1310 3799 1542 3882 foecunditatem
1569 3798 1639 3862 suis
1666 3797 1769 3862 radiis
1791 3794 1951 3876 inspirat?
1981 3791 2152 3859 sernirribns
2173 3791 2208 3857 in

204 3879 291 3944 nobis
312 3880 406 3962 ipsis,
435 3881 577 3946 citantis
598 3901 676 3962 qnae
697 3885 733 3947 in
753 3905 809 3949 uas
837 3885 962 3949 contidit
982 3885 1085 3966 bonis,
1111 3905 1180 3951 oon
1231 3887 1300 3951 eius
1323 3885 1439 3970 prenuo
1471 3883 1641 3966 tepefadis,
1670 3881 1887 3948 herbescentem
1915 3880 1987 3944 inde
2018 3877 2208 3943 viriditatem

203 3965 388 4047 ternplcmar
413 3966 516 4047 ipsius
535 3969 705 4048 potentiam
732 3974 760 4034 et
782 3973 933 4054 qratiam,
961 3971 1033 4035 inde
1061 3991 1117 4036 nos
1138 3971 1180 4035 ad
1231 3971 1337 4036 elicit?
1363 3991 1457 4053 quam
1486 3970 1575 4034 civois
1602 3968 1760 4034 alimentis
1785 3966 1947 4049 mffnltcrn
1972 3969 2063 4048 anqct
2083 3984 2121 4028 ac
2142 3983 2208 4030 con·

204 4053 308 4134 ipsius
327 4052 490 4133 fiduuam,
512 4054 744 4134 invocationem,
767 4056 897 4136 lamlem,
920 4077 1055 4122 cruorem
1074 4057 1180 4123 eante·
1229 4059 1349 4141 firmat,
1377 4057 1470 4123 donec
1489 4057 1525 4119 in
1547 4055 1662 4121 onlnem
1688 4052 1858 4138 assnrqct?
1885 4051 1966 4134 qnod
1987 4055 2135 4133 perpetuo
2155 4070 2208 4114 oa·

204 4159 284 4202 mus.
329 4136 430 4202 Porro
461 4140 567 4203 omnia
597 4160 629 4205 se
655 4139 788 4206 luminis
816 4163 913 4209 cama
941 4143 1079 4222 madae,
1111 4145 1179 4225 ipso
1227 4145 1431 4228 pvrepascit,
1453 4141 1543 4207 donoc
1564 4142 1731 4221 inflorata,
1754 4144 1836 4206 elev
1853 4138 1929 4219 flore
1945 4138 1981 4201 in
1995 4138 2118 4220 fraqam
2135 4133 2231 4199 ada-⁴

205 4223 331 4288 meandi
352 4223 458 4288 ordine
478 4225 695 4291 demonstravit
715 4228 782 4309 ipse
803 4228 968 4294 Dominus.
1004 4228 1076 4293 Nm
1097 4229 1180 4294 enim
1231 4230 1347 4297 leseat?
1377 4227 1458 4311 quod
1488 4232 1560 4292 tunc
1586 4228 1680 4292 etiarn
1711 4224 1898 4307 excoquendo
1926 4224 1968 4288 ad
1999 4222 2207 4287 maturitatem

204 4310 261 4375 abs
287 4330 321 4374 re
347 4314 403 4388 cst,
431 4311 512 4391 quod
537 4312 649 4376 mundi
672 4313 825 4394 fabricmn
851 4316 885 4379 in
906 4336 961 4380 sec
981 4315 1048 4380 dies
1072 4314 1181 4379 distri·
1226 4316 1396 4402 medacii
1422 4315 1503 4396 quod
1530 4312 1654 4379 arbores
1678 4313 1824 4378 similiter
1851 4315 1879 4376 et
1903 4310 1980 4375 vites
2004 4307 2042 4373 ab
2069 4327 2101 4370 ec
2130 4310 2207 4387 tepe-

205 4396 285 4473 buit,
306 4415 403 4476 quum
423 4394 521 4460 nihilo
542 4397 706 4480 difficilius
726 4405 814 4479 esset,
836 4422 898 4466 uno
915 4406 1060 4466 momento
1085 4406 1180 4466 totmn
1229 4405 1330 4486 factae
1348 4401 1546 4485 fraudescunt
1561 4400 1718 4482 primum,
1746 4397 1855 4464 danda
1872 4396 1980 4476 dmm
2003 4390 2156 4488 cacillant,
2179 4394 2207 4477 ti

204 4501 285 4562 opus
303 4481 398 4545 umal
418 4481 561 4547 mucimus
582 4485 721 4566 uunuris
741 4485 894 4567 complere,
915 4508 1011 4569 quam
1026 4486 1180 4552 eiusmodi
1231 4511 1269 4555 ea
1286 4489 1363 4570 [ivre
1380 4489 1518 4571 fructum
1537 4485 1706 4570 pencrant?
1750 4483 1795 4549 At
1816 4483 1989 4561 Dominus,
2017 4481 2052 4542 ut
2073 4474 2207 4540 solidam

199 4567 415 4664 prcqrcssione
440 4569 556 4633 sensim
577 4570 620 4635 ad
636 4571 882 4670 complementum
903 4573 1073 4655 pervenire.
1123 4571 1180 4637 Vc
1231 4576 1342 4641 honum
1362 4575 1500 4639 annium
1521 4572 1645 4638 landem
1665 4569 1727 4637 sibi
1747 4569 1932 4668 meduana,
1962 4566 2030 4629 ante
2057 4566 2084 4625 et
2109 4559 2207 4626 lacem

204 4658 1180 4826 mauraneuvznvevmaqvam
1229 4661 1502 4830 {blihildis
1520 4653 2023 4824 tttltttttdbtbf‘
2040 4648 2208 4832 illst

204 4825 320 4889 minem
335 4824 468 4908 demeret,
489 4827 644 4908 quidquid
663 4829 738 4894 utile
755 4829 804 4894 illi
825 4849 862 4894 cc
883 4829 1021 4894 salutare
1036 4830 1180 4913 provido
1231 4832 1323 4896 solem
1343 4832 1438 4913 faciet
1452 4832 1532 4912 pias
1550 4830 1637 4894 honio
1654 4829 1701 4893 vel
1712 4824 1921 4908 principalem
1936 4821 1982 4885 cel
1999 4839 2207 4884 necessariam

205 4909 256 4977 lai
275 4910 355 4992 scre,
383 4911 418 4974 ‘ld
439 4915 533 4975 uram
554 4917 766 4996 praeparavit.
813 4916 953 4998 Quautere
972 4935 1054 4980 nuuc
1074 4916 1180 4998 iuqra·
1231 4939 1336 4982 eorum
1357 4937 1500 4996 causam,
1523 4936 1602 4996 qnae
1624 4914 1692 4978 ante
1712 4913 1788 4976 solis
1809 4909 1989 4974 creationem
2011 4905 2206 4986 castitaunt;

205 4995 349 5078 tihalinis
372 4996 465 5078 fuet,
493 4997 634 5064 dubitare
662 5022 705 5064 an
731 5000 803 5067 hnic
831 5002 943 5083 optimo
969 5001 1060 5083 patri
1087 5021 1180 5065 murac
1231 5004 1285 5068 sed
1306 5003 1543 5067 instrumentum
1563 5001 1716 5066 dcrntacct
1737 5017 1795 5078 quo
1815 4996 1914 5059 utitur
1935 4992 2038 5069 Deus,
2062 4991 2140 5074 quia
2160 4990 2207 5059 ita

205 5082 314 5159 simus,
336 5102 425 5161 quem
445 5082 585 5148 videmus
602 5086 639 5150 de
654 5086 750 5166 nobis,
766 5088 958 5169 prinsquam
973 5107 1178 5166 nasceremur,
1232 5089 1311 5167 mlt5
1342 5109 1438 5168 queem
1459 5087 1574 5171 possit,
1595 5106 1628 5149 ec
1649 5083 1829 5166 praeterito,
1854 5101 1914 5162 per
1935 5099 1967 5143 se
1988 5080 2092 5160 iqrsnm
2109 5074 2207 5142 nihilo
2335 5179 2339 5187 ἱ

203 5168 304 5248 fuisse
324 5167 512 5232 sollicitum?
558 5171 659 5250 ρεαεε
679 5173 812 5254 impium
832 5178 909 5238 esset
926 5173 1103 5254 diffidentia
1121 5178 1179 5238 tre·
1231 5174 1394 5257 difficilius
1414 5196 1435 5239 a
1455 5195 1511 5239 ere.

200 5253 328 5334 pidare,
360 5273 398 5317 ne
418 5253 586 5336 aliquando
611 5273 666 5321 nos
691 5259 727 5323 iu
747 5260 922 5325 namsitme
948 5259 1093 5324 destdum
1111 5259 1179 5324 eicos
1320 5264 1369 5325 50.
1439 5281 1491 5327 aec
1508 5259 1575 5324 sola
1592 5255 1730 5341 capitatio
1747 5252 1878 5319 liberare
1894 5272 1949 5317 nos
1960 5253 2207 5335 potestasuper-
