4770 6030
196 333 258 394 eao
659 326 757 394 car.
780 326 861 391 ΧΠ.
885 324 1015 410 (unu)
1057 326 1122 391 ua
1144 325 1410 390 umaauauu
1433 321 1728 391 caelamina.
1755 318 1767 331 ·
2081 294 2087 307 '
2133 327 2195 389 seo

193 442 352 599 ididaii
365 427 621 598 inssiiaiissrifia
636 513 1029 598 ipsiasiuprctitudiuem?
1045 514 1168 593 quaudo
1220 513 1313 594 impii
1342 511 1480 576 lomim
1511 511 1569 576 bac
1590 516 1682 593 parte
1709 511 1902 594 simplicium
1935 514 2056 577 caimos
2093 513 2197 594 cropi-

195 603 308 668 iterum
340 602 426 681 eald,
454 607 581 684 propter
612 621 704 666 acam
729 600 978 666 misericadium
1005 597 1170 664 restituat?
1220 603 1294 676 taut,
1315 602 1351 661 ut
1372 599 1420 663 cel
1440 597 1504 662 Dei
1525 598 1688 677 iustitiam,
1711 597 1757 661 cel
1778 599 1952 679 scripturae
1971 599 2063 679 fidem
2084 599 2119 662 ia
2140 597 2197 661 dtr·

203 688 352 754 Vadatur
373 707 457 771 erpo,
478 688 576 752 nimis
596 688 744 788 indiguos
764 707 829 752 esse
850 686 1035 763 calumniae,
1057 684 1170 765 quibus
1221 684 1307 748 Mam
1327 687 1435 748 cocett
1777 722 1782 728 -

991 1063 1398 1073 *ψ-

808 1386 811 1393 ’
840 1421 1044 1507 curor
1074 1420 1506 1509 nuonscrucu.
1522 1419 1546 1503 ¹>

722 1609 815 1704 DE
842 1608 1218 1707 LIBERTATE
1246 1609 1665 1707 CHRISTIANA.

282 1805 308 1865 1.
359 1796 580 1864 Tractandum
611 1817 699 1861 nuno
731 1794 771 1859 de
800 1795 979 1859 christiam
1006 1795 1165 1874 libertate,
1219 1816 1355 1879 operum
1381 1795 1577 1885 cogitatione
1605 1797 1761 1879 seposita,
1790 1817 1890 1860 unam
1918 1797 1982 1861 Dei
2014 1798 2196 1864 misericor-

192 1887 284 1951 cuius
317 1885 489 1967 explicatio
520 1881 735 1965 praetermitti
768 1881 902 1944 minime
934 1881 974 1946 ab
1002 1902 1040 1945 eo
1072 1881 1169 1946 debet
1220 1881 1307 1945 dium
1330 1880 1480 1962 amplecti
1503 1883 1664 1961 convenit,
1687 1904 1788 1964 quum
1809 1882 1850 1947 de
1875 1883 2103 1948 iustificatione
2126 1886 2195 1969 agi·

192 1973 245 2037 cui
268 1992 430 2037 summam
452 1968 658 2052 evangelicae
679 1965 844 2031 doctrinae
868 1967 1057 2049 compendio
1079 1988 1167 2032 com·
1219 1974 1288 2045 tur,
1317 1974 1351 2031 et
1372 1987 1487 2031 averso
1516 1988 1536 2029 a
1558 1968 1651 2032 nobis
1673 1975 1806 2050 aspectu
1827 1990 1931 2033 unum
1952 1967 2122 2034 Christum
2143 1971 2195 2034 in-

191 2056 290 2139 plecti
318 2056 518 2139 propositum
547 2055 597 2119 sit.
648 2053 711 2117 Est
743 2052 830 2115 enim
859 2073 912 2116 res
940 2053 1086 2135 apprime
1109 2074 1167 2118 no-
1219 2053 1313 2117 tueri.
1357 2052 1432 2116 Non
1465 2053 1554 2116 enim
1579 2051 1646 2118 illio
1674 2056 1843 2135 quaeritur
1864 2053 2023 2137 quomodo
2052 2055 2129 2120 iusti
2151 2056 2195 2120 si-

191 2144 350 2220 cessaria,
378 2163 415 2207 ao
437 2141 520 2206 citra
549 2141 640 2205 emus
662 2137 881 2220 cognitionem
902 2137 987 2201 nihil
1006 2138 1075 2203 fere
1096 2138 1167 2203 sine
1218 2160 1309 2218 mus;
1331 2137 1389 2203 sod
1410 2137 1585 2220 quomodo,
1614 2139 1726 2203 iniusti
1748 2139 1816 2204 licet
1841 2161 1878 2205 ac
1899 2139 2042 2223 indigni,
2064 2162 2124 2223 pro
2144 2142 2195 2205 iu·

192 2227 394 2292 dubitatione
422 2225 557 2310 aggredi
589 2222 805 2290 eonscientiae
832 2222 966 2301 audent,
995 2224 1031 2287 in
1055 2223 1168 2290 multis
1218 2225 1279 2290 stis
1305 2223 1494 2289 habeamur.
1546 2223 1649 2289 Cuius
1676 2225 1724 2289 rei
1752 2226 2031 2290 sicertitndinem
2053 2226 2196 2309 aliquam
2284 2244 2288 2250 ·

191 2313 356 2379 haesitant
387 2320 421 2377 et
441 2312 605 2389 resiliunt,
634 2330 763 2391 semper
785 2310 917 2372 variant
938 2315 972 2374 et
992 2310 1165 2391 trepidant
1219 2311 1348 2392 assequi
1369 2309 1486 2375 volunt
1506 2310 1732 2389 conscientiae,
1755 2310 1884 2376 nullum
1904 2311 1971 2396 logi
1988 2311 2067 2376 dare
2087 2312 2195 2378 locum

193 2397 261 2464 Sed
282 2420 341 2464 nos
362 2399 543 2480 planiorem
565 2397 634 2460 eius
662 2393 913 2476 disputationem
936 2394 1029 2478 (nam
1052 2395 1168 2461 leviter
1219 2396 1347 2461 debent
1392 2395 1506 2478 Neque
1527 2396 1605 2461 hino
1626 2402 1714 2461 recte
1734 2397 1806 2479 quis
1828 2396 1960 2480 colligat
1987 2397 2094 2481 legem
2115 2398 2195 2464 fido-

192 2485 361 2567 aliquoties
383 2505 483 2567 supra
504 2504 524 2546 a
545 2482 638 2547 nobis
660 2486 782 2545 attacta
803 2477 866 2563 ost)
892 2481 927 2543 in
950 2479 1039 2546 hunc
1060 2481 1168 2546 locum
1218 2482 1304 2546 libus
1325 2502 1603 2563 supervacaneam
1625 2503 1710 2561 esse;
1738 2502 1818 2565 quos
1840 2502 1906 2546 non
1933 2481 2006 2546 ideo
2028 2482 2143 2549 docere
2163 2490 2196 2548 et

191 2572 377 2649 reiecimus;
400 2570 485 2652 quia,
508 2566 607 2632 simul
617 2567 646 2651 2)
658 2572 755 2648 atque
765 2566 885 2630 iniecta
897 2572 947 2631 est
957 2566 1065 2649 aliqua
1075 2588 1167 2631 men·
1219 2568 1388 2632 exhortari
1421 2574 1455 2632 et
1487 2567 1656 2633 stimulare
1689 2566 1731 2632 ad
1757 2568 1880 2632 bonum
1906 2567 2040 2645 desinit,
2064 2570 2195 2635 tametsi

188 2657 235 2720 tio
262 2656 460 2721 christianae
493 2653 666 2730 libertatis,
695 2652 741 2716 ibi
773 2656 831 2723 aut
862 2651 991 2717 fervent
1016 2652 1167 2718 libidines
1219 2653 1306 2735 apud
1327 2654 1391 2718 Dei
1412 2652 1558 2718 tribunal
1578 2654 1615 2717 in
1633 2674 1746 2718 eorum
1767 2650 1973 2719 conscientiis
1999 2652 2108 2718 locum
2129 2676 2195 2719 non

190 2750 248 2807 aut
273 2743 381 2807 insani
405 2748 514 2805 motus
537 2752 692 2822 surgrmt,
720 2738 784 2802 uisi
812 2743 939 2800 mature
960 2737 1091 2803 obviam
1112 2760 1167 2803 ea·
1219 2738 1326 2805 habet.
1370 2739 1463 2804 Haec
1486 2740 1574 2804 enim
1595 2739 1667 2818 duo,
1690 2745 1729 2803 ut
1744 2738 1848 2803 multo
1868 2737 2090 2804 diversissima
2107 2746 2193 2819 sunt,

190 2835 244 2891 tur
265 2829 396 2893 lascivis
416 2826 556 2909 ingeniis
585 2825 656 2889 istis
677 2844 760 2905 quae
782 2821 902 2905 alioqui
924 2824 1047 2906 optima
1068 2846 1166 2906 quae·
1217 2824 1265 2889 ita
1292 2824 1392 2906 probe
1421 2825 1657 2908 diligenterque
1683 2830 1808 2890 sunta
1837 2824 1931 2889 nobis
1954 2823 2193 2907 distinguenda

189 2934 252 2994 que
278 2914 418 2995 pessime
444 2917 666 2992 corrumpunt.
715 2908 845 2973 Partim
871 2910 974 2987 emm,
1008 2910 1106 2975 huius
1127 2910 1167 2974 li·
1218 2911 1302 2974 'Pota
1324 2908 1587 2975 Christianorum
1608 2911 1678 2975 vita
1699 2909 1860 2992 quaedam
1878 2911 2009 2993 pietatis
2026 2910 2194 2975 meditatio

188 2998 324 3063 bertatis
349 3005 537 3081 praetextu,
566 3016 698 3060 omnem
726 2993 790 3058 Dei
824 2993 1041 3059 obedientiam
1068 3016 1166 3061 excu-
1217 3017 1289 3061 esso
1311 2995 1422 3074 debet,
1444 2997 1599 3078 quoniam
1618 2997 1655 3060 in
1676 2996 1966 3062 sanctificationem
1987 2997 2094 3062 vocati
2117 3003 2195 3061 sunt

188 3084 276 3147 tiunt
297 3090 330 3147 et
350 3086 386 3147 in
404 3084 617 3148 effraenatam
635 3081 800 3147 licentiam
821 3101 856 3144 se
875 3081 1068 3162 proripiunt
1090 3102 1167 3163 par-
1218 3081 1319 3165 OEph.
1342 3086 1417 3160 1,4.
1447 3080 1595 3147 lThess.
1615 3086 1645 3161 4,
1664 3082 1709 3166 3).
1759 3081 1802 3146 In
1831 3080 1893 3147 hoo
1920 3083 2020 3147 situm
2042 3088 2092 3147 est
2112 3083 2195 3166 legis

189 3169 249 3232 tim
266 3169 424 3252 indignan
443 3191 491 3244 ur,
510 3173 662 3251 putantes
679 3187 809 3231 omnem
826 3165 1091 3245 moderationem,
1114 3188 1167 3231 or·
1217 3168 1376 3245 officium,
1399 3173 1437 3231 ut
1457 3188 1511 3232 eos
1534 3167 1632 3233 officii
1653 3169 1704 3232 sui
1725 3167 1928 3232 admonendo
1950 3167 1991 3232 ud
2013 3169 2195 3234 emanans

190 3254 308 3333 dinem,
332 3276 505 3336 rerumque
527 3253 689 3319 delectum
714 3251 794 3316 tolli.
835 3249 923 3330 Quid
945 3251 999 3318 hio
1021 3273 1166 3336 agamus,
1218 3259 1252 3317 et
1272 3253 1475 3318 innocentiae
1498 3252 1643 3318 studium
1664 3255 1793 3319 excitet.
1831 3254 1878 3318 At
1899 3254 1955 3318 ubi
1978 3254 2193 3320 conscientiae

189 3340 308 3405 talibus
332 3341 493 3423 angustiis
515 3337 745 3420 circumsepti?
790 3337 846 3401 An
868 3338 1048 3403 christiana
1069 3338 1167 3405 liber·
1219 3338 1450 3416 sollicitantur,
1483 3338 1642 3421 quomodo
1674 3341 1784 3405 Deum
1824 3339 1969 3404 habeant
2007 3341 2193 3422 propitium,

188 3433 256 3491 tate
275 3426 385 3491 valere
406 3427 495 3490 iussa
513 3423 700 3490 huiusmodi
720 3423 873 3505 periculis
891 3425 1165 3506 opportunitatem
1218 3424 1297 3507 quid
1318 3445 1533 3507 responsurae
1555 3426 1630 3504 sint,
1653 3432 1687 3490 et
1702 3424 1773 3509 'qua
1788 3423 1909 3490 fiducia
1926 3431 2140 3504 constaturus,
2164 3428 2192 3490 si

188 3510 436 3593 praecidamus?
480 3511 599 3593 Atqui,
628 3517 665 3574 ut
686 3508 809 3574 dietum
836 3515 900 3587 est,
929 3510 993 3574 nisi
1015 3531 1054 3574 ea
1075 3518 1165 3575 tene·
1219 3508 1262 3574 ad
1283 3510 1354 3575 eius
1375 3509 1532 3575 iudicium
1552 3511 1770 3593 postulentur:
1792 3510 1839 3575 ibi
1861 3531 1928 3574 non
1946 3510 2194 3577 subducendum

189 3606 252 3675 tur,
274 3619 334 3662 nec
352 3595 505 3661 Christus
527 3618 588 3661 nec
606 3595 769 3678 evangelii
787 3595 908 3659 veritas
926 3602 1013 3661 recte
1031 3617 1166 3679 cognos·
1218 3603 1268 3660 est
1290 3596 1368 3677 quid
1395 3596 1449 3660 lex
1477 3598 1635 3679 requirat,
1664 3597 1721 3662 sed
1753 3618 1838 3661 unus
1867 3595 2019 3661 Christus
2050 3617 2109 3679 pro
2142 3599 2193 3661 iu-

189 3685 281 3748 eitur.
325 3681 446 3747 Danda
467 3683 574 3764 potius
595 3702 702 3763 opera,
724 3701 766 3744 ne
788 3679 869 3744 adeo
889 3682 1073 3746 necessaria
1090 3681 1165 3747 doo-
1218 3682 1306 3747 stitia
1332 3681 1575 3764 proponendus,
1609 3684 1664 3765 qui
1692 3703 1823 3747 omnem
1850 3681 1932 3767 legis
1963 3682 2193 3764 perfectionem

189 3770 296 3833 trinae
313 3789 390 3851 pars
406 3767 636 3850 supprimatur,
655 3775 688 3830 et
700 3774 890 3831 occurratur
906 3773 1016 3833 tamen
1033 3768 1166 3832 interim
1217 3778 1358 3850 superat.
1726 3807 1728 3811 ι

189 3854 338 3920 absurdis
366 3854 432 3918 illis
459 3852 691 3918 obiectionibus
712 3866 795 3934 quae
823 3852 899 3916 indo
921 3853 1031 3918 enasci
1051 3853 1164 3918 solent.
1305 3857 1333 3917 3.
1388 3853 1430 3917 In
1464 3853 1525 3920 hoc
1557 3853 1689 3919 cardine
1728 3860 1833 3917 totum
1861 3853 1929 3918 fere
1963 3862 2194 3936 argumentum

275 3944 303 4004 2.
349 3939 540 4004 Christiana
572 3938 705 4003 libertas
739 3938 774 4001 in
801 3938 907 4003 tribus
935 3937 988 4022 (ut
1012 3960 1073 4022 epo
1093 3941 1165 4022 qui-
1216 3938 1372 4022 epistolae
1398 3938 1440 4004 ad
1468 3939 1606 4005 Galatas
1634 3940 1781 4005 vertitur.
1832 3939 1920 4004 Nam
1952 3939 2092 4005 insulsos
2123 3961 2193 4006 csso

189 4024 263 4089 dem
291 4023 411 4109 sentio)
441 4024 588 4107 partibus
616 4024 679 4088 sita
699 4031 757 4087 ost.
801 4023 930 4101 Prima,
960 4032 999 4088 ut
1018 4024 1165 4089 fidelium
1216 4025 1411 4106 interpretes
1437 4027 1493 4108 qui
1517 4024 1632 4091 docent
1653 4025 1796 4090 Paulum
1822 4025 1859 4088 in
1881 4046 1920 4089 ea
1947 4046 2007 4107 pro
2029 4047 2193 4091 caeremo-

128 4180 131 4193 ,
188 4111 417 4189 conscientiae,
447 4109 665 4178 dumfiduoia
687 4129 765 4173 suae
787 4129 896 4174 coram
916 4110 989 4174 Deo
1010 4111 1165 4176 iustifica·
1216 4111 1347 4174 nicrum
1379 4118 1508 4176 tantum
1540 4110 1690 4176 libertate
1715 4132 1760 4193 pu
1828 4132 1880 4189 re,
1915 4132 1956 4175 ex
1988 4109 2067 4177 locis
2095 4133 2193 4194 argu·

188 4196 286 4259 tionis
315 4196 500 4277 quaerenda
521 4203 586 4274 est,
618 4217 688 4260 seso
717 4214 816 4276 supra
837 4196 944 4279 legem
965 4197 1095 4280 erigant
1116 4204 1165 4261 ot·
1216 4209 1403 4260 mentorum
1428 4196 1558 4279 probari
1587 4202 1701 4279 potest.
1785 4196 1874 4261 uales
1903 4196 1958 4260 isti
1985 4204 2074 4261 sunt:
2106 4196 2193 4278 quod

189 4303 251 4363 que
274 4282 425 4360 efferant,
448 4289 613 4362 totamque
635 4281 718 4364 legis
741 4280 899 4344 iustitiam
921 4281 1161 4347 obliviscantur.
1216 4280 1370 4347 Christus
1395 4282 1502 4348 factus
1530 4283 1574 4347 sit
1598 4303 1657 4364 pro
1680 4283 1773 4347 nobis
1795 4283 1989 4360 exsecratio,
2013 4288 2051 4346 ut
2071 4302 2129 4345 nos
2150 4281 2191 4347 ab

188 4366 275 4431 Nam
298 4388 398 4449 quum
420 4367 484 4444 lex,
507 4374 545 4430 ut
566 4366 643 4430 alibi
664 4367 731 4429 iam
749 4363 1007 4431 demonstratum
1025 4374 1084 4445 est,
1107 4389 1165 4432 ne·
1216 4368 1437 4432 exsecratione
1465 4368 1547 4451 logis
1568 4367 1744 4432 redimeret
1771 4367 1860 4450 (Gal.
1881 4371 1909 4447 3,
1932 4367 1994 4453 13).
2035 4367 2133 4430 Item:
2155 4368 2189 4430 in

187 4453 308 4516 minem
330 4453 454 4516 iustum
476 4452 655 4533 relinquat:
680 4459 737 4515 aut
758 4451 798 4515 ab
821 4454 909 4516 omni
930 4472 988 4535 spe
1009 4453 1164 4519 iustifica-
1215 4452 1366 4519 libertate
1387 4475 1452 4536 qua
1469 4451 1622 4518 Christus
1643 4476 1703 4519 nos
1723 4453 1877 4520 liberarit
1893 4460 1986 4530 state,
2009 4459 2100 4517 etue
2118 4474 2190 4516 rur·

187 4537 286 4603 tionis
308 4537 521 4613 excludimur,
545 4543 603 4602 aut
621 4536 663 4602 ab
684 4536 742 4600 illa
764 4558 823 4601 nos
841 4537 924 4602 solvi
945 4546 1079 4620 oportet
1114 4540 1185 4604 Aca
1215 4559 1271 4603 sus
1303 4540 1380 4623 iugo
1408 4539 1575 4604 servitutis
1601 4539 1826 4622 implicemini3
1859 4560 1947 4616 ecce,
1978 4558 2038 4621 ego
2064 4537 2190 4602 Paulus

187 4623 383 4706 sicquidem
406 4633 443 4687 ut
464 4622 556 4687 nulla
575 4644 709 4705 prorsus
732 4644 866 4704 operum
889 4622 972 4687 ratio
995 4624 1162 4689 habeatur.
1216 4623 1296 4702 dieo,
1319 4624 1348 4690 si
1369 4623 1658 4704 circumcidamini,
1682 4624 1835 4690 Christus
1856 4624 1948 4690 vobis
1969 4622 2052 4687 nihil
2073 4622 2190 4707 prode-

186 4708 274 4772 Nam
296 4709 351 4791 qui
373 4709 427 4774 vel
448 4708 615 4774 tantillum
636 4729 771 4791 operum
793 4730 829 4773 sc
851 4709 968 4773 afferre
987 4709 1104 4775 debere
1121 4708 1164 4774 ad
1215 4710 1274 4787 rit;
1297 4712 1406 4794 etqui
1428 4711 1670 4777 circumciditur
1687 4710 1813 4776 debitor
1834 4717 1884 4774 est
1900 4709 2072 4772 universae
2092 4707 2205 4792 legisz'

188 4794 398 4859 obtinendam
418 4796 576 4860 iustitiam
596 4795 727 4878 cogitat,
750 4816 816 4859 non
833 4800 940 4877 potest
956 4795 1088 4858 modum
1108 4802 1165 4860 aut
1215 4794 1368 4860 Christus
1391 4797 1482 4862 vobis
1504 4797 1626 4861 otiosus
1653 4797 1771 4875 farctus3
1799 4797 1982 4877 quicunque
2003 4815 2062 4875 per
2082 4794 2190 4877 legem

187 4880 287 4944 finem
314 4882 416 4962 praefi
440 4903 510 4960 ere;
538 4878 596 4944 sed
624 4879 803 4945 debitorem
830 4881 1003 4946 universae
1025 4882 1164 4965 legisse
1214 4881 1451 4960 iustificamini‚
1486 4903 1506 4945 a
1538 4884 1644 4966 gratia
1672 4881 1837 4946 excidistis
1871 4879 1962 4964 (ibid.
1990 4884 2018 4957 5,
2041 4884 2055 4943 1
2076 4879 2188 4963 seqq).

187 4967 364 5030 constituit.
415 4904 554 5032 {ublate
580 4966 681 5049 igitur
708 4965 791 5049 legis
812 4967 991 5046 mentions,
1021 4973 1055 5031 et
1075 4968 1164 5031 omni
1216 4964 1344 5046 Quibus
1384 4976 1470 5032 certe
1510 4967 1632 5048 aliquid
1672 4967 1843 5031 sublimius
1875 4965 2059 5031 continetur
2091 4986 2190 5048 quam

1215 5053 1494 5117 caeremoniarum
1532 5052 1675 5117 libertos.
1732 5051 1887 5133 Equidem
1917 5052 2015 5131 fateor
2049 5049 2203 5115 Paulam·

1215 5137 1281 5201 illic
1313 5138 1350 5202 cle
1378 5138 1577 5202 murmontis
1605 5142 1750 5216 tractore,
1778 5139 1854 5219 quic
1888 5138 1940 5201 illi
1966 5157 2036 5200 cum
2057 5137 2190 5219 pseudo-

256 5237 287 5304 1)
306 5238 450 5294 Eetionis
467 5257 493 5292 a.
512 5238 581 5291 1539
601 5238 665 5306 Gap.
686 5237 777 5292 Χ111.
848 5238 879 5306 t)
895 5241 988 5293 statim
1007 5238 1082 5292 1539.
1199 5223 1364 5305 ‘apostolis
1385 5244 1497 5308 poprie
1519 5228 1576 5302 est,
1599 5224 1654 5306 qui
1675 5229 1789 5289 vaces
1809 5224 1885 5308 lepis
1906 5222 2046 5303 umbos,
2069 5222 2190 5288 Christi

189 5137 292 5146 0¹*-
