4732 6030
199 347 261 407 611
749 341 1083 429 6111111611.)
1127 343 1342 412 61116611
1362 342 1659 413 1111161116.
1866 277 1874 298 ’
2141 350 2208 414 616

198 455 564 527 1166661666.
2064 509 2066 512 .

198 534 385 598 aberratum
411 442 598 615 ignorantia
624 531 731 596 fuerit
783 533 910 597 Verum
938 553 1040 615 quum
1060 534 1175 600 Domi·
1227 533 1456 614 prolabantur,
1486 555 1618 600 rursum
1641 534 1792 599 renovari
1815 532 1857 598 ad
1878 535 2133 616 poenitentium,
2162 535 2205 602 ab

199 640 262 683 nus
284 619 320 682 in
342 617 427 701 lege,
456 617 521 681 alia
541 637 600 699 pro
622 616 793 698 expiandis
814 617 960 683 fidelium
982 619 1176 685 voluntariis
1227 619 1355 702 integro
1386 619 1614 704 crucifigentes
1641 619 1749 704 filium
1772 619 1839 684 Dei
1868 626 1903 684 et
1934 618 2075 684 ludibrio
2103 641 2206 705 expo-

199 705 356 789 peccatis,
384 703 449 767 alia
474 723 533 784 pro
560 703 754 785 ignorantiis
781 703 981 770 redimendis
1010 703 1176 771 mandarit
1227 711 1351 770 nentes.
1401 705 1487 770 Item
1516 706 1594 771 abbi
1618 700 1710 785 (ibid.
1732 708 1780 784 10,
1800 703 1866 790 26),
1897 705 1926 770 61
1954 705 2117 785 volentes,
2146 707 2204 787 ait,

200 790 311 855 offerri
329 789 501 855 sacrificia:
520 795 662 871 quantae
679 796 729 853 est
745 790 971 871 improbitatis,
991 790 1176 856 voluntario
1228 791 1472 871 peccaverimus
1493 798 1567 873 post
1587 797 1754 872 acceptam
1775 792 1928 856 notitiam
1949 792 2114 871 veritatis,
2137 813 2205 858 non

199 882 331 960 peccato
363 875 493 938 nullum
525 874 701 939 consedere
738 874 923 956 piaculum?
976 876 1060 940 Dico
1091 877 1176 940 nihil
1227 874 1315 940 ultra
1343 897 1402 959 pro
1428 878 1569 959 peccatis
1589 877 1715 959 reliqua
1736 883 1787 941 est
1816 877 1937 956 hostia3
1964 875 2023 941 sed
2050 877 2205 944 formida·

201 984 271 1028 esse
293 961 452 1045 apertius,
480 981 578 1042 quam
599 959 732 1025 unicum
753 960 879 1025 Christi
901 962 1097 1026 sacrificium
1117 984 1176 1028 16-
1227 960 1302 1024 bilis
1329 962 1489 1043 quaedam
1518 963 1716 1046 exspectatio
1746 961 1873 1039 iudicii,
1896 969 1956 1028 etc
2006 962 2054 1026 Hi
2075 983 2205 1045 quoque

200 1049 268 1113 1616
299 1047 341 1112 61
375 1046 570 1110 remittenda
600 1054 786 1110 sanctorum
814 1046 1001 1112 voluntaria
1027 1055 1173 1129 peccata:
1226 1045 1396 1127 looi‘sunt,
1419 1069 1461 1113 ex
1482 1070 1621 1132 quorum
1647 1069 1751 1132 prava
1777 1049 1996 1132 intelligentia
2016 1046 2205 1114 insaniendi

201 1132 331 1216 quando
358 1133 521 1196 Dominus
555 1131 739 1196 carnalibus
772 1132 902 1210 hostiis,
936 1132 1039 1196 veluti
1065 1134 1175 1217 signa·
1226 1133 1399 1198 materiam
1421 1133 1499 1199 clim
1521 1134 1697 1200 Novatiani
1725 1133 1919 1213 hauserunt;
1949 1155 2085 1216 quorum
2109 1153 2204 1217 aspe-

200 1219 292 1296 culis,
314 1218 348 1283 id
370 1225 526 1282 testatum
547 1217 631 1282 fecit
676 1217 806 1282 Deinde
827 1218 900 1299 quis
922 1219 963 1283 ab
989 1219 1176 1302 ignorantia
1227 1218 1325 1282 ritate
1352 1220 1468 1284 offensi
1491 1220 1573 1290 ¹boni
1595 1220 1729 1303 quidam
1750 1221 1829 1298 viri,
1854 1220 1939 1284 hanc
1961 1219 2205 1302 supposititiam

199 1304 364 1370 Davidem
391 1310 532 1381 excuset,
555 1309 843 1392 quem-tantopere
869 1311 997 1369 constat
1018 1304 1118 1370 fuisse
1139 1306 1174 1370 in
1226 1303 1396 1384 epistolam
1425 1305 1648 1385 crediderunt,
1675 1327 1758 1389 quae
1787 1306 1877 1369 omni
1905 1312 2080 1369 1611161161(
2109 1311 2204 1387 parte

199 1392 273 1474 lege
294 1387 479 1454 eruditum?
521 1389 576 1453 An
598 1389 762 1453 nesciebat
778 1388 888 1454 David
910 1396 1070 1472 quantum
1091 1391 1175 1455 soret
1226 1390 1438 1470 apostolicum
1469 1392 1623 1474 spiritum
1653 1412 1731 1456 vere
1763 1390 1896 1456 redolet.
1949 1388 2114 1471 Quoniam
2143 1411 2203 1456 au·

200 1477 353 1541 adulterii
375 1482 408 1539 et
429 1474 598 1539 homicidii
619 1475 752 1552 crimen,
775 1475 830 1557 qui
848 1475 990 1557 quotidie
1007 1476 1117 1557 ipsum
1137 1479 1174 1541 in
1226 1481 1294 1539 16111
1316 1477 1409 1542 nobis
1430 1478 1594 1542 eontentio
1615 1498 1683 1542 non
1704 1483 1770 1556 est,
1798 1477 1863 1541 nisi
1890 1498 1966 1541 cum
1986 1476 2028 1541 iis
2050 1477 2106 1559 qui
2128 1496 2204 1541 eam

200 1562 273 1626 aliis
295 1560 473 1643 puniebat?
519 1561 573 1624 An
594 1558 812 1624 fratricidium
832 1582 885 1625 res
905 1561 1052 1644 legitima
1071 1563 1174 1643 patri·
1226 1560 1472 1643 amplexantur,
1500 1563 1595 1628 facile
1617 1570 1667 1626 est
1689 1561 1874 1639 ostendere,
1897 1583 1996 1643 quam
2018 1561 2103 1625 nihil
2124 1561 2204 1627 illae

201 1648 310 1713 archis
330 1645 523 1711 videbatur?
567 1647 622 1709 An
648 1646 697 1709 ita
722 1645 807 1710 male
832 1648 1036 1729 proiecerant
1057 1646 1174 1712 061111-
1226 1649 1410 1712 sententiae
1444 1649 1591 1730 ipsorum
1628 1649 1852 1731 suffragentur
1886 1649 1997 1711 errori.
2049 1648 2204 1711 Primum

200 1733 279 1810 thii,
300 1741 340 1796 ut
359 1731 542 1808 lasciviam,
565 1732 800 1813 impuritatem,
824 1733 1067 1812 scortationem,
1090 1733 1173 1812 odia,
1225 1753 1356 1797 necesse
1389 1741 1453 1812 est,
1483 1735 1664 1816 apostolum
1692 1755 1768 1799 cum
1793 1734 1951 1816 magistro
1978 1753 2037 1798 suo
2066 1753 2203 1797 consen·

200 1819 422 1884 contentiones
443 1817 571 1900 placere
592 1817 664 1881 Deo
685 1817 861 1899 putarent?
894 1819 951 1883 An
967 1818 1087 1885 Petrus
1104 1826 1174 1884 tam
1225 1818 1302 1897 tire,
1325 1819 1381 1901 qui
1403 1841 1499 1884 omne
1526 1827 1695 1902 peccatum
1717 1827 1750 1884 ct
1769 1818 2008 1901 blasphemiam
2029 1819 2204 1883 remissum

98 1907 100 1915 ⁴
201 1904 376 1988 diligenter
402 1902 587 1967 admonitus
614 1902 787 1986 ignorabat
813 1906 928 1985 quanti
957 1912 1043 1969 esset
1061 1907 1173 1989 'magi-
1225 1903 1267 1968 iri
1293 1904 1449 1984 affirmat,
1479 1913 1614 1988 excepto
1640 1915 1772 1988 peccato
1801 1906 1836 1969 in
1866 1904 2018 1987 spiritum
2040 1911 2202 1983 sanctum,

198 1997 305 2056 strum
332 1988 481 2054 eiurare?
531 1989 621 2071 Ergo
649 1988 713 2052 Dei
738 1989 995 2068 misericordiae,
1024 1996 1093 2056 tam
1117 1993 1173 2057 be·
1225 1989 1310 2071 quod
1332 2011 1437 2073 neque
1458 1992 1495 2055 in
1518 1991 1580 2056 hoc
1600 1991 1745 2068 saeculo,
1773 2011 1878 2072 neque
1900 1991 1936 2053 in
1956 1990 2067 2053 futuro
2089 1989 2206 2053 remit-

198 2077 299 2159 nigne
332 2096 367 2139 se
399 2074 577 2152 exserenti,
616 2074 706 2139 viam
743 2082 855 2139 nostra
893 2076 1099 2160 malignitate
1130 2099 1173 2143 ne
1225 2075 1308 2139 titur
1340 2074 1474 2159 (Matth.
1502 2080 1557 2157 12,
1585 2075 1650 2159 31).
1705 2077 1794 2155 Hac,
1827 2078 1977 2158 inquam,
2011 2075 2204 2156 exceptione

198 2160 457 2244 praecludamus.
1225 2168 1414 2226 contentum
1435 2162 1578 2227 tuissea
1621 2161 1754 2241 stolum,
1783 2168 1908 2227 certum
1931 2166 2008 2240 est;'
2024 2160 2089 2224 nisi
2109 2158 2204 2226 volu·

286 2251 357 2310 215.
407 2244 570 2328 Equidem
596 2263 664 2308 non
691 2266 744 2309 me
772 2244 855 2310 latet
882 2253 1010 2312 veteres
1038 2249 1173 2332 scripto·
1224 2267 1299 2312 mus
1320 2248 1414 2311 illurn
1432 2242 1556 2331 gratiae
1603 2248 1701 2313 hristi
1718 2247 1944 2312 adversarium
1960 2248 2075 2312 faeere.
2104 2243 2204 2310 Unde

200 2354 261 2412 res,
283 2339 416 2416 peccata
437 2352 520 2413 quae
541 2331 684 2413 quotidie
705 2332 919 2403 remittuntur
940 2333 1100 2413 fidelibus,
1122 2336 1173 2400 in·
1225 2334 1408 2413 conficitur,
1437 2332 1477 2398 de
1499 2334 1567 2400 solo
1594 2335 1631 2397 in
1655 2333 1807 2414 spiritum
1824 2348 1979 2397 sanctum
1998 2337 2130 2414 peccato
2151 2331 2204 2395 in·

198 2425 392 2500 terpretatos
414 2438 494 2496 esse,
517 2438 600 2499 quae
621 2437 663 2480 ex
680 2417 872 2482 infirmitate
889 2420 997 2484 carnis
1014 2420 1174 2503 obrepunt
1225 2418 1454 2502 tclligendum,
1492 2419 1577 2503 quod
1610 2426 1748 2501 utroque
1786 2418 1856 2482 1666
1889 2417 1991 2482 dccet.
2049 2414 2147 2497 Quod
2173 2416 2204 2481 si

199 2504 322 2570 leviora
350 2511 459 2568 errata
465 2525 474 2582 ;
508 2503 744 2585 poenitentiam
775 2524 854 2568 vcro
881 2504 1062 2584 solennem,
1090 2528 1173 2589 quae
1225 2503 1306 2571 haec
1327 2505 1530 2570 ratiocinatio
1552 2505 1618 2570 illis
1638 2525 1705 2568 non
1726 2503 1854 2580 sufficit,
1877 2501 2047 2567 ostendam
2069 2502 2202 2567 demum

199 2609 258 2670 pro
280 2589 486 2674 gravioribus
507 2589 642 2671 flagitiis
663 2595 735 2651 tum
757 2591 958 2673 exigebatur,
981 2590 1047 2655 illis
1067 2593 1173 2657 visam
1226 2597 1259 2653 et
1280 2590 1350 2657 cius
1370 2593 1474 2657 verba
1495 2591 1560 2656 huc
1582 2591 1766 2657 convenire.
2101 2603 2105 2615 '

200 2697 357 2742 essenon
378 2676 485 2758 magis
506 2673 705 2753 iterandam,
727 2695 825 2756 quam
846 2677 1060 2758 baptismum:
1090 2699 1173 2760 quae
1312 2681 1383 2742 217.
1428 2677 1476 2743 Ut
1501 2687 1614 2742 tamen
1642 2677 1734 2757 prius
1767 2674 1850 2739 illud
1877 2672 2085 2754 expediatur,
2114 2670 2201 2754 quod

199 2762 364 2826 sententia
388 2781 455 2825 non
482 2761 531 2824 ita
556 2767 606 2826 est
627 2760 828 2842 accipienda,
856 2762 949 2844 quasi
971 2768 1029 2826 aut
1048 2765 1173 2845 praeci·
1226 2762 1270 2826 sit
1285 2770 1354 2828 tanr
1372 2763 1574 2828 horrendum
1594 2760 1751 2828 eiusmodi
1773 2760 1944 2843 flagitium,
1967 2757 2054 2841 quod
2074 2757 2202 2822 nnllam

198 2849 305 2930 pitare
326 2847 362 2911 in
384 2845 643 2928 desperationem
664 2846 836 2924 voluerint,
859 2848 915 2930 qui
938 2849 1081 2930 aprima
1098 2871 1174 2932 poe-
1225 2849 1450 2914 remissionem
1462 2848 1653 2914 habiturum
1670 2854 1728 2925 est,
1745 2867 1900 2928 quaerere
1917 2844 2078 2910 convenit.
2102 2839 2201 2922 Quod

199 2933 341 2998 nitentia
367 2933 487 2996 iterum
508 2931 713 3010 recidissent,
743 2940 800 2998 ant
825 2932 883 2997 illa
904 2940 1013 2998 errata
1034 2935 1172 3015 elevare,
1226 2935 1432 3018 Augustinus
1467 2935 1585 3000 alicubi
1619 2934 1735 2999 definit
1761 2933 1959 2997 obstinatam
1986 2929 2029 2993 ad
2060 2933 2201 2993 mortem

198 3018 335 3102 perinde
363 3024 459 3100 atque
490 3039 600 3084 coram
625 3018 698 3082 Deo
730 3018 838 3083 exilia.
895 3017 1053 3085 Sciebant
1084 3022 1174 3086 enim
1224 3040 1327 3104 usque
1350 3021 1581 3106 pervicaciam,
1609 3040 1684 3084 cum
1704 3019 1821 3084 veniae
1841 3016 2038 3094 diffidentia,
2060 3035 2127 3079 non
2148 3035 2202 3079 sae

198 3104 392 3169 infidelitate
418 3104 548 3187 saepius
575 3104 717 3169 titubare
740 3112 882 3185 sanctos,
912 3106 1097 3172 iuramenta
1119 3129 1174 3173 su·
1226 3107 1270 3171 tis
1289 3107 1430 3190 quadrat
1454 3106 1534 3187 ipsis
1558 3104 1686 3171 Christi
1711 3105 1836 3184 verbis,
1864 3124 1932 3168 non
1958 3102 2132 3167 remissum
2158 3098 2202 3166 iri

199 3211 362 3273 pervacua
383 3190 448 3254 illis
470 3189 637 3255 interdum
659 3190 824 3270 excidere,
853 3193 889 3255 in
915 3193 1001 3255 iram
1022 3214 1174 3257 nonnun-
1226 3194 1262 3257 in
1289 3193 1351 3259 hoc
1380 3193 1516 3259 saeculo.
1561 3191 1649 3257 Nam
1671 3196 1729 3256 aut
1751 3190 1812 3255 hoc
1835 3190 1959 3254 frustra
1981 3187 2115 3265 dicitur,
2143 3191 2202 3252 aut

199 3297 298 3359 quam
327 3276 498 3353 effervere,
527 3277 593 3341 imo
620 3297 833 3360 prorumpere
856 3276 897 3342 ad
924 3278 1098 3343 manifesta
1119 3301 1174 3344 us-
1225 3280 1260 3345 in
1282 3279 1345 3344 hac
1366 3280 1436 3345 vita
1457 3277 1616 3343 committi
1637 3283 1753 3359 potest.
1788 3274 1827 3342 Si
1854 3274 1938 3339 illud
1964 3294 2080 3338 verum
2102 3277 2160 3351 est,
2174 3271 2200 3357 ¹)

200 3383 262 3445 que
294 3361 442 3425 convicia
449 3383 457 3438 ;
492 3361 565 3425 aliis
597 3369 766 3445 praeterea
793 3362 889 3429 malis
915 3363 1064 3428 laborare
1090 3385 1174 3448 quae
1225 3387 1292 3430 non
1313 3365 1543 3442 committitur,
1568 3363 1634 3428 nisi
1656 3362 1697 3427 61
1718 3368 1858 3427 mortem
1878 3380 1982 3442 usque
2002 3363 2200 3441 perseveret.

199 3447 362 3512 Dominus
389 3467 456 3509 non
486 3446 609 3512 leviter¹
637 3448 852 3514 abominatur.
902 3448 970 3514 Sed
1001 3451 1049 3514 ita
1078 3471 1174 3516 voca·
1226 3450 1323 3533 Quod
1346 3451 1401 3517 alii
1422 3450 1552 3529 dicunt,
1582 3450 1619 3512 in
1641 3448 1795 3531 spiritum
1816 3452 1968 3513 sanctum
1988 3464 2122 3526 peccare
2143 3441 2202 3525 qui

199 3534 295 3610 bant,
328 3538 366 3595 ut
388 3531 627 3615 distinguerent
650 3556 669 3598 a
690 3534 830 3617 publicis
856 3535 1064 3615 criminibus,
1090 3557 1174 3619 quae
1225 3538 1351 3621 gratiae
1371 3539 1407 3602 in
1429 3537 1565 3602 tratrem
1586 3535 1722 3601 collatae
1743 3533 1884 3611 invidet,
1908 3552 1975 3595 non
1995 3528 2091 3595 video
2112 3526 2202 3594 unde

201 3641 276 3683 cum
308 3637 428 3700 magno
465 3617 660 3684 offendiculo
697 3622 733 3684 in
764 3620 918 3687 ecclesiae
952 3622 1172 3704 cognitionem
1225 3634 1392 3706 sumptum
1412 3623 1519 3688 fucrit
1554 3619 1622 3686 861
1639 3641 1753 3686 veram
1771 3619 1995 3682 definitionem
2012 3614 2200 3695 afferamus,

200 3705 384 3769 veniebant.
420 3700 516 3783 Quod
537 3711 646 3769 autem
668 3705 748 3770 adeo
770 3705 945 3772 difficulter
963 3708 1175 3789 ignoscebant
1224 3730 1309 3792 quae
1329 3710 1386 3774 ubi
1408 3709 1511 3773 firmis
1532 3706 1729 3773 testimoniis
1751 3704 1958 3786 comprobata
1974 3701 2082 3779 1116111,
2105 3698 2203 3766 facile

200 3791 242 3855 iis
264 3791 320 3872 qui
342 3789 480 3872 dignum
501 3789 624 3871 aliquid
653 3790 934 3858 animadversione
956 3794 1174 3860 ecclesiastica
1225 3816 1285 3878 per
1305 3816 1340 3861 se
1366 3795 1474 3878 ipsam
1495 3813 1608 3858 omnes
1636 3791 1717 3856 alias
1738 3797 1872 3855 evertet
1918 3789 2002 3853 Dico
2024 3787 2141 3870 igitur,
2163 3784 2203 3851 in

200 3881 442 3958 perpetrarant,
470 3895 536 3939 non
569 3875 642 3940 ideo
670 3877 769 3941 fiebat
795 3876 880 3959 quod
908 3877 1075 3945 difficilem
1107 3880 1173 3944 illis
1225 3882 1379 3964 spiritum
1399 3886 1551 3945 sanctum
1571 3898 1720 3961 peccare,
1743 3876 1799 3960 qui
1821 3875 1952 3941 divinae
1973 3872 2121 3951 veritati,
2144 3892 2202 3937 cu·

201 3961 288 4042 apud
315 3961 498 4025 Dominum
524 3963 656 4038 veniam
680 3970 848 4045 putarent3
881 3964 938 4029 sed
968 3965 1030 4030 hac
1051 3967 1173 4032 severi·
1224 3968 1276 4032 ius
1296 3967 1424 4050 fulgore
1451 3966 1497 4031 616
1519 3965 1789 4047 perstringuntur
1816 3967 1855 4025 nt
1879 3959 2102 4044 ignorantiam
2124 3977 2202 4025 cau-

200 4054 267 4110 tate
289 4046 444 4111 volebant
464 4046 544 4111 ahos
565 4046 744 4126 deterrere,
772 4070 814 4114 na
836 4057 958 4115 temere
979 4059 1174 4133 proruerent
1225 4054 1291 4117 sari
1312 4060 1484 4136 nequeant,
1507 4058 1618 4115 tamen
1640 4047 1803 4114 destinata
1823 4046 1952 4112 malitia
1972 4045 2140 4121 resistunt,
2163 4043 2203 4107 in

200 4133 236 4196 in
257 4132 390 4214 flagitia,
413 4152 552 4213 quorum
572 4134 690 4197 merito
713 4135 753 4200 ab
776 4135 930 4200 ecclesiae
947 4138 1173 4203 communione
1225 4139 1286 4203 hoc
1312 4145 1456 4216 tantum,
1484 4145 1522 4201 ut
1550 4137 1713 4201 resistant
1759 4132 1912 4198 Christus
1939 4131 2028 4196 enim
2057 4127 2202 4209 explica·

200 4217 431 4282 alienarentur.
489 4217 686 4302 Quanquam
721 4221 859 4286 verbum
892 4222 1043 4300 Domini,
1087 4224 1173 4306 qnod
1224 4233 1320 4289 turus
1341 4223 1426 4307 qnod
1449 4222 1592 4301 dixerat,
1619 4221 1775 4287 continuo
1797 4219 1916 4284 subiun
1941 4218 1966 4280 't
1992 4213 2127 4300 (Matth.
2150 4215 2199 4292 12,

200 4304 254 4368 hic
281 4323 340 4385 pro
374 4304 471 4368 unica
505 4304 620 4388 regula
651 4306 746 4370 nobis
775 4328 846 4372 esse
873 4307 986 4387 debet,
1015 4310 1173 4377 maiorem
1226 4314 1274 4375 31.
1305 4311 1406 4375 Marc
1427 4313 1455 4388 3,
1475 4312 1525 4372 28.
1555 4304 1804 4390 Luc.12,10):
1831 4305 1887 4388 qni
1939 4304 1944 4316 '
1972 4302 2036 4367 erit
2062 4298 2202 4364 verbum

199 4396 286 4453 certe
316 4386 572 4455 moderationem
598 4392 799 4473 praescribit
856 4391 1027 4476 Siquidem
1052 4415 1091 4459 eo
1117 4416 1173 4460 ns·
1224 4398 1261 4461 in
1289 4396 1395 4460 filium
1423 4395 1579 4473 hominis,
1607 4394 1794 4458 remittetur
1816 4392 1862 4469 ei;
1891 4390 1947 4472 qni
1976 4393 2086 4451 autem
2112 4382 2200 4449 blas-

199 4494 262 4556 que
283 4473 520 4540 intendendum
543 4476 636 4542 docet
657 4479 692 4562 (2
711 4476 786 4543 (lor.
807 4482 835 4557 2,
856 4478 890 4564 6)
913 4479 1105 4563 disciplinae
1127 4481 1174 4545 ri·
1224 4482 1430 4565 phemavcrit
1457 4487 1571 4546 contra
1604 4479 1773 4563 spiritum,
1807 4498 1874 4541 non
1907 4473 2101 4539 remittetur.
2146 4467 2219 4568 ,81

201 4566 327 4643 goremt,
358 4581 400 4623 ne
427 4561 639 4627 absorbeatur
666 4584 687 4627 a
712 4564 847 4629 tristitia
867 4565 897 4629 is
919 4567 971 4630 oui
999 4566 1172 4649 praecipue
1224 4568 1415 4633 Matthaeus
1436 4587 1495 4649 pro
1516 4567 1588 4632 blas
1610 4565 1722 4631 hemia
1741 4565 1777 4628 in
1800 4563 1968 4646 spiritum,
1990 4557 2084 4638 ponit
2105 4575 2202 4638 sprrr·

199 4645 385 4711 consultum
405 4667 424 4710 o
447 4654 540 4726 ortet,
562 4653 598 4711 61
615 4650 723 4731 sacius
744 4670 843 4731 supra
864 4651 1080 4716 disseruimus.
1224 4660 1294 4718 tum
1315 4652 1547 4737 blasphemiae.
1583 4587 1754 4733 8116111616
1775 4650 1811 4712 111
1832 4648 1937 4711 filium
1954 4645 2027 4726 quis
2043 4642 2202 4725 probrum

286 4735 358 4796 216.
431 4731 471 4796 61
503 4735 559 4816 qni
585 4741 653 4799 tam
679 4736 786 4802 acerbi
814 4742 893 4801 sunt
920 4736 1077 4803 adversus
1097 4758 1173 4820 pec·
1224 4739 1330 4804 iacere
1362 4740 1478 4822 possit,
1511 4737 1591 4822 quin
1617 4735 1717 4802 simul
1744 4735 1781 4798 in
1808 4733 1960 4816 spiritum
1987 4723 2200 4809 torqueatur?

199 4824 273 4882 cata
293 4818 480 4883 voluntaria
509 4840 658 4886 censores
680 4821 817 4905 apostoli
845 4823 1055 4888 autoritatem
1077 4845 1172 4906 prae·
1224 4824 1351 4908 Nempe
1372 4826 1428 4907 qui
1448 4825 1486 4888 in
1504 4824 1677 4889 veritatem
1698 4820 1763 4885 Dei
1784 4817 1983 4900 incognitam
2011 4810 2202 4912 impruden·

199 4903 348 4982 tendunt,
372 4904 427 4985 qui
446 4904 578 4970 videtur
594 4927 724 4972 omnem
743 4907 810 4973 illis
826 4908 960 4973 veniam
975 4909 1171 4991 praecidere.
1224 4917 1274 4974 166
1301 4911 1501 4994 impingrmt,
1532 4910 1588 4993 qui
1614 4907 1748 4973 Ohristo
1774 4905 1964 4987 ignoranter
1990 4898 2223 4977 maledicunt

199 4989 405 5073 Impossibile
426 4991 516 5054 enim
537 5013 608 5057 esse
630 4993 733 5059 tradit
755 4993 871 5079 (Hebr.
892 4997 920 5072 6,
939 4999 958 5056 t
977 4996 1080 5079 seqq.)
1107 5016 1171 5075 eos,
1225 4996 1287 5061 hoc
1313 4996 1447 5061 interim
1474 4997 1582 5061 animo
1610 4991 1765 5077 praediti,
1793 4994 1832 5054 ut
1852 4985 2032 5054 revelatam
2054 4985 2117 5050 sibi
2136 4980 2203 5049 Dei
2246 5021 2251 5031 .

200 5076 256 5156 qui
278 5076 379 5140 semel
394 5075 570 5143 illuminati
587 5079 719 5159 fuerint,
743 5081 946 5163 gustaverint
963 5079 1085 5146 donum
1102 5103 1173 5146 coe-

200 5160 289 5240 leste,
308 5161 482 5243 participes
498 5164 577 5229 facti
597 5165 665 5230 sint
682 5166 814 5250 spiritus
832 5166 944 5245 sancti,
968 5167 1174 5250 gustaverint
1226 5173 1241 5178 ”
1252 5172 1430 5179 ’““-”“

200 5247 323 5311 bonum
348 5247 412 5311 Dei
433 5250 571 5314 verbum
603 5251 807 5335 virtutesque
826 5251 959 5318 venturi
985 5253 1173 5332 6666111161
1294 5269 1324 5338 1)
1339 5271 1365 5323 a
1382 5277 1472 5324 susem
1488 5286 1555 5324 16η
1573 5273 1615 5322 est
1632 5263 1779 5335 hugonini
1797 5262 1918 5316 cernuo
1937 5256 2006 5313 11111
2023 5274 2093 5328 seqq.

1941 5342 1998 5399 431
