4770 6030
185 363 246 423 717
820 350 919 416 CAP.
942 351 1004 415 IX.
1028 350 1102 435 (V.)
1144 352 1208 417 DE
1231 350 1555 418 POENI'PEN'PIA.
2127 363 2189 427 718

184 471 339 612 deildltss
351 452 564 626 didmdnhid]
573 470 719 605 Christi?
772 539 847 602 Non
880 538 969 602 enim
999 537 1161 602 defectum
1216 538 1378 620 evangelii
1399 538 1581 620 dispensari
1601 539 1727 603 voluit?
1773 538 1863 606 Sane
1885 551 1942 606 aut
1963 543 2105 609 mendax
2127 545 2191 612 Dei

184 633 288 709 illum,
312 630 614 713 supplementumve
636 624 717 689 illud
740 624 782 689 ad
803 624 1043 706 redemptionis,
1067 624 1163 688 satis-
1216 624 1424 706 evangelium
1446 646 1517 690 esse
1535 632 1671 707 oportet,
1694 640 1752 690 ant
1768 626 1942 693 mendaces
1959 628 2190 712 indulgentias.

185 718 350 793 factionis,
380 712 574 797 expiationis
597 732 678 793 opus
700 711 813 787 refert,
840 710 896 774 sed
919 708 960 773 ad
983 731 1038 774 eas
1060 710 1163 775 afflic-
1188 766 1192 823 Ι
1216 709 1303 774 Nam
1331 711 1500 793 evangelio
1529 710 1700 775 Christum
1728 735 1803 778 cnm
1830 714 1919 776 omni
1946 715 2193 783 affluentia‘bo·

54 793 64 809 ’
186 807 291 869 tiones
313 802 430 884 quibus
453 799 577 865 Christi
597 797 754 874 membra,
776 817 893 878 nempe
911 794 1024 860 fideles
1033 792 1162 873 omnes,
1189 826 1191 839 =
1217 816 1334 859 norum
1355 796 1557 874 coelestium,
1581 819 1657 861 cum
1678 799 1829 863 omnibus
1850 799 1918 863 suis
1940 801 2080 879 ιιι811118,
2104 803 2193 868 omni

187 890 334 956 exerceri
354 893 495 970 oportet,
517 883 673 967 quamdiu
694 883 730 946 in
751 882 814 947 hac
835 902 933 947 carne
955 888 1062 964 agent.
1102 881 1163 945 Di·
1217 902 1277 945 sua
1298 882 1438 959 iustitia,
1461 884 1635 965 sapientia,
1657 887 1777 967 gartia,
1799 884 1892 948 nulla
1913 887 2111 967 exceptione,
2134 910 2193 953 no-

187 979 232 1043 cit
253 995 331 1058 ergo
354 974 414 1037 hoo
436 979 560 1037 restare
582 969 769 1052 passionum
792 967 932 1043 Christi,
959 966 1045 1048 quod
1072 967 1107 1029 in
1129 987 1164 1031 se
1217 968 1266 1031 bis
1290 967 1416 1046 offerri,
1441 970 1535 1033 testis
1557 980 1608 1034 est
1627 970 1767 1047 Paulus,
1791 992 1893 1053 quum
1915 970 1993 1036 dicit
2015 970 2049 1055 (2
2069 972 2143 1038 Cor.
2165 979 2193 1053 5,

187 1065 257 1146 ipso
280 1059 381 1125 semel
402 1079 518 1141 passus
539 1054 681 1139 quotidie
708 1054 743 1117 in
763 1054 920 1118 membris
941 1053 1009 1116 suis
1031 1052 1162 1134 patitur.
1221 1053 1274 1136 18)
1296 1054 1440 1134 positum
1461 1076 1532 1120 8888
1555 1057 1591 1118 in
1620 1057 1780 1121 ministris
1794 1058 1818 1139 ¹)
1842 1057 1979 1121 verbum
2004 1059 2193 1125 reconcilia·

187 1150 238 1214 Eo
260 1167 320 1212 nos
341 1145 464 1209 honore
487 1142 642 1225 dignatur
663 1137 830 1216 Christus,
854 1149 892 1203 ut
912 1145 1040 1202 nostras
1063 1138 1163 1203 afflic·
1218 1139 1331 1217 tionis;
1370 1161 1433 1221 quo
1466 1141 1528 1204 hac
1559 1140 1732 1225 legationis
1771 1143 1876 1206 forma
1907 1143 2102 1226 hingantur,
2135 1167 2194 1212 ceu

188 1236 292 1299 tiones
321 1254 397 1296 suas
424 1235 553 1310 reputet
582 1248 619 1291 ac
642 1225 736 1289 dicat
782 1222 879 1304 Quod
906 1233 1017 1288 autem
1038 1223 1164 1288 addidit
1218 1222 1352 1289 Christo
1373 1246 1433 1307 per
1459 1227 1545 1308 ipsos
1567 1226 1732 1292 hortante:
1762 1229 1982 1306 obseemmus,
2001 1224 2194 1297 'reconcilia-

188 1320 323 1396 Paulus,
346 1337 405 1400 pro
428 1314 577 1380 ecclesia:
599 1333 665 1375 non
682 1310 839 1393 intelligit
855 1331 915 1393 pro
932 1309 1164 1391 redemptione,
1217 1311 1299 1374 mini
1320 1311 1407 1389 Deo;
1430 1333 1514 1389 eum,
1538 1314 1594 1395 qui
1615 1323 1784 1396 peccatmn
1800 1335 1868 1378 non
1888 1325 2033 1393 noverat,
2056 1338 2115 1398 pro
2136 1338 2194 1382 no-

188 1426 248 1487 pro
274 1401 551 1477 reconciliatione,
579 1419 638 1480 pro
666 1397 885 1462 satisfactione
911 1396 1080 1473 ecelesiae3
1107 1394 1165 1459 sed
1217 1396 1268 1461 bis
1299 1395 1469 1478 peccatum
1501 1397 1593 1476 fecit,
1622 1407 1660 1462 ut
1687 1400 1811 1464 iustitia
1838 1400 1902 1465 Dei
1930 1402 2133 1468 efficeremur
2159 1405 2194 1468 in

188 1512 248 1574 pro
276 1488 499 1554 aedificatione
522 1493 555 1548 et
580 1483 734 1566 profectu.
780 1480 1066 1562 Quemadmodum
1088 1481 1165 1546 ahbi
1217 1482 1282 1546 illo.
1327 1479 1452 1546 Contra
1469 1482 1691 1568 indulgentiae
1709 1485 1900 1550 demensum
1919 1486 2050 1568 aliquod
2067 1490 2193 1572 gratiae

189 1577 236 1642 ait
257 1575 392 1659 (11118.
413 1576 441 1649 2,
464 1571 533 1653 10),
556 1591 592 1634 se
614 1569 775 1633 sustinere
797 1569 1061 1649 omniapropter
1082 1565 1165 1632 elec-
1218 1589 1260 1632 ex
1289 1569 1429 1632 armario
1456 1590 1561 1652 papae
1594 1570 1774 1649 reclusum,
1804 1571 1951 1653 plumbo,
1973 1574 2192 1653 membranae,

189 1672 254 1737 tos,
283 1669 320 1725 nt
349 1659 488 1724 salutem
510 1660 766 1737 consequantur,
793 1675 877 1736 quae
898 1661 948 1718 aet
974 1654 1010 1717 in
1031 1651 1165 1717 Christo
1217 1653 1287 1719 loco
1309 1654 1409 1717 etiam
1431 1654 1587 1738 affigunt,
1611 1679 1630 1721 a
1653 1657 1751 1722 verbo
1772 1658 1836 1721 Dei
1859 1658 2014 1722 avellunt.
2063 1659 2100 1722 Si
2121 1661 2194 1739 qais

189 1749 274 1812 Iesu.
318 1747 365 1810 ut
383 1742 563 1809 Corinthiis
584 1740 746 1806 scribebat
767 1738 801 1824 (2
820 1738 894 1804 Cor.
917 1744 944 1818 1,
964 1738 1008 1822 6),
1030 1759 1090 1820 pro
1111 1759 1165 1802 eo-
1218 1745 1320 1804 aatem
1340 1740 1491 1822 oripinem
1511 1743 1658 1822 rmnirat,
1679 1742 1751 1806 hine
1772 1743 1892 1806 uidetm
1908 1744 1958 1807 hic
1977 1744 2095 1809 abnsrrs
2111 1766 2193 1810 enta

189 1856 264 1898 rum
291 1831 509 1898 consolatione
537 1835 571 1891 et
597 1827 701 1891 salute
723 1847 757 1889 se
776 1827 934 1908 perferre,
956 1844 1164 1906 quascunque
1216 1846 1321 1904 nasse,
1349 1826 1431 1905 qnod
1452 1847 1548 1907 qaum
1567 1829 1802 1911 irrinnperertar
1821 1830 1897 1893 otim
1917 1831 2082 1894 severiores
2103 1831 2195 1897 satis-

189 1919 415 1983 tribulationes
441 1913 633 1998 patiebatur.
683 1911 728 1975 Et
756 1912 895 1974 centicano
921 1910 1035 1974 ibidem
1057 1930 1089 1974 se
1118 1911 1165 1991 ip
1214 1912 1362 1993 factiones
1377 1913 1611 1992 promittentibus,
1633 1935 1729 1994 qnam
1750 1919 1785 1977 nt
1805 1913 1844 1978 ob
1866 1915 2008 1980 carnibus
2026 1916 2107 1996 ferri
2121 1936 2195 1999 pos·

188 2026 260 2069 nrm
288 2003 434 2084 mpticot,
462 2020 558 2081 qnam
585 1999 674 2062 addit
700 2018 733 2062 se
757 1998 876 2079 factam
902 1998 1045 2061 technae
1072 1997 1165 2060 mini·
1217 2002 1295 2076 sent,
1323 1998 1378 2077 qni
1404 1999 1593 2078 poenitentia
1625 1999 1687 2063 sibi
1714 2000 1872 2082 imposita·
1885 2002 2016 2084 precari
2048 2022 2082 2066 se
2108 2002 2195 2067 rdtra

188 2096 297 2167 stram,
320 2110 381 2152 non
403 2088 446 2151 ad
466 2085 718 2166 redemptionem,
740 2084 795 2147 sed
815 2084 984 2148 secandam
1004 2082 1166 2164 dispersa·
1216 2083 1343 2148 modam
1367 2083 1548 2159 sentiebant,
1576 2085 1718 2166 petebant
1746 2087 1785 2150 ob
1812 2087 1938 2151 ecclesia
1966 2087 2194 2152 relaxationem.

189 2178 299 2240 tiaram
331 2195 411 2255 qnae
442 2173 494 2237 itii
526 2170 691 2234 cometissa
723 2171 801 2246 mat,
838 2170 881 2233 ad
917 2169 1166 2250 praedicandam
1219 2168 1390 2247 Ranissio,
1422 2190 1501 2250 qaae
1527 2169 1642 2235 tatibus
1666 2171 1770 2252 fiebat,
1805 2173 1993 2255 indntqentio
2020 2173 2193 2238 vocabatur.

191 2260 310 2327 Christi
338 2259 537 2342 euanpetiam.
586 2256 673 2336 erod
699 2256 729 2318 si
757 2254 857 2318 ctiam
878 2275 996 2335 quoqne
1016 2255 1165 2335 interpre·
1224 2253 1285 2320 Ubi
1312 2259 1413 2320 antea
1439 2256 1666 2336 satisfactiones
1693 2257 1736 2321 ad
1756 2255 1862 2321 Deam
1887 2259 2125 2338 transtu-lerant,
2156 2277 2193 2324 ac

188 2353 248 2412 tent
269 2348 441 2426 requirnnt,
464 2344 597 2409 audiant
618 2341 841 2423 Anpnstiaam.
853 2340 877 2423 ¹)
919 2340 1096 2417 Passiones,
1119 2341 1166 2402 in·
1217 2341 1474 2422 competentiores
1501 2362 1566 2406 esse
1590 2341 1737 2429 diamant
1763 2342 1876 2422 quibas
1902 2365 1934 2408 se
1959 2346 2115 2409 redimant
2141 2345 2193 2410 ho-

188 2434 264 2514 qait,
290 2432 407 2497 Christi
427 2432 463 2494 in
484 2430 546 2494 soto
570 2426 708 2504 Christo,
731 2431 766 2489 nt
787 2426 821 2488 ia
842 2427 957 2507 capita
985 2427 1020 2489 in
1044 2424 1166 2490 Christo
1217 2428 1318 2490 mines
1347 2448 1368 2490 a
1402 2428 1519 2492 indicio
1551 2426 1634 2506 Dei,
1666 2428 1766 2492 sitnm
1795 2429 1888 2493 etiam
1921 2430 2128 2513 indnlpentias
2159 2450 2192 2496 eo

188 2525 216 2585 et
243 2519 382 2595 ecclesia,
410 2521 445 2580 nt
472 2517 507 2579 ιιι
534 2519 591 2577 toto
618 2532 757 2593 ecrpcre;
784 2511 966 2577 tradedirit
994 2510 1166 2576 membrum
1217 2517 1392 2591 traxerant,
1418 2518 1453 2576 nt
1474 2519 1572 2578 essert
1597 2515 1772 2595 expiatoria
1792 2515 1929 2579 renedia
1950 2536 2029 2594 qnae
2050 2537 2106 2580 nos
2121 2537 2193 2599 poe-

187 2626 286 2669 annm
316 2603 440 2668 Pontus
468 2600 553 2684 (Col.
576 2600 696 2679 1,24).·
725 2598 853 2679 suppleo
881 2599 916 2661 in
945 2617 1068 2678 corpore
1099 2616 1165 2660 meo
1217 2600 1269 2662 nis
1285 2599 1405 2663 meritis
1426 2598 1559 2665 liberent.
1604 2599 1691 2665 litas
1712 2620 1790 2678 cera
1811 2620 1893 2680 qaas
1913 2602 2091 2680 retulimus,
2114 2603 2193 2667 blas·

187 2692 269 2772 qnod
299 2690 381 2755 deest
408 2683 612 2770 pastionibus
641 2682 776 2761 Christi;
803 2684 832 2747 si
860 2703 930 2765 erpo
958 2684 993 2747 in
1020 2683 1166 2747 membris
1210 2685 1459 2766 ptrcmiastanta
1474 2685 1666 2767 impendentia
1682 2687 1900 2767 mariaeerat,
1917 2693 1952 2750 at
1969 2687 2089 2751 tridium
2100 2709 2193 2768 pirae·

190 2776 310 2841 Christi
332 2796 377 2853 es,
400 2773 544 2856 qnisqnis
570 2771 644 2834 lraee
668 2770 778 2847 andis,
806 2769 959 2850 quidquid
977 2768 1101 2850 pateis
1127 2768 1165 2832 ab
1216 2775 1331 2834 matam
1351 2770 1461 2836 habac
1481 2776 1601 2852 queant.
1762 2816 1766 2824 -

187 2864 231 2926 iis
259 2864 314 2942 qai
342 2882 403 2925 non
430 2864 504 2925 snrnt
526 2857 644 2922 Christi
663 2855 814 2932 menbra,
837 2857 941 2920 decret
963 2853 1166 2935 pessimabat
1303 2861 1355 2920 44.
1400 2857 1548 2921 'Pertium
1570 2859 1677 2923 locum
1700 2859 1912 2924 satisfactioni
1938 2858 2193 2940 inpoenitentia

191 2947 315 3012 Christi.
362 2946 530 3011 Passnbrns
552 2963 622 3007 eero
643 2941 850 3022 apostoloram
872 2962 934 3022 pro
951 2941 1077 3004 matema
1097 2960 1167 3004 sns-
1218 2944 1401 3026 assignant,
1436 2943 1476 3007 de
1510 2965 1575 3026 qua
1608 2944 1686 3027 quid
1708 2943 1764 3008 nid
1791 2944 1955 3010 blaterant
1990 2966 2055 3009 uno
2092 2945 2192 3009 verbo

188 3038 289 3114 ceptae
307 3053 455 3113 qtmrsnm
471 3031 604 3107 tardam,
627 3026 705 3092 aar
720 3028 859 3108 exponit.-
872 3027 901 3111 ²)
926 3025 1070 3092 Christus
1086 3024 1166 3089 mihi
1217 3029 1364 3094 subverti
1385 3037 1499 3110 potest.
1534 3031 1667 3109 Dicunt,
1677 2966 1708 3112 ²3
1724 3051 1791 3094 non
1809 3031 1957 3097 sufficere
1975 3031 2154 3113 poenitenti
2167 3052 2192 3096 a

188 3120 289 3183 ianae
314 3124 360 3182 est
384 3119 427 3182 ad
454 3137 523 3194 nos,
555 3116 632 3197 qnia
659 3132 728 3177 ores
752 3111 871 3177 Christi
897 3113 985 3190 estis,
1014 3113 1166 3194 sanquine
1216 3115 1401 3197 praeteritis
1421 3115 1518 3179 malis
1539 3116 1710 3195 abstinere,
1735 3124 1769 3180 et
1785 3138 1891 3182 mores
1913 3118 1949 3182 in
1969 3117 2086 3181 mehus
2104 3136 2192 3181 com-

188 3206 256 3268 etas
283 3208 489 3284 comparatae,
518 3200 670 3285 apiacam
691 3200 831 3281 pretinm
857 3204 1007 3276 nestram,
1035 3198 1116 3278 qnod
1143 3218 1165 3262 a
1216 3207 1358 3276 mutare,
1388 3200 1451 3264 nisi
1473 3199 1513 3264 de
1540 3201 1581 3267 iis
1602 3223 1686 3284 quae
1714 3203 1800 3269 facta
1827 3211 1904 3268 sunt
1925 3202 2192 3269 88581858ιῦ8-

188 3311 237 3354 me
258 3310 319 3353 non
340 3291 447 3365 datar,
475 3289 529 3352 sed
549 3307 610 3368 per
633 3307 681 3349 me
696 3285 908 3366 praedicatur.
951 3283 1074 3348 Deinde
1094 3282 1165 3347 885-
1216 3287 1313 3350 mino.
1357 3285 1441 3351 Esse
1462 3295 1572 3352 autem
1593 3288 1699 3354 multa
1719 3288 1894 3371 praesidia,
1921 3290 2039 3372 quibus
2060 3296 2193 3370 peccata

188 3377 294 3440 rectit:
315 3394 374 3456 qno
389 3375 478 3438 niodo
499 3375 566 3455 ipse
588 3372 728 3436 animam
750 3391 842 3435 snam
858 3371 974 3452 poenit,
996 3370 1043 3434 sie
1063 3374 1091 3434 et
1109 3389 1165 3434 nes
1215 3372 1428 3437 redimamus:
1457 3372 1636 3459 lacrymas,
1658 3376 1793 3453 ieiunia,
1823 3374 2015 3452 oblationes,
2046 3374 2192 3438 caritatis

189 3462 331 3526 ddemas
363 3461 488 3524 animas
512 3478 575 3540 pro
598 3457 754 3534 tratribus
774 3476 904 3544 potare,
932 3457 974 3520 ad
1001 3455 1164 3537 aedificare
1215 3459 1330 3524 officia
1375 3459 1421 3523 Iis
1450 3460 1630 3525 Dominum
1657 3460 1914 3544 propitiandum,
1942 3461 1982 3525 iis
2010 3459 2120 3524 debita
2141 3459 2192 3522 in·

189 3549 263 3612 darn
284 3567 410 3629 pacem,
443 3548 486 3610 ad
515 3545 609 3624 tidem
636 3543 843 3608 asserendam.
890 3558 965 3611 Haec
987 3557 1163 3627 Augustinus.
1216 3545 1323 3609 stitiae
1345 3545 1410 3609 Dei
1431 3545 1662 3627 persolvenda,
1686 3549 1726 3612 iis
1744 3544 1984 3628 compensanda
2001 3545 2128 3622 delicta,
2151 3545 2192 3610 iis

96 3659 106 3673 =
189 3634 286 3699 Absit
303 3640 421 3711 antem,
443 3639 480 3696 ut
497 3630 608 3695 deesse
627 3628 749 3712 ahquid
766 3628 932 3710 putaverit
948 3627 1073 3693 Paulus
1089 3649 1164 3711 paa-
1215 3631 1347 3695 veniam
1359 3629 1582 3711 emerendam3
1605 3633 1754 3715 quamvis
1777 3631 1897 3715 enim⁸)
1908 3632 2071 3696 Dominus
2091 3631 2191 3714 largi-

189 3719 333 3784 sionibus
355 3719 489 3794 Christi,
511 3722 672 3798 quantum
695 3715 737 3779 ad
755 3735 886 3778 omnem
902 3714 1052 3792 iustitiae,
1076 3713 1163 3779 salu·
1216 3722 1283 3780 tate
1304 3716 1545 3782 misericordiae
1565 3717 1694 3800 culpam
1716 3719 1892 3795 remiserit,
1921 3737 2060 3800 poenam
2079 3724 2191 3782 tamen

188 3807 240 3882 tis,
264 3827 301 3871 ac
324 3806 411 3870 vitae
427 3800 664 3887 plenitudinem
683 3802 809 3879 attinet,
830 3806 887 3864 aut
904 3798 1024 3864 addere
1042 3797 1163 3881 aliquid
1214 3802 1356 3866 retinere
1396 3801 1568 3885 disciplina
1603 3804 1754 3868 iustitiae.
1810 3803 1907 3869 Hanc
1940 3824 2011 3868 esse
2042 3823 2190 3884 poenam,

187 3892 344 3970 voluerit;
366 3892 422 3974 qui
444 3889 523 3954 adeo
543 3886 725 3952 luculenter
747 3895 780 3950 et
801 3886 975 3969 magnifice
992 3885 1163 3950 conciona-
1215 3907 1298 3970 quae
1320 3887 1592 3954 satisfactionibus
1615 3889 1804 3954 redimenda
1826 3889 1876 3954 sit
1911 3889 1952 3953 In
1972 3889 2056 3954 hanc
2081 3896 2191 3954 tamen

188 3985 258 4055 tur,
287 3977 535 4041 exuberantiam
563 3973 688 4056 gratiae
710 3993 769 4054 per
790 3970 962 4037 Christum
984 3978 1077 4036 tanta
1096 3970 1163 4034 lar-
1215 3994 1379 4038 summam
1406 3973 1556 4039 recidunt
1584 3977 1708 4040 omnia:
1740 3996 1800 4040 nos
1829 3974 1958 4058 quidem
1989 3998 2009 4040 a
2035 3976 2099 4040 Dei
2127 3975 2220 4051 ole-,

189 4064 288 4144 gitate
311 4063 464 4139 effusam,
487 4069 525 4126 ιιι
546 4079 676 4124 omnem
698 4059 768 4122 vim
789 4059 917 4141 peccati
933 4057 1030 4140 longe
1050 4076 1163 4138 super·
1215 4059 1339 4122 mentia
1366 4058 1558 4125 delictorum
1584 4062 1716 4127 veniam
1742 4062 1933 4143 impetrare,
1966 4060 2024 4127 scd
2052 4062 2191 4125 interce·

188 4169 301 4229 gressa
322 4147 421 4212 fuant
443 4147 553 4230 (Rom.
574 4149 602 4221 5,
625 4144 688 4227 15).
737 4144 811 4209 Hac
834 4144 904 4208 sola
925 4143 1028 4208 sancti
1049 4163 1163 4207 omnes
1215 4143 1312 4208 dente
1334 4146 1451 4209 merita
1472 4166 1615 4232 operum,
1637 4146 1754 4229 quibus
1774 4154 1982 4230 peccatorum
1999 4168 2086 4211 noxa
2103 4166 2190 4211 eom-

188 4233 271 4296 salvi
294 4233 371 4297 facti
391 4241 483 4311 sunt,
511 4252 578 4296 non
599 4231 686 4295 ritae
709 4237 766 4294 aut
793 4231 909 4294 mortis
937 4250 1014 4293 suae
1035 4229 1162 4308 meritc,
1214 4238 1385 4313 pensetur,
1407 4232 1601 4313 quo'debita
1622 4232 1763 4297 iustitiae
1784 4233 1849 4298 Dei
1871 4233 2045 4297 satisfactio
2066 4230 2189 4314 persol-

187 4317 461 4400 quemadmodum
478 4319 597 4384 Petrus
616 4315 735 4380 diserte
753 4323 893 4380 testatur
910 4314 998 4398 (Act
1021 4319 1070 4391 15,
1092 4313 1161 4413 ll):
1215 4316 1321 4380 vatur.
1366 4316 1501 4382 Talibus
1527 4317 1705 4382 mendaciis
1726 4339 1852 4417 oppono
1880 4319 2056 4402 patritam
2077 4337 2191 4398 pecca·

93 4456 98 4470 ,
187 4413 224 4468 ιιι
246 4406 280 4468 in
299 4406 410 4470 Deum
432 4411 466 4468 et
488 4403 657 4469 Christum
683 4403 753 4466 eius
781 4400 1032 4467 contumeliosus
1054 4400 1162 4479 fuerit,
1214 4409 1323 4466 torum
1351 4403 1587 4481 remissionem,
1615 4424 1680 4487 qua
1709 4403 1792 4469 mhrl
1818 4405 1853 4468 in
1882 4404 2042 4486 scriptura
2070 4402 2191 4467 clarius

187 4492 243 4571 qui
275 4491 374 4554 ullius
406 4491 511 4554 sancti
540 4489 735 4572 dignitatem
768 4487 859 4565 ahbi,
894 4508 993 4569 quam
1025 4487 1062 4549 in
1094 4486 1164 4550 sola
1214 4487 1421 4571 praedicatur
1430 4487 1507 4571 (Ias.
1522 4493 1571 4554 53.
1584 4489 1679 4554 Rom.
1700 4493 1729 4568 5,
1744 4493 1782 4553 15
1796 4510 1881 4572 seqq.
1895 4488 1963 4554 Col.
1978 4492 2006 4566 2,
2025 4490 2062 4550 13
2075 4487 2188 4586 seqq).

187 4575 250 4640 Dei
272 4575 504 4653 misericordia,
527 4574 716 4656 reposuerit.
762 4569 829 4636 Sed
850 4572 929 4656 quid
953 4572 1008 4637 hio
1030 4571 1161 4651 diutius,
1215 4574 1381 4651 Primum,
1410 4575 1487 4657 quid
1513 4583 1563 4641 est
1583 4575 1746 4654 remissio,
1770 4577 1834 4640 nisi
1854 4596 1963 4640 merae
1984 4573 2190 4641 liberalitatis

186 4661 320 4743 perinde
348 4669 444 4744 atque
471 4663 506 4726 in
536 4683 571 4724 re
600 4660 708 4724 adhuc
732 4659 882 4736 obscura,
911 4679 1034 4737 moror,
1062 4679 1163 4741 quum
1215 4658 1358 4723 donum?
1410 4661 1485 4725 Non
1510 4663 1598 4726 enim
1626 4662 1793 4726 remittere
1819 4661 1937 4726 dieitur
1956 4657 2111 4736 creditor,
2133 4658 2189 4740 qui

187 4747 272 4812 talia'
288 4747 438 4831 prodigia
459 4746 640 4823 traducere,
663 4747 794 4810 vincere
816 4744 881 4809 sit?
1214 4746 1397 4828 antapocha
1424 4754 1564 4813 testatur
1589 4748 1651 4814 sibi
1677 4752 1883 4812 numeratam
1911 4746 2098 4828 pecuniam;
2131 4742 2189 4809 sed

270 4837 321 4896 43.
372 4833 477 4900 Porro
509 4840 546 4897 ut
578 4832 661 4897 tales
691 4831 948 4896 abominationes
978 4837 1163 4912 praeterea·
1213 4832 1270 4913 qui
1299 4831 1391 4896 nulla
1417 4834 1589 4912 solutione,
1618 4834 1718 4912 ultro,
1741 4854 1801 4897 sua
1819 4832 2045 4909 beneficentia,
2069 4850 2190 4894 nomen

186 4939 270 4983 mus:
294 4921 367 5002 quis
389 4920 499 4986 docuit
520 4939 640 5002 papam
655 4917 789 5001 plumbo
810 4923 843 4982 et
859 4916 1069 4981 membranae
1087 4935 1170 4997 grae*
1214 4918 1381 5000 expungit
1416 4918 1486 4985 Cur
1507 4919 1623 4985 deinde
1641 4920 1743 5002 gratis
1765 4917 1905 4995 additm,
1928 4917 1991 4981 nisi
2013 4916 2055 4981 ad
2072 4915 2189 4980 tollen-

186 5005 265 5067 tiam
287 5006 364 5071 Iesu
386 5006 511 5072 Christi
538 5003 721 5082 includere,
748 5024 848 5087 quam
877 5002 1040 5068 Dominus
1062 5000 1162 5066 verbo

1284 5136 1313 5203 1)
1331 5138 1483 5209 depositum
1502 5158 1562 5194 8888
1580 5142 1651 5209 apud
1669 5141 1808 5194 ministros
1826 5138 1895 5192 1543
1912 5155 1981 5209 seqq.
2043 5136 2073 5259 23
2091 5133 2188 5191 Lina

1194 5217 1195 5220 ’
1214 5210 1329 5258 sentent.
1351 5209 1413 5262 dist.
1432 5211 1472 5264 10.
1492 5227 1514 5263 c.
1532 5208 1557 5262 t
1576 5226 1598 5261 c.
1617 5225 1670 5261 non
1690 5209 1803 5272 suffiae,
1822 5210 1855 5262 de
1874 5215 1948 5277 pont.
1966 5225 1988 5260 e.
2006 5223 2049 5261 me
2070 5249 2076 5260 .
2095 5206 2188 5259 eadem

255 5274 284 5344 1)
301 5279 334 5330 ln
352 5279 423 5332 Psal.
442 5277 483 5333 61.
503 5277 568 5333 ct.
639 5278 670 5346 2)
688 5280 777 5332 Traet
796 5278 824 5330 in
842 5277 935 5330 locun.
953 5273 1040 5342 tm
1214 5272 1293 5336 diat.;
1312 5291 1334 5328 c.
1352 5278 1449 5346 nullm,
1468 5279 1563 5334 eadem
1581 5278 1644 5330 diat.
1724 5275 1750 5344 ⁸)
1767 5285 1796 5331 et
1814 5294 1968 5346 quanquam
1986 5273 2062 5330 1589.
2130 5331 2139 5339 ‚
