4770 6030
223 328 291 422 sm
790 353 1056 421 nnsmsumo
1078 355 1182 421 ann.
1205 353 1387 422 eumen
1415 356 1646 418 isso-1554.
2158 359 2223 420 svs

1121 508 1125 513 .
1857 466 2227 537 A24431333030331.
2317 466 2320 476 '

221 567 322 628 usque
349 545 390 610 ad
416 565 522 621 mare,
552 551 585 607 et
612 565 632 607 a
658 543 847 608 fluminibus
874 543 1040 626 usquead
1063 544 1195 609 ultimos
1247 550 1330 608 terea
1358 543 1450 607 illum
1471 543 1692 606 inconstantiae
1713 454 1892 625 vrpuembs
1914 548 1970 607 aut
1990 544 2115 608 decime
2129 549 2226 625 pata

221 633 307 697 orbis
328 634 411 694 fines
435 629 536 712 (Psal.
558 633 586 706 2,
606 633 635 707 8,
658 629 736 692 item
757 633 806 705 72,
826 633 845 693 8
865 637 898 693 ot
915 630 1017 728 alibi).
1248 630 1351 693 bimus
1371 650 1392 693 a
1413 634 1496 694 recta
1517 628 1725 708 apricniturae
1746 631 1862 712 reputa,
1888 651 1967 710 quae
1988 650 2057 693 cum
2072 635 2226 711 perpetuo

307 720 356 779 39.
397 715 562 780 Gentium
595 714 696 797 igitur
722 716 848 779 vocatio
877 716 1015 799 insigms
1049 722 1099 780 est
1130 723 1195 780 tes-
1247 721 1380 779 natiuae
1402 715 1508 778 ordine
1530 714 1690 777 mniuiicta
1709 720 1761 778 ast.
1807 715 1959 778 Similiter
1980 716 2011 778 si
2032 716 2103 796 quis
2122 720 2226 796 poter·

220 822 300 879 sera,
324 823 389 883 qua
409 821 509 883 supra
530 806 625 866 vetus
649 807 881 864 testamentum
903 803 980 866 novi
1002 801 1196 866 excellentia
1245 801 1389 881 familias
1411 800 1502 863 (iliter
1523 819 1595 862 sivos
1617 799 1728 863 literas
1749 801 1782 863 in
1804 801 1960 881 pueritia,
1983 801 2074 865 aliter
2095 801 2130 863 in
2152 802 2225 866 ado-

219 887 410 951 illustratur.
454 886 612 951 Plurimis
634 884 821 967 quidem-et
843 887 1032 951 clarissimis
1054 887 1194 969 prophe-
1247 887 1397 964 lescentia,
1420 887 1510 949 older
1532 886 1568 947 iu
1589 886 1741 950 iuventute
1757 888 1887 964 audiat,
1910 892 2002 968 repat,
2020 891 2142 964 tructet,·
2162 908 2226 951 non

218 979 328 1037 mmm
360 972 499 1037 oraculis
528 978 647 1036 testata
674 979 749 1034 ante
781 972 902 1052 luerat;
937 972 994 1037 sed
1021 974 1069 1036 ita
1095 983 1133 1036 ut
1160 973 1195 1036 in
1241 978 1406 1053 propterea
1434 971 1571 1035 dicemus
1597 972 1709 1052 ipsum·
1732 972 1825 1036 nvem
1855 992 1933 1050 esse,
1959 977 2014 1035 aut
2033 986 2056 1035 a
2076 993 2136 1036 sua
2157 993 2226 1037 seri-

218 1079 356 1141 regnum
394 1058 535 1122 Messias
582 1059 651 1121 eius
690 1057 963 1139 complementum
996 1059 1193 1122 reiiceretur.
1247 1059 1341 1120 tentia
1365 1057 1526 1120 discedas.
1584 1056 1667 1137 Quid
1688 1079 1757 1140 erpo
1784 1059 2006 1122 inconstantiae
2031 1063 2135 1122 notam
2154 1058 2224 1123 Deo

218 1144 269 1209 Ae
291 1165 333 1207 ne
355 1142 509 1208 Ohristus
531 1143 677 1225 quidem,
701 1145 813 1207 statim
834 1165 854 1207 a
875 1145 980 1226 primo
1002 1165 1080 1208 suae
1101 1164 1195 1225 praa-
1247 1144 1422 1221 inurimus,
1450 1141 1531 1222 quod
1560 1147 1729 1222 temporum
1757 1144 1967 1208 diversitatem
1994 1145 2077 1224 aptis
2105 1149 2133 1207 et
2154 1164 2225 1207 oon-

219 1228 389 1295 dicationis
411 1227 558 1307 exordio,
588 1228 630 1292 ad
652 1250 725 1292 eam
746 1250 938 1312 progressus
960 1230 1049 1309 feeit;
1078 1229 1135 1293 sed
1157 1251 1195 1293 eo
1245 1228 1425 1312 pruentibus
1452 1228 1532 1291 notis
1554 1228 1756 1293 distinxerit?
1801 1229 1958 1293 Posterior
1979 1229 2151 1294 similitudo
2167 1251 2225 1310 pe

219 1336 321 1397 usquo
349 1314 491 1392 distulit,
520 1313 621 1378 donec
649 1314 804 1379 absolutis
826 1316 975 1380 omnibus
997 1315 1194 1397 redemptio-
1246 1316 1332 1378 riitus
1359 1313 1538 1394 satisfacere
1564 1313 1652 1377 viabis
1674 1315 1763 1378 debet.
1808 1315 1944 1379 ludaeos
1967 1317 2081 1395 pueris
2102 1315 2225 1380 similes

217 1401 269 1465 nis
299 1408 428 1465 nostrae
457 1401 614 1478 numeris,
653 1422 690 1465 ao
722 1400 814 1465 finito
847 1400 1085 1465 humiliationis
1117 1422 1196 1465 suae
1245 1401 1323 1482 facit
1347 1399 1478 1476 Paulus,
1504 1397 1697 1464 Christianos
1717 1401 1962 1465 adolescentibus.
2009 1401 2092 1482 Quid
2113 1402 2149 1463 iu
2170 1400 2226 1465 boc

219 1494 379 1568 tempore,
410 1487 570 1568 acciperet
599 1508 619 1549 a
647 1494 742 1568 patro
770 1507 890 1550 nomen
912 1486 998 1569 quod
1020 1495 1070 1550 est
1096 1507 1196 1568 supra
1247 1485 1311 1550 Dei
1338 1485 1486 1567 repimine
1507 1489 1552 1548 est
1572 1485 1759 1564 inordinati,
1788 1487 1868 1568 quad
1890 1487 1960 1550 iilos
1981 1487 2017 1550 in
2037 1487 2226 1552 rudimentis

218 1592 313 1636 omne
346 1592 480 1650 nomen,
520 1592 630 1636 coram
666 1592 729 1653 quo
762 1592 858 1635 omne
891 1594 978 1655 genu
1010 1574 1196 1637 flecteretur
1247 1572 1394 1649 detinuit,
1423 1591 1501 1651 quae
1521 1591 1582 1650 pro
1611 1573 1721 1636 aetatis
1747 1572 1869 1637 niodulo
1897 1572 1978 1652 ipsis
2004 1571 2226 1655 conprrrebant3

82 1673 89 1681 ·
218 1657 320 1742 (Phil.
341 1660 369 1735 2,
389 1657 432 1742 9).
477 1656 574 1722 Unde
602 1657 732 1721 mulieri
755 1657 964 1737 Cananaeae,
994 1656 1056 1723 hac
1079 1678 1194 1740 oppor-
1247 1678 1304 1721 nos
1333 1658 1469 1738 firmiore
1507 1661 1534 1720 et
1571 1658 1663 1737 quasi
1694 1658 1831 1721 viritiore
1862 1657 2032 1739 disciplina
2063 1658 2226 1722 instituit?

218 1743 357 1806 tunitate
378 1742 528 1807 nondum
549 1742 693 1824 expleta,
717 1750 817 1826 negat
837 1764 871 1807 se
893 1744 1043 1822 missum,
1067 1743 1130 1807 nisi
1153 1743 1195 1807 ad
1248 1742 1333 1824 Erpa
1353 1743 1389 1806 in
1410 1762 1443 1806 eo
1464 1742 1556 1807 elucet
1576 1742 1641 1806 Dei
1662 1745 1848 1822 constantia,
1876 1744 1957 1824 quad
1978 1743 2104 1807 eandem
2125 1744 2226 1807 omui

193 1845 295 1892 ‘oves
328 1828 474 1910 perditas
507 1827 621 1892 domus
654 1828 758 1893 Israel
786 1829 919 1907 (Matth.
948 1835 1002 1906 15,
1029 1828 1100 1912 vt);
1134 1851 1194 1893 neo
1248 1828 1305 1891 bus
1325 1826 1458 1892 saeculis
1478 1828 1648 1891 doctrinam
1670 1829 1800 1894 tradidit
1807 1853 1816 1907 ;
1838 1849 1928 1910 quem
1950 1828 1988 1892 ab
2002 1829 2224 1911 initiapraece-

217 1914 378 1996 apostolos
406 1915 442 1977 in
471 1914 579 1997 prima
600 1914 753 1979 missione
775 1915 900 1996 patitur
921 1914 1050 1979 eosdem
1075 1914 1195 1979 limites
1241 1915 1293 1995 pit
1324 1914 1460 1977 nominis
1485 1914 1538 1976 sui
1567 1913 1695 1992 cultum,
1722 1916 1756 1978 in
1783 1935 1815 1979 ev
1838 1915 2019 1996 requirendo
2034 1921 2221 1996 perseverat.

218 2020 381 2082 superare.
426 1999 468 2063 In
493 2000 582 2076 viam
605 2001 766 2082 gentium,
794 2000 900 2082 inquit
922 2000 1057 2085 (Matth.
1080 2005 1128 2077 10,
1149 1998 1192 2084 ὁ),
1251 1999 1338 2080 Quod
1357 2004 1513 2063 externam
1533 1999 1669 2080 smmum
1690 2006 1718 2064 et
1738 2001 1863 2065 modum
1883 2001 2028 2078 mutavit,
2051 2002 2085 2064 in
2105 2021 2138 2064 eo
2159 2021 2224 2065 non

216 2107 259 2148 ne
286 2084 449 2163 abieritis,
480 2092 513 2150 ot
536 2086 571 2149 in
600 2086 748 2150 civitates
770 2083 1053 2152 Samaritanorum
1075 2107 1117 2150 no
1143 2087 1193 2150 in-
1246 2106 1279 2148 se
1309 2084 1437 2148 ostendit
1462 2085 1626 2148 mutationi
1648 2085 1827 2165 obnoxium
1853 2087 1907 2150 sed
1928 2086 2087 2149 torminum
2107 2088 2223 2167 captui,

217 2169 426 2252 grediamini;
457 2170 514 2236 sed
540 2172 584 2235 ite
611 2173 719 2253 potius
748 2171 790 2236 ad
813 2193 890 2236 oves
910 2172 1056 2255 perditas
1079 2170 1193 2236 domus
1245 2171 1300 2252 qui
1322 2171 1433 2234 varius
1456 2191 1493 2234 ae
1514 2169 1675 2235 mutabilis
1697 2176 1749 2250 est,
1771 2177 1896 2236 anuas
1916 2192 1949 2235 se
1969 2173 2189 2253 erumperem.

216 2255 329 2320 Israel.
373 2256 547 2339 Utcunque
569 2264 678 2321 autem
699 2264 749 2320 tot
776 2257 973 2322 testimoniis
995 2254 1123 2339 prodita
1144 2257 1193 2320 fo·
1333 2261 1383 2319 41.
1429 2256 1544 2337 Atqui,
1571 2256 1666 2336 uude,
1696 2258 1849 2338 inquiunt,
1872 2258 1934 2321 ista
1955 2257 2136 2336 diversitas,
2157 2258 2225 2322 nisi

216 2348 284 2416 ret,
313 2341 368 2405 ubi
396 2347 505 2406 tamon
519 2342 685 2425 'apostolis
713 2342 911 2426 auspicanda
932 2344 1006 2422 fuit,
1034 2343 1080 2408 sic
1109 2364 1194 2406 nova
1246 2342 1323 2423 quia
1352 2343 1445 2405 talem
1471 2362 1535 2406 esse
1563 2342 1653 2406 Deus
1685 2343 1803 2407 voluit?
1852 2343 1961 2406 Nonne
1989 2349 2054 2406 tam
2083 2342 2153 2408 bene
2183 2343 2223 2407 ab
2315 2410 2320 2417 ,

216 2433 250 2490 et
271 2427 414 2490 insolens
435 2427 499 2492 illis
524 2428 597 2492 risa
618 2434 677 2505 est,
700 2435 738 2491 ut
759 2437 914 2510 tanquam
931 2428 1116 2512 prodigium
1135 2429 1193 2491 ali-
1245 2429 1337 2492 initio
1365 2447 1460 2507 quam
1479 2432 1551 2508 post
1574 2426 1692 2492 cuum
1719 2429 1881 2493 adventum
1904 2429 2084 2511 perspicuis
2112 2429 2223 2508 cums,

216 2511 301 2594 quod
329 2512 551 2589 exhorrerent
597 2513 737 2594 Trepide
766 2535 858 2593 sane,
888 2536 947 2578 neo
970 2515 1039 2578 sine
1063 2535 1191 2578 recusa·
1245 2516 1324 2578 citra
1351 2512 1435 2576 uitas
1459 2513 1596 2596 liparas,
1630 2514 1765 2579 revelare
1794 2516 1896 2596 potuit
1926 2516 2024 2577 vitam
2057 2519 2222 2593 adenem

216 2596 319 2676 tione,
342 2597 475 2661 tandem
496 2599 642 2683 aggressi
671 2606 758 2663 sunt.
804 2599 873 2664 Neo
895 2601 1029 2663 mirum:
1060 2598 1192 2664 videbe·
1241 2600 1355 2681 paucis
1384 2604 1411 2663 et
1437 2599 1533 2662 claris
1566 2601 1769 2663 sauromatis
1800 2621 1873 2665 suos
1904 2601 2041 2677 erudire,
2075 2601 2224 2680 spiritum

217 2688 273 2747 tur
300 2683 388 2746 enim
418 2684 536 2747 rationi
563 2683 699 2748 minimo
727 2691 996 2762 consentaneum,
1020 2692 1056 2749 ut
1078 2685 1192 2750 Domi·
1245 2690 1386 2748 sanctirm
1407 2684 1537 2767 tarpiri,
1563 2687 1700 2767 pretium
1726 2706 1819 2749 suam
1841 2707 1901 2766 per
1922 2685 2021 2749 orbem
2043 2687 2223 2748 uuiversum

216 2789 293 2847 nus,
322 2769 379 2850 qui
406 2775 456 2832 tot
482 2769 620 2834 saeculis
645 2769 803 2835 Israelem
832 2791 852 2834 a
879 2770 1012 2853 reliquis
1040 2771 1192 2856 gentibus
1245 2770 1443 2852 diffundere?
1486 2769 1554 2833 Hoc
1574 2791 1644 2834 vero
1669 2771 1803 2853 perinde
1828 2777 1873 2835 est
1894 2791 1930 2835 ac
1951 2771 1981 2834 si
2003 2791 2072 2834 cum
2092 2769 2159 2835 Deo
2182 2771 2223 2836 ii-

216 2854 394 2937 selegerat,
423 2854 518 2937 quasi
546 2863 680 2938 repente
708 2863 834 2920 mutato
856 2857 1003 2936 oonsilio,
1032 2856 1192 2922 delectum
1245 2857 1383 2938 tiparent,
1406 2855 1487 2936 qaod
1507 2857 1659 2920 mundum
1680 2861 1745 2921 tam
1765 2877 1833 2921 sero
1854 2858 2010 2934 creaverit,
2033 2877 2129 2936 quum
2148 2877 2224 2938 pas-

215 2939 309 3003 illum
340 2940 477 3004 tolleret.
539 2940 712 3007 Vaticiniis
749 2941 880 3025 quidem
919 2941 954 3004 id
990 2942 1192 3024 praedictum
1243 2947 1288 3005 set
1309 2942 1347 3006 ab
1364 2942 1470 3019 initio;
1487 2941 1568 3020 quod
1584 2943 1722 3007 alternas
1738 2944 1819 3007 vices
1834 2944 1914 3008 inter
1934 2942 2064 3007 tiennm
2081 2947 2108 3007 et
2124 2946 2224 3007 aesta·

215 3032 288 3089 erat
295 3049 302 3103 ;
331 3026 474 3089 sednon
503 3033 654 3108 poterant
673 3027 836 3092 vaticiniis
864 3027 944 3092 adeo
967 3030 1084 3093 attenti
1112 3050 1191 3107 esse,
1244 3033 1318 3106 teni,
1351 3029 1431 3090 inter
1457 3028 1540 3091 diem
1571 3033 1598 3092 et
1627 3034 1741 3092 nocam
1769 3049 1835 3094 esse
1862 3029 1999 3093 voluerit.
2047 3028 2114 3092 Nos
2142 3049 2221 3108 vero,

185 3124 190 3158 ⁸
215 3120 253 3173 ut
274 3111 321 3173 rei
343 3111 502 3189 novitate,
526 3132 609 3194 quae
631 3134 665 3176 se
688 3113 789 3178 oculis
811 3113 995 3197 ingerebat,
1019 3114 1103 3178 nihil
1123 3135 1192 3178 mo·
1244 3113 1325 3193 qaod
1341 3113 1454 3176 sentire
1475 3133 1577 3177 annes
1592 3114 1646 3195 pii
1667 3114 1778 3192 ddent,
1801 3115 1954 3195 quidquid
1976 3135 1996 3177 u
2016 3113 2084 3177 Deo
2103 3113 2224 3195 sactum

216 3202 382 3259 verentur.
432 3196 547 3279 Neque
575 3199 653 3263 satis
681 3198 722 3262 ad
752 3220 806 3264 eos
842 3199 1077 3282 permovendos
1103 3199 1192 3265 vale-
1244 3203 1296 3277 est,
1326 3199 1482 3281 sapienter
1510 3204 1537 3262 et
1564 3200 1645 3263 iuste
1669 3200 1786 3281 sactum
1818 3221 1856 3264 ne
1883 3198 2072 3278 dabitemus;
2099 3200 2224 3264 etiamsi⁴

216 3280 305 3360 bant,
327 3303 409 3364 quae
426 3282 493 3346 iam
515 3283 592 3347 olim
609 3284 738 3349 futurae
756 3286 904 3368 gentium
921 3286 1101 3352 vocationis
1119 3307 1192 3369 spe-
1244 3304 1373 3349 causam
1395 3305 1485 3366 saepe
1506 3286 1689 3363 menemus,
1712 3305 1769 3349 cur
1789 3286 1834 3348 ita
1853 3285 1925 3366 fieri
1945 3286 2119 3366 oportuerit.
2154 3285 2224 3351 Hoc

216 3367 336 3431 cimina
356 3367 448 3434 Deus
471 3368 633 3449 ediderat;
657 3370 831 3454 siquidem,
855 3380 1084 3456 praeterquam
1106 3371 1191 3455 quod
1243 3371 1327 3435 euim
1348 3374 1424 3435 esset
1445 3370 1579 3433 nimium
1600 3370 1686 3434 nobis
1704 3367 1862 3454 arrvpare,
1884 3391 1946 3435 tion
1965 3371 2122 3436 emendae
2142 3370 2222 3452 Deo,

215 3453 428 3602 moissimos
466 3462 656 3535 vocaverat,
697 3456 769 3521 illos
802 3458 888 3540 ipsos
920 3458 1083 3523 inserebat
1113 3479 1191 3541 quo·
1243 3461 1278 3520 ut
1299 3457 1422 3521 mnsdii
1449 3457 1503 3519 sui
1529 3457 1666 3521 ratioims
1688 3455 1797 3521 babeat
1823 3477 1902 3538 quae
1929 3477 1985 3520 nos
2010 3456 2132 3520 tamarit.
2174 3456 2224 3520 At

292 3538 387 3602 modo
414 3541 449 3602 in
476 3540 634 3604 amilium
655 3542 824 3621 Abrahae,
853 3550 890 3607 ut
918 3543 1035 3627 populo
1057 3566 1116 3608 suo
1138 3565 1190 3609 ac-
1244 3543 1361 3606 mirum
1382 3547 1434 3619 est,
1456 3542 1618 3623 inquiunt,
1639 3543 1722 3623 quod
1743 3563 1825 3607 nunc
1841 3543 1998 3624 pecudum
2019 3543 2170 3621 victimas,
2194 3548 2223 3606 et

216 3623 378 3689 cederent.
434 3623 504 3689 Ista
536 3647 614 3690 vero
642 3628 772 3710 publica
805 3630 973 3694 vocatione
1000 3650 1065 3693 non
1096 3630 1191 3694 modo
1243 3633 1338 3692 totum
1368 3629 1459 3691 iilum
1489 3628 1651 3692 sacerdotii
1679 3629 1792 3694 ievitici
1821 3632 2011 3710 apparatum
2037 3632 2178 3708 raptui
2194 3633 2224 3693 et

216 3708 347 3774 Iudaeis
369 3711 591 3792 aequabantur
611 3721 739 3797 gentes,
762 3714 818 3779 sed
839 3715 931 3780 velut
951 3716 986 3778 in
1009 3715 1192 3780 demortuo·
1244 3713 1443 3790 abominetur,
1461 3713 1573 3794 quibus
1593 3713 1891 3780 olimvblectabatur.
1923 3713 2023 3794 Quasi
2036 3713 2223 3778 veereum

216 3815 292 3857 rum
313 3795 420 3859 locum
441 3796 549 3860 subire
571 3819 625 3862 eas
648 3801 832 3882 apparebat
1244 3804 1369 3864 catervio
1389 3801 1452 3863 ista
1474 3804 1501 3862 ct
1521 3801 1637 3864 caduca
1654 3798 1799 3878 oblectent,
1818 3804 1873 3864 ant
1888 3799 2054 3862 ullomodo
2071 3799 2221 3881 afficiant.

303 3885 353 3944 40.
400 3880 463 3945 His
485 3888 616 3961 quatuor
638 3890 694 3948 aut
716 3887 850 3967 quinque
871 3885 1017 3950 membris
1036 3891 1129 3951 totam
1146 3908 1193 3952 ve·
1245 3883 1319 3948 Iam
1344 3885 1460 3948 dictum
1481 3889 1538 3964 est,
1566 3883 1647 3948 nitni
1673 3885 1783 3949 imum
1808 3885 1916 3967 fecisse
1943 3905 2004 3948 sua
2025 3904 2139 3962 eausu;
2166 3885 2223 3951 sed

216 3966 293 4030 teris
313 3968 427 4030 ctnovi
449 3971 620 4033 testamenti
640 3971 860 4052 differentiam,
883 3977 1034 4052 quantum
1056 3973 1098 4038 ad
1119 3975 1193 4038 sim
1245 3972 1350 4035 omnia
1370 3992 1432 4052 pro
1459 3971 1617 4034 luminum
1645 3971 1744 4035 salute
1775 3972 1978 4053 dispernasse.
2024 3969 2062 4033 st
2083 3971 2222 4034 medicus

211 4051 329 4133 plicam
350 4052 478 4117 dvoendi
498 4055 648 4119 rationem
669 4057 793 4139 sufficit,
810 4063 888 4139 puto
910 4058 981 4123 bene
1006 4078 1042 4122 ac
1061 4058 1194 4139 fideliter
1244 4059 1383 4120 iuvenem
1410 4058 1525 4138 optima
1552 4057 1670 4121 ratione
1698 4078 1719 4121 a
1740 4057 1842 4121 morbo
1864 4060 1960 4134 curet,
1988 4056 2148 4120 incudem
2163 4077 2221 4137 po

215 4136 409 4218 explicatam.
445 4138 559 4203 Verum
581 4143 657 4221 piria
677 4143 818 4208 norirvuili
839 4142 918 4207 tanc
938 4145 972 4206 in
991 4144 1193 4227 puberrianda
1244 4147 1309 4206 stra
1330 4144 1396 4205 ium
1417 4163 1486 4206 serie
1508 4141 1572 4205 atio
1593 4142 1763 4207 mirationis
1781 4163 1888 4225 pencre
1908 4145 2032 4205 utatur:
2053 4160 2129 4205 num
2150 4143 2221 4206 ideo

216 4224 343 4287 matema
363 4225 556 4304 varietatem,
583 4227 741 4291 diversum
762 4230 797 4292 in
817 4229 947 4294 docendo
967 4230 1104 4308 modum,
1126 4235 1193 4294 toa
1244 4228 1388 4305 dicemus,
1410 4228 1516 4309 ipsum
1536 4228 1675 4291 medendi
1696 4229 1846 4292 rationem
1867 4229 2041 4309 repudiare,
2063 4247 2142 4308 puae
2163 4248 2221 4289 an-

215 4312 280 4372 tam
297 4309 417 4373 rituum
434 4330 471 4374 ac
488 4315 750 4378 caeremoniarum
767 4316 988 4379 eonvusivnem
1000 4336 1061 4396 pro
1078 4336 1192 4397 niapna
1244 4318 1291 4378 tea
1307 4313 1495 4396 placuerat?
1539 4312 1608 4377 Ima
1636 4315 1788 4393 quumiu
1815 4313 1874 4377 illa
1903 4318 2073 4377 constanter
2092 4316 2219 4395 perstet,

114 4478 117 4483 Ι
215 4392 405 4458 absurditate
426 4397 556 4475 iactant,
580 4398 622 4461 iis
643 4420 761 4480 quoque
782 4401 1026 4481 respondendum
1047 4406 1091 4464 est
1111 4404 1192 4463 ante
1243 4400 1393 4463 rationem
1420 4399 1531 4463 edatis
1557 4397 1652 4463 tabet.
1699 4398 1752 4462 sa
1783 4397 1942 4463 Christum
1969 4400 2045 4463 aliis
2070 4397 2169 4480 sipnis
2192 4403 2222 4462 et

216 4499 311 4561 quam
338 4481 380 4544 ad
410 4481 476 4545 aiio
501 4487 706 4548 transeamus.
751 4484 842 4549 Fieri
870 4492 972 4550 autem
999 4487 1034 4548 id
1064 4481 1192 4549 biemtm
1244 4484 1396 4548 absentem
1422 4485 1560 4569 tparari
1587 4489 1614 4548 et
1640 4490 1802 4554 venturum
1824 4484 2049 4566 praeeuntium
2070 4484 2221 4566 oportuit;

210 4570 324 4646 potest,
353 4568 429 4646 qnia
456 4589 515 4631 riva
542 4573 606 4631 tom
625 4571 738 4650 firmae
758 4576 831 4635 suar
852 4571 1029 4636 abiectiones
1050 4576 1085 4634 ut
1106 4592 1192 4636 acea
1243 4571 1320 4635 aliis
1351 4591 1432 4634 nunc
1463 4569 1631 4635 adhibitum
1661 4571 1888 4650 repraesentari
1922 4571 2009 4634 dccet
2062 4569 2151 4651 Quod
2178 4570 2222 4633 ad

216 4655 288 4714 rata
308 4654 492 4733 restitutione
513 4674 591 4734 opus
612 4654 749 4718 babeant.
785 4656 858 4720 Non
879 4661 931 4734 est,
949 4657 1102 4737 inquiunt,
1125 4678 1192 4721 eva
1242 4658 1427 4720 vocatiouem
1454 4656 1519 4721 Dei
1550 4657 1647 4720 latius
1667 4677 1728 4737 per
1755 4675 1858 4720 omues
1878 4657 2012 4738 populas
2031 4657 2066 4718 in
2087 4657 2221 4720 adventu

215 4742 401 4816 scrutantium,
423 4745 457 4803 ut
483 4738 578 4816 Deus,
600 4741 655 4819 qui
676 4746 825 4821 perpetuo
846 4742 908 4805 sibi
929 4746 1051 4821 constat,
1074 4747 1192 4806 tantam
1246 4741 1363 4806 Otristi
1384 4763 1538 4824 sparsam,
1561 4762 1657 4824 quarn
1678 4746 1747 4805 anm
1766 4742 1878 4823 fuerat,
1899 4748 1926 4806 et
1944 4743 2067 4825 pretias
2087 4742 2222 4824 spiritus

216 4824 415 4887 mutationem
441 4842 561 4905 passus
593 4825 648 4904 sit,
681 4830 731 4904 ut,
771 4827 852 4908 quod
880 4828 971 4890 semei
1002 4829 1137 4892 iusserat
1165 4834 1192 4893 et
1224 4811 1366 4911 lturpius
1387 4830 1521 4910 effrisas:
1550 4829 1637 4908 quis,
1666 4826 1798 4905 obceno,
1828 4848 1961 4908 aequum
1982 4848 2047 4892 esse
2066 4831 2165 4910 repet,
2186 4831 2223 4890 ut

216 4910 492 4987 emmendaverit,
524 4913 632 4990 postca
657 4911 851 4993 improbaret.
907 4913 1098 4994 Respondev,
1130 4935 1192 4979 non
1243 4914 1278 4977 in
1299 4935 1396 4977 manu
1417 4919 1445 4979 et
1466 4912 1596 4978 arbitrio
1620 4912 1684 4977 Dei
1707 4914 1749 4977 sit
1770 4913 1867 4977 libera
1886 4915 2065 4998 pratiarum
2087 4933 2222 4977 suarum

211 4999 376 5074 propterea
404 4992 581 5058 mutabilem
609 4997 748 5062 iudicari
769 4997 874 5087 Deum
899 4998 1016 5078 debere,
1044 5000 1125 5081 quod
1144 5002 1192 5065 di
1243 4998 1459 5080 dispensatae?
1485 5004 1519 5062 ui
1540 5020 1621 5078 qaas
1641 4998 1712 5062 vdit
1739 5000 1878 5064 nationes
1899 4999 2081 5065 illuminet?
2109 4998 2222 5079 quibus

216 5079 315 5141 versis
343 5080 475 5143 saeculis
496 5081 634 5145 diversas
659 5085 781 5164 termas
807 5086 1076 5149 accommodaverit
1097 5092 1191 5167 prout
1243 5086 1316 5150 velit
1336 5086 1410 5149 locis
1431 5085 1514 5148 verbi
1535 5086 1588 5149 sai
1610 5085 1873 5166 praedicationem
1895 5085 2023 5149 accita?
2052 5085 2173 5165 petatem
2194 5089 2222 5149 et

215 5165 324 5242 cuique
348 5166 490 5246 expedire
514 5172 646 5231 moeret.
693 5169 731 5232 Si
759 5169 825 5233 aiio
849 5170 946 5234 bieme
973 5172 1090 5252 officia,
1125 5173 1191 5235 otia
1242 5176 1391 5250 quantum
1418 5171 1489 5237 velit
1515 5171 1672 5234 doctrinae
1699 5190 1776 5233 suae
1798 5171 1971 5251 profectum
1998 5175 2026 5233 et
2047 5190 2222 5234 successum

217 5253 330 5313 audate
354 5252 497 5331 famil-iae
521 5273 596 5317 suae
624 5255 760 5336 apricvla
782 5256 984 5337 praescribit,
1013 5279 1074 5321 rimi
1095 5278 1191 5339 prop-
1242 5257 1422 5338 lorpiatur?
1447 5256 1585 5320 numinis
1605 5257 1658 5320 sui
1679 5256 1829 5334 notitiam,
1851 5255 1964 5336 quibus
1984 5256 2057 5321 velit
2077 5256 2220 5333 sumatis,
