4770 6030
195 321 257 382 ros
483 258 491 284 ’
849 317 948 384 cur.
972 316 1034 381 vr.
1077 317 1141 381 nn
1165 315 1347 381 trenno.
1370 314 1559 419 (ιιιιιιιςι.ιι
2140 325 2202 387 roe

193 528 311 591 nempe
343 527 434 573 sacro
465 507 762 658 evnnffiliniwverbo,
792 512 951 592 rogantur
971 512 1113 588 oportet,
1145 507 1174 570 si
1227 511 1299 568 tum
1320 525 1386 570 non
1407 504 1595 571 hominibus
1622 488 1701 589 ipsis
1731 505 1815 585 dari,
1845 507 1902 573 sed
1929 509 2123 591 ministerio,
2152 511 2205 576 cui

193 594 335 678 gratim
354 613 455 675 quam
471 592 552 659 ino
598 595 604 607 '
674 593 776 660 semel
792 593 1011 671 obtinuerunt,
1033 594 1174 657 retinere
1225 591 1381 673 praefecti
1402 599 1494 672 sunt;
1526 592 1596 671 vel,
1624 600 1663 657 ut
1689 592 1872 675 expeditius
1893 594 2078 678 loquamur,
2103 599 2204 665 verbo

193 679 323 758 volunt3
343 677 436 743 nulla
453 681 611 745 servitute
628 687 811 759 teneantur,
832 677 873 780 [p.
887 677 963 764 420]
982 678 1083 743 nullis
1100 679 1173 745 vin·
1225 677 1298 753 Dei,
1320 677 1355 739 in
1378 678 1471 743 cuius
1492 678 1712 744 ministerium
1733 680 1840 744 vocati
1861 687 1946 744 sunt
1978 680 2026 746 Ut
2045 684 2135 748 enim
2150 706 2203 750 or·

193 765 275 831 culis
309 764 565 848 adstringantur.
615 765 765 850 Fingrmt
786 764 918 848 quidem
944 763 1081 829 Solones
1108 764 1172 841 isti,
1226 760 1302 826 dine
1323 783 1436 829 omnes
1462 784 1712 849 persequamur,
1740 771 1809 829 tam
1835 765 2011 849 prophetas
2038 775 2072 832 et
2096 792 2203 836 saeer-

193 873 270 917 suas
287 851 533 916 constitutiones
550 851 639 935 leges
657 873 728 917 esse
745 852 913 930 libertatis,
932 871 1032 915 suave
1049 850 1082 914 iu
1164 900 1172 928 ,
1226 847 1331 926 dotes,
1352 869 1451 930 quam
1472 849 1633 932 apostolos
1655 857 1688 914 et
1710 849 1892 933 discipulos,
1915 873 1982 917 non
2004 856 2204 936 reperiemus

150 950 155 959 “
193 958 276 1003 onus
293 936 381 1016 leve;
404 936 461 1001 sed
483 957 575 1001 mera
592 959 663 1002 esse
679 937 850 1003 mendacia
866 938 939 1019 quis
956 956 1023 1000 non
1039 937 1074 1001 ri
1097 934 1171 1000 eat?
1225 933 1294 1001 ulla
1308 933 1451 1013 iubendi,
1469 934 1604 1002 docendi
1622 941 1681 1000 aut
1695 936 1913 1019 respondendi
1929 945 2088 1020 potestate
2103 941 2203 1008 titisse

192 1022 329 1088 Nullam
350 1023 412 1104 ipsi
434 1022 565 1104 quidem
586 1022 698 1106 logum
725 1044 860 1088 suarum
881 1022 1078 1106 gravitatem
1099 1041 1173 1086 sen·
1225 1018 1389 1101 praeditos
1410 1021 1474 1086 nisi
1495 1023 1531 1085 in
1558 1022 1690 1086 nomine
1718 1029 1751 1087 et
1777 1023 1877 1088 verbo
1898 1024 2042 1089 Domini.
2086 1027 2203 1094 Mosen

193 1110 294 1186 tinnt,
322 1109 378 1190 qui
406 1108 529 1174 abiecto
550 1110 615 1174 Dei
638 1110 753 1174 timore
770 1117 839 1173 tam
869 1130 945 1173 suas
965 1128 1063 1190 quam
1089 1106 1172 1173 divi-
1225 1106 1347 1187 ipsum,
1369 1107 1604 1190 prophetarum
1624 1108 1772 1172 omnium
1792 1110 1950 1192 primum,
1973 1111 2079 1176 audiri
2100 1113 2205 1180 voluit

193 1216 254 1259 nas
276 1195 366 1278 leges
389 1215 502 1260 securo
524 1215 562 1260 ao
584 1201 716 1260 strenue
731 1195 918 1279 negligrmt.
1226 1192 1397 1257 Dominus.

281 1279 348 1361 Qui
375 1302 453 1345 roro
488 1280 596 1363 aliqua
629 1282 744 1347 salutis
772 1301 850 1346 suae
877 1301 955 1346 curo
982 1286 1172 1363 tanguntur,
1311 1275 1378 1342 Sed
1389 1277 1467 1360 quid
1478 1278 1533 1342 ille
1543 1279 1721 1358 mandavit,
1734 1287 1791 1344 aut
1800 1282 1932 1345 omnino
1943 1283 2121 1363 nunciavit,
2139 1285 2203 1352 nisi

192 1366 372 1450 plurimum
400 1366 493 1431 abest
518 1374 556 1430 ut
583 1389 618 1432 so
644 1367 762 1432 liberos
788 1366 990 1444 existiment,
1018 1365 1173 1446 quamdiu
1198 1365 1200 1423 l
1226 1363 1432 1427 aDomino?
1476 1364 1590 1447 Neque
1613 1366 1700 1430 enim
1722 1364 1811 1430 aliud
1839 1375 1974 1448 poterat.
2018 1369 2203 1454 Prophetae

193 1451 248 1518 bis
274 1451 399 1534 laqueis
425 1451 643 1534 implicantur.
688 1452 848 1517 Videmus
876 1458 999 1533 quanta
1025 1452 1173 1516 cautione
1197 1428 1200 1494 l
1225 1469 1301 1513 suos
1318 1449 1395 1513 olim
1412 1451 1580 1515 constituit
1595 1472 1693 1534 super
1709 1458 1824 1536 gentes
1841 1460 1875 1517 et
1890 1475 2002 1536 regna,
2026 1463 2064 1520 ut
2085 1458 2205 1524 evelle·

193 1545 343 1604 versatim
371 1538 414 1602 sit
438 1539 473 1601 in
501 1538 564 1603 hac
590 1547 684 1621 parte
710 1538 836 1603 Paulus
864 1538 896 1621 (l
917 1538 990 1602 Oor.
1005 1538 1039 1621 7)
1067 1545 1106 1601 ut
1131 1557 1173 1601 ne
1197 1532 1200 1611 l
1225 1544 1300 1600 rent
1317 1542 1350 1600 et
1366 1538 1577 1619 extirparent,
1600 1537 1776 1620 perderent
1797 1544 1830 1602 et
1856 1540 2092 1623 subverterent,
2115 1543 2205 1609 aedi-

191 1645 260 1689 una
286 1623 418 1707 quidem
450 1624 486 1687 in
519 1645 555 1689 re
586 1625 740 1707 loqueum
770 1625 903 1689 iniicere
934 1645 1033 1688 ausus
1065 1623 1171 1687 buerit
1195 1636 1200 1691 l
1225 1624 1363 1687 ficarent
1374 1632 1407 1686 et
1418 1622 1605 1705 plantarent
1614 1623 1692 1709 (ier.
1710 1624 1751 1708 1).
1776 1621 1843 1688 Sed
1856 1625 1953 1691 simol
1963 1626 2107 1694 additur:
2131 1630 2204 1696 ideo

190 1710 307 1793 Neque
338 1709 372 1773 id
399 1708 491 1775 nulla
510 1731 616 1776 causa.
660 1710 885 1793 Prospiciebat
906 1717 993 1775 certe
1014 1716 1173 1792 quantum
1197 1710 1200 1791 l
1225 1706 1310 1789 quod
1337 1709 1404 1771 iam
1424 1709 1461 1772 in
1482 1729 1595 1774 eorrrm
1622 1731 1678 1775 ore
1700 1709 1802 1775 verba
1822 1732 1883 1776 sua
1904 1711 2045 1778 dederat
2090 1715 2205 1798 Neque

191 1796 312 1862 vulnus
333 1796 539 1881 infligeretur
559 1797 774 1875 conscientiis,
797 1796 826 1860 si
847 1815 961 1861 earum
983 1815 1173 1873 rerumne-
1225 1794 1313 1858 onim
1331 1815 1373 1858 ex
1388 1794 1468 1877 ipsis
1484 1796 1651 1878 prophetis
1668 1796 1755 1862 ullus
1776 1816 1812 1860 oe
1829 1799 1964 1879 aperuit,
1985 1801 2204 1867 nisiDomino

191 1883 327 1949 cessitas
353 1881 419 1946 illis
451 1883 687 1965 imponeretur,
719 1903 859 1965 quarum
892 1882 1005 1947 relicta
1037 1887 1122 1946 esset
1154 1902 1174 1945 a
1224 1878 1327 1945 verba
1352 1887 1538 1961 praeeunte.
1587 1881 1685 1947 Unde
1711 1881 1769 1947 illa
1792 1883 1887 1949 toties
1915 1882 2002 1966 apud
2028 1906 2083 1952 eos
2111 1909 2204 1970 repe-

190 1968 337 2034 Domino
368 1967 511 2033 libertas.
566 1968 704 2047 Contra,
743 1968 910 2033 numerari
948 1968 1006 2033 vix
1037 1972 1174 2049 possunt
1225 1965 1299 2029 tite:
1329 1965 1467 2031 verbum
1487 1967 1637 2045 Domini,
1665 1989 1748 2033 onus
1768 1968 1920 2047 Domini,
1942 1992 1978 2035 os
1999 1970 2136 2038 Domini
2156 1973 2204 2039 lo-

191 2054 454 2133 oonstitutiones,
480 2075 562 2137 quas
590 2055 646 2119 isti
666 2053 858 2138 gravissime
886 2062 1037 2118 aeternae
1058 2053 1174 2118 mortis
1225 2058 1339 2116 cutum
1367 2059 1417 2116 est
1423 2075 1432 2130 3
1460 2053 1542 2117 visio
1565 2074 1585 2117 a
1603 2054 1763 2133 Domino,
1794 2055 1872 2120 dicit
1890 2057 2053 2123 Dominus
2080 2061 2204 2126 exerci-

192 2139 443 2205 denunciatione
464 2147 659 2219 sanxertmt,
687 2161 768 2223 quas
795 2140 1000 2205 severissime
1027 2139 1172 2222 exigrmt,
1225 2144 1327 2201 tuum.
1372 2138 1419 2201 Et
1442 2139 1567 2202 merito.
1610 2138 1829 2205 Exclamabat
1855 2141 1943 2206 enim
1969 2143 2106 2210 Iesaias:
2134 2146 2204 2228 pol·

190 2246 252 2291 ceu
273 2224 315 2289 ad
336 2225 475 2291 salutem
495 2226 704 2305 neocesariae,
726 2233 760 2291 et
775 2227 810 2289 in
828 2224 880 2290 his
896 2225 1079 2308 permultae
1097 2232 1175 2290 sunt
1225 2222 1296 2289 luta
1322 2223 1383 2289 sibi
1417 2244 1488 2290 esse
1514 2223 1602 2289 labia
1635 2224 1713 2310 (Ies.
1737 2226 1781 2310 6).
1825 2227 1983 2294 Ieremias
2010 2251 2045 2295 se
2079 2233 2204 2298 nescire

190 2312 365 2377 observatu
388 2310 614 2390 difficillimae,
642 2332 755 2377 omnes
776 2331 855 2376 vero
876 2312 912 2374 in
935 2311 1032 2376 turba
1052 2312 1173 2392 impos-
1224 2307 1313 2392 loqui
1333 2309 1512 2390 fatebatur,
1541 2309 1628 2391 quod
1648 2331 1731 2393 puer
1751 2321 1837 2377 esset
1859 2311 1936 2397 (Ier.
1964 2319 2006 2379 l.
2052 2314 2141 2397 Quid
2162 2319 2204 2384 ab

190 2397 316 2464 sibiles:
350 2403 463 2463 tontis
491 2404 542 2463 est
567 2418 713 2463 acervus.
759 2396 825 2478 Qui
847 2419 924 2480 ergo
949 2397 1022 2462 fieri
1043 2397 1171 2479 poterit,
1224 2394 1313 2460 illiue
1334 2392 1471 2479 polluto,
1502 2404 1559 2461 aut
1586 2397 1684 2462 huius
1710 2397 1800 2461 fatuo
1827 2419 1883 2463 ore
1908 2402 1999 2481 pro'
2066 2411 2203 2486 poterat,

188 2492 306 2549 utnon
325 2490 473 2548 extrema
490 2485 654 2548 anxietate
672 2491 706 2548 et
722 2491 846 2548 terrore
864 2483 1011 2566 perplexi
1022 2491 1170 2561 urantur,
1224 2481 1287 2545 nisi
1308 2480 1515 2546 immundum
1536 2489 1594 2547 aut
1613 2483 1789 2562 insulsum,
1818 2485 1846 2548 si
1873 2506 1971 2551 suum
1991 2488 2055 2569 ipsi
2081 2510 2204 2555 sermo·

188 2569 308 2654 quibus
339 2575 433 2635 tanta
460 2568 661 2636 difficultatis
692 2570 795 2635 moles
827 2568 1008 2635 incumbit?
1060 2567 1172 2649 Quare
1224 2588 1301 2632 nem
1327 2568 1426 2633 locuti
1452 2566 1602 2633 essent‘l'
1635 2566 1759 2633 Sancta
1786 2591 1864 2634 vero
1891 2579 1925 2634 et
1952 2592 2036 2653 pura
2062 2573 2128 2639 illis
2155 2575 2204 2641 la·

188 2654 335 2722 breviter
360 2677 404 2720 ex
435 2656 476 2721 iis
508 2677 591 2739 quae
618 2656 685 2720 iam
714 2654 882 2722 doctdmus
910 2654 1172 2721 constituendum
1223 2652 1278 2718 bia
1298 2654 1445 2732 iuerrmt,
1474 2675 1550 2720 cum
1571 2677 1587 2719 s
1609 2655 1703 2719 iritus
1730 2657 1834 2720 sancti
1861 2664 2039 2739 coeperunt
2060 2681 2131 2725 esse
2150 2682 2203 2725 or·

188 2749 257 2821 est,
289 2740 389 2807 nullis
416 2741 536 2807 talibus
563 2741 847 2808 constitutionibus
872 2742 1086 2807 conscientias
1113 2761 1172 2805 no·
1224 2760 1319 2823 gana
1349 2740 1400 2805 Ao
1421 2761 1504 2822 quae
1527 2742 1563 2804 in
1584 2676 1626 2890 [b.
1639 2738 1715 2827 422]
1736 2743 1925 2807 universum
1943 2743 2042 2807 fuerit
2062 2746 2203 2828 prophe-

188 2835 277 2895 strae
305 2825 392 2911 apud
413 2829 523 2893 Deum
545 2828 718 2912 obstringi,
769 2848 831 2893 uae
858 2828 895 2891 in
921 2827 984 2894 hoc
1010 2827 1170 2906 feruntur,
1223 2832 1333 2890 tarum
1351 2826 1485 2905 iunctio,
1508 2827 1583 2910 pulo
1607 2848 1644 2891 re
1661 2827 1747 2909 apud
1764 2826 1971 2893 Ezechielem
1994 2829 2201 2898 describitur:

188 2922 230 2980 nt
248 2916 374 2980 animas
401 2915 491 2979 intus
513 2934 622 2981 coram
646 2848 867 3000 [ρ.42ι]1)οο
893 2913 1014 2997 ligent,
1041 2919 1075 2978 et
1095 2912 1171 2977 reli·
1222 2912 1270 2977 fili
1291 2912 1444 2992 hominis,
1466 2913 1704 2996 speculatorem
1725 2913 1800 2978 dedi
1822 2921 1854 2978 te
1875 2913 1986 2979 domui
2003 2915 2121 2998 Israel;
2144 2939 2203 2983 au·

189 3001 323 3085 gionem
343 3001 508 3079 iniiciant,
536 3021 574 3066 ae
603 3001 631 3065 si
653 2999 693 3064 de
715 2999 812 3066 rebus
834 2999 876 3064 ad
898 2999 1038 3065 salutem
1059 3019 1171 3065 neces·
1224 2997 1292 3064 dies
1311 2999 1477 3082 igiturex
1498 3019 1554 3063 ore
1575 3020 1648 3063 meo
1669 3001 1808 3065 verbum
1828 3007 1861 3064 et
1881 3001 2052 3067 nunciabis
2074 3002 2139 3069 illis
2161 3025 2203 3069 ex

190 3087 289 3152 sariis
310 3086 542 3171 praeciperent
587 3086 684 3151 'l'ales
712 3093 823 3150 autem
849 3093 928 3152 sunt
949 3080 1172 3168 omnesquae
1223 3105 1277 3150 me
1309 3084 1380 3169 (En.
1400 3083 1444 3234 ι]
1490 3082 1557 3164 Qui
1589 3083 1702 3150 audire
1734 3086 1865 3151 iubetur
1898 3108 1939 3151 ex
1971 3108 2027 3152 ore
2058 3089 2203 3170 Domini,

189 3172 428 3240 ecclesiasticae
445 3173 693 3239 constitutiones
709 3170 806 3236 hodie
822 3178 990 3251 vocantur,
1012 3191 1096 3254 quae
1112 3191 1172 3254 pro
1224 3192 1334 3236 nonne
1350 3171 1407 3254 qni
1429 3191 1527 3254 quam
1549 3191 1591 3234 ex
1608 3193 1643 3236 se
1660 3173 1859 3238 comminisci
1878 3173 2090 3256 prohibetur?
2114 3175 2204 3257 Quid

187 3280 270 3326 vero
291 3281 330 3326 ac
351 3259 533 3324 necessario
554 3258 620 3323 Dei
640 3258 729 3324 cnltu
758 3259 963 3342 ingeruntur.
1008 3258 1117 3340 Atque
1133 3263 1173 3321 ut
1223 3277 1302 3323 vero
1322 3264 1372 3322 est
1392 3256 1549 3321 nunciare
1571 3277 1591 3320 a
1611 3257 1771 3337 Domino,
1794 3259 1859 3324 nisi
1879 3260 1926 3325 sio
1947 3260 2044 3343 loqui,
2067 3269 2105 3327 ut
2125 3284 2202 3327 con·

188 3352 271 3412 sunt
290 3344 493 3423 innumerae,
515 3345 563 3409 ita
583 3344 714 3409 infinita
735 3351 813 3409 sunt
834 3343 876 3409 ad
898 3343 1077 3427 captandas
1098 3343 1171 3408 illa-
1223 3343 1364 3408 fidenter
1384 3343 1505 3408 iactare
1526 3343 1642 3425 possit,
1668 3365 1736 3409 non
1756 3366 1853 3408 suum
1874 3366 1960 3425 esse,
1989 3345 2047 3410 sed
2067 3348 2205 3412 Domini

188 3430 418 3516 queandasqne
440 3431 567 3496 animas
587 3430 728 3496 vincula
1223 3431 1362 3497 verbum
1382 3427 1468 3511 quod
1489 3428 1657 3494 attulerit?
1703 3430 1913 3496 Tantundem
1934 3439 1985 3496 est
2006 3432 2093 3514 apud
2114 3433 2203 3498 iere-

277 3515 368 3600 Quid
388 3517 510 3601 igitur?
533 3516 676 3589 Nullane
697 3523 748 3582 est
768 3522 911 3598 potestas
932 3514 1169 3582 ecclesiastica?
1223 3518 1324 3582 miam
1341 3515 1413 3581 aliis
1429 3514 1539 3581 verbis
1561 3513 1639 3600 (Ier.
1651 3514 1722 3600 23):
1745 3515 1913 3599 Propheta
1922 3516 2014 3599 ,apud
2035 3539 2134 3600 quem
2155 3528 2206 3585 est
2256 3570 2260 3574 Α

188 3604 285 3670 Haec
306 3604 396 3669 enim
434 3602 585 3686 cogitatio
607 3601 819 3686 simpliciores
835 3602 956 3667 multos
979 3602 1094 3667 anxios
1111 3602 1171 3667 ha-
1224 3603 1402 3678 somnium,
1434 3606 1548 3665 namet
1580 3602 1758 3680 somnium,
1793 3609 1826 3666 et
1857 3603 1913 3685 qui
1935 3602 2036 3668 babet
2066 3604 2204 3670 verbum

189 3691 260 3770 bet,
288 3690 406 3775 quibus
434 3709 494 3753 nos
523 3689 728 3770 potissimum
755 3689 935 3754 scribimus.
979 3687 1171 3770 Responde-
1223 3709 1348 3766 meum,
1376 3687 1529 3769 loquatur
1554 3687 1691 3752 verbum
1720 3709 1832 3754 meum
1856 3709 1982 3754 verum.
2027 3689 2117 3771 Qud
2145 3712 2204 3775 ps·

189 3797 280 3842 mus:
304 3796 376 3841 esse
393 3796 481 3854 sane,
504 3774 561 3840 sed
583 3794 667 3857 quoe
688 3774 723 3838 in
745 3773 1003 3840 aedificationem
1024 3773 1101 3839 data
1118 3775 1170 3852 sit,
1223 3775 1284 3840 leis
1305 3773 1347 3839 ad
1374 3773 1533 3850 triticum,
1560 3773 1668 3855 inquit
1687 3774 1874 3847 Dominus,
1903 3775 1956 3839 De
1984 3776 2205 3844 sacerdotibus

188 3870 231 3928 nt
254 3861 380 3929 Paulus
406 3866 559 3940 testatur,
591 3882 659 3924 non
694 3861 729 3924 in
757 3860 1010 3925 destructionem
1039 3858 1074 3943 (2
1095 3859 1169 3926 (lor.
1224 3881 1350 3944 quoque
1378 3859 1544 3942 praecepit
1567 3859 1731 3924 Dominus
1759 3859 1871 3944 (Deut.
1899 3864 1946 3924 17.
1986 3861 2066 3926 Mal.
2086 3861 2138 3947 2),
2167 3871 2205 3927 nt

192 3946 377 4032 10a13);
407 3967 471 4029 qua
497 3948 553 4030 qui
578 3946 723 4031 legitime
749 3955 901 4024 utuntur,
928 3946 1013 4010 nihil
1042 3967 1077 4011 se
1097 3947 1172 4029 plus
1223 3946 1361 4011 verbum
1382 3945 1464 4029 logie
1487 3965 1528 4008 ex
1550 3954 1664 4008 eorum
1684 3965 1742 4010 ore
1763 3947 1991 4029 requireretm.
2038 3945 2106 4013 Sed
2127 3970 2204 4015 cau·

190 4055 263 4101 esse
284 4034 488 4111 existimant,
517 4053 617 4115 quam
643 4033 809 4097 ministros
831 4032 957 4099 Obristi
986 4038 1019 4097 et
1040 4031 1172 4115 dispen-
1224 4053 1296 4097 sam
1317 4029 1414 4097 simul
1441 4029 1572 4095 adiecit:
1604 4030 1818 4116 quiaangeli
1838 4033 1975 4097 Domini
2002 4034 2204 4101 exercituum

190 4125 316 4188 satores
336 4119 568 4204 mysteriorum
588 4118 662 4183 Dei.
705 4119 792 4184 Eam
812 4126 900 4184 recte
922 4118 1094 4198 definierit,
1116 4119 1172 4200 qui
1224 4125 1309 4184 sunt

190 4206 366 4292 appellarit
380 4205 473 4270 verbi
489 4205 555 4271 Dei
572 4205 791 4269 ministerium
809 4205 842 4291 (l
856 4204 931 4271 Oor.
944 4205 980 4291 4)
986 4227 995 4284 ;
1013 4203 1066 4269 his
1083 4206 1173 4268 enim
1311 4204 1384 4268 Iam
1411 4210 1445 4267 et
1471 4202 1507 4264 in
1535 4201 1696 4285 apostolos
1723 4203 1944 4285 respiciamus.
1989 4204 2105 4271 Multis
2132 4205 2204 4287 qui·

188 4293 313 4359 finibus
334 4313 355 4357 a
376 4290 509 4357 Ohristo
528 4291 705 4355 terminata
726 4298 785 4371 est,
807 4312 883 4357 cum
904 4289 1075 4356 mandavit
1096 4311 1173 4373 apo-
1225 4290 1300 4355 dem
1320 4296 1354 4354 et
1374 4287 1558 4371 insignibus
1579 4287 1692 4372 elogiis
1713 4295 1883 4369 ornantur,
1905 4288 1991 4373 quod
2012 4290 2071 4356 lux
2088 4289 2203 4355 mundi

142 4413 146 4419 ·
190 4379 293 4458 stolis,
314 4379 417 4455 irem,
441 4398 478 4442 ac
500 4376 654 4442 docerent
672 4397 785 4441 omnes
808 4383 938 4460 gentes,
961 4396 1173 4461 quaecunque
1225 4378 1292 4442 sint
1312 4384 1346 4441 et
1367 4374 1415 4440 sal
1438 4381 1559 4452 terrae;
1581 4373 1667 4456 quod
1687 4395 1747 4456 pro
1769 4374 1903 4441 Christo
1921 4374 2075 4440 audiendi
2081 4399 2090 4455 ;
2117 4376 2203 4459 quod

189 4464 259 4529 illis
279 4469 489 4548 praeceperat
505 4461 639 4548 (Matth.
662 4458 746 4548 ult).
777 4461 881 4528 Cuius
897 4461 1045 4529 mandati
1065 4461 1173 4547 legem
1225 4482 1435 4546 quaecunque
1457 4461 1493 4524 in
1513 4466 1602 4524 tona
1623 4459 1806 4544 ligaverint,
1830 4469 1888 4526 eut
1908 4461 2079 4539 solverint,
2099 4461 2203 4545 ligata

191 4550 320 4616 utinam
341 4550 403 4616 sibi
424 4549 625 4632 propositam
646 4569 717 4614 esse
735 4549 970 4629 meminissent,
992 4549 1048 4633 qui
1070 4548 1173 4614 eccle-
1225 4554 1371 4614 eruntac
1393 4546 1499 4612 soluta
1515 4544 1651 4611 incoelo
1663 4545 1797 4631 (Matth.
1811 4552 1839 4612 5.
1862 4547 1943 4614 Luc
1959 4551 2006 4611 10.
2031 4547 2120 4612 Ioan.
2134 4546 2200 4632 20).

191 4637 262 4703 siae
280 4636 347 4703 Dei
372 4635 451 4700 olim
471 4635 685 4718 praefuerrmt
712 4641 746 4700 et
771 4655 859 4700 nuno
880 4637 980 4700 etiam
1000 4641 1158 4719 praesunt
1164 4657 1172 4714 ;
1223 4635 1351 4699 Verum
1374 4652 1432 4700 suo
1454 4631 1587 4696 nomine
1607 4652 1687 4714 prae
1705 4655 1741 4698 se
1762 4633 1881 4712 ierunt,
1903 4640 2061 4715 quantum
2083 4633 2144 4699 sibi
2164 4634 2202 4698 in

190 4723 240 4788 ita
260 4731 294 4789 et
314 4722 402 4788 veris
423 4721 607 4805 pastoribus
623 4721 791 4803 praeclare
809 4742 869 4785 sua
886 4728 1050 4787 constaret
1066 4721 1098 4786 di
1147 4722 1173 4770 '—
1225 4742 1283 4786 suo
1304 4739 1441 4784 munere
1461 4718 1657 4802 permissum
1684 4719 1735 4783 sit.
1779 4718 1952 4801 Apostolos
1973 4739 2044 4783 esse
2065 4726 2200 4802 oportet,

191 4816 253 4888 tas,
275 4828 337 4875 nec
354 4806 395 4872 de
414 4813 573 4891 potestate
589 4807 672 4872 falso
694 4807 921 4890 gloriarentur,
943 4808 999 4891 qui
1016 4827 1079 4889 pop
1115 4827 1173 4870 um
1224 4807 1280 4891 qni
1296 4826 1364 4870 non
1380 4805 1530 4890 garriant
1545 4803 1700 4886 quidquid
1718 4804 1898 4871 collibitum
1914 4804 2013 4868 fuerit
2034 4803 2092 4869 sed
2109 4827 2202 4871 man-

191 4894 452 4978 Deiplusquam
469 4893 644 4978 tyrannica
660 4893 832 4975 iniquitate
848 4899 981 4959 vexant.
1013 4893 1100 4958 Nam
1119 4893 1174 4958 hic
1225 4892 1302 4957 data
1324 4893 1409 4971 eine,
1444 4912 1465 4956 a
1489 4910 1554 4985 quo
1580 4891 1672 4954 missi
1700 4898 1792 4968 sunt,
1824 4889 1909 4954 bona
1937 4888 2001 4954 fide
2027 4890 2201 4973 perferant

191 4980 350 5047 memoria
376 4979 591 5062 repetendum
612 4986 676 5058 est,
706 4977 792 5060 qnod
820 4978 925 5045 obiter
941 4978 1083 5063 quodam
1103 4978 1174 5044 loco
1225 4979 1326 5058 Doce,
1360 4976 1489 5044 dicebat
1507 4975 1573 5041 illis
1595 4973 1748 5042 Christus
1769 4975 1875 5059 (Ioan.
1899 4975 1965 5059 20),
1993 4976 2203 5059 quemadmo-

191 5065 419 5133 indicavimus.
450 5064 617 5147 Quidquid
634 5065 816 5130 autoritatis
835 5086 873 5131 ao
890 5065 1059 5148 dignitatis
1072 5065 1174 5147 scrip-
1226 5064 1305 5129 dum
1332 5063 1423 5129 misit
1447 5083 1501 5127 me
1530 5062 1646 5127 vivens
1670 5067 1777 5143 pater,
1804 5062 1852 5126 ita
1877 5068 1912 5125 et
1937 5083 1998 5146 ego
2019 5062 2113 5127 mitto
2134 5083 2202 5130 voa

191 5164 278 5231 tora,
300 5153 370 5217 sive
386 5150 562 5234 prophetis,
586 5151 655 5216 sive
672 5150 902 5230 sacerdotibus,
924 5151 993 5216 sive
1011 5151 1173 5234 apostolis,
1227 5148 1398 5231 Quomodo
1421 5153 1531 5214 antem
1558 5169 1578 5210 a
1604 5153 1697 5229 patre
1724 5148 1844 5212 missus
1871 5148 1985 5226 fiterit,
2015 5148 2119 5214 altera
2144 5170 2204 5216 sua

191 5241 264 5307 sive
284 5236 502 5321 apostolorum
524 5236 761 5303 successoribus
785 5233 826 5322 [p.
839 5233 916 5323 422]
936 5236 1048 5316 defert,
1071 5235 1105 5301 id
1125 5244 1174 5302 to-
1198 5226 1202 5319 ]
1226 5257 1305 5302 voce
1331 5241 1479 5301 testatur.
1523 5233 1698 5313 Doctrina,
1730 5229 1771 5318 [p.
1784 5230 1861 5320 424]
1885 5235 2005 5318 inquit,
2036 5256 2111 5302 mea
2136 5257 2203 5301 non
