4770 6030
191 347 252 411 551
763 338 1613 409 mSfflUHOREI..OHRIST.1539-1554.
2127 342 2189 404 652

1957 454 2071 522 8224,
2088 451 2191 508 0225

187 534 277 617 pium
297 531 435 610 44444444
455 534 590 594 canuae
609 529 852 610 compositionis,
871 549 935 611 9444
955 528 1163 610 deploratione
1214 531 1339 606 4444444,
1373 549 1469 610 944444
1488 549 1549 610 per
1574 528 1789 610 4444494444
1817 534 1846 593 et
1870 440 2071 610 affidatos
2046 534 2189 593 44444444.

189 616 347 683 4444444444
391 613 554 696 Principio
582 616 721 679 eontra
708 635 761 678 4444
781 620 808 679 et
827 617 896 714 444,
919 615 1001 696 quod
1022 614 1163 680 ecclesiae
1216 615 1302 680 Num
1330 615 1361 678 si
1385 613 1506 679 04444444
1533 634 1662 696 44944444
1682 613 1763 676 444444
1789 635 1845 678 nas
1868 615 2095 696 permittimus,
2119 616 2190 696 4444

189 705 298 770 auum
323 705 403 779 erat,
432 700 495 765 sibi
519 701 578 765 uni
608 701 781 765 vendicavit
808 702 977 799 episeopus.
1030 698 1164 764 Perinde
1214 720 1275 764 non
1301 705 1401 782 potest
1426 701 1504 780 9444
1530 703 1692 764 4444444
1650 699 1735 763 istud
1759 699 1980 764 dommationis
2010 720 2108 783 penus
2141 721 2190 764 ea·

188 790 271 855 444444
292 792 349 865 444,
378 806 415 850 ac
435 787 466 851 si
486 790 595 850 4444444
616 786 743 868 expulso
764 788 903 853 consul
891 787 1058 884 imperinm
1079 785 1164 849 solus
1215 786 1323 868 templo
1351 790 1567 868 prosternatur
1600 805 1636 849 ac
1675 784 1922 849 44444144
1949 791 2051 850 autem
2077 787 2188 869 pladii,

188 836 355 973 4444494444
400 872 515 952 Atqui,
537 877 573 935 ut
593 877 637 936 cst
656 872 787 953 reliquis
807 873 918 937 bonore
938 872 1094 970 superior,
1117 872 1164 935 ita
1215 872 1307 972 quad
1321 872 1384 936 sibi
1411 892 1528 953 quoqne
1554 870 1704 949 tribuunt,
1739 871 1816 950 9444
1842 872 1877 934 44
1904 872 2104 936 conscientias
2130 892 2191 936 non

188 960 223 1024 444
242 960 311 1040 ipso
332 957 455 1040 callepio
476 959 555 1038 plus
576 963 620 1021 444
646 960 804 1023 autoritat
793 979 822 1023 44
848 978 943 1040 quam
968 960 1004 1022 in
1030 976 1092 1022 nuo
1113 956 1164 1021 bo
1215 950 1383 1036 4444444444,
1405 962 1536 1021 tractare
1550 957 1726 1038 praesentis
1746 957 1859 1039 44494444
1879 977 1939 1021 non
1960 963 2012 1021 444.
2055 958 2124 1038 Qua
2145 963 2190 1022 ta-
2245 1023 2252 1054 Ι

188 1046 280 1110 mine.
336 1042 415 1107 Fuit
440 1043 537 1126 4944444
573 1044 700 1125 facinus
736 1045 851 1108 nimis
863 1043 1051 1125 improbum,
1083 1043 1164 1123 quod
1215 1064 1284 1109 men
1306 1044 1454 1107 etiamen
1477 1047 1569 1124 parte
1589 1041 1832 1106 animadvertere
1853 1063 1963 1122 operae
1979 1043 2116 1142 pretium
2137 1049 2188 1123 est,

188 1151 273 1197 unus
294 1130 395 1207 borna,
423 1129 576 1194 translata
597 1129 639 1193 ad
659 1150 693 1194 se
713 1131 866 1194 emnmuni
882 1134 1043 1212 potestate,
1072 1132 1164 1210 4449-
1215 1132 1267 1195 sui
1293 1149 1413 1212 4444944
1439 1149 1504 1193 esse
1529 1128 1664 1191 sunites:
1697 1126 1778 1190 nibil
1809 1128 1923 1192 scilicet
1946 1129 2065 1208 minus,
2095 1150 2191 1210 944444

188 1217 336 1282 44444444
364 1215 489 1280 libidini
516 1215 662 1296 patefecit
689 1216 825 1295 aditum,
848 1216 884 1280 ‘et
910 1215 1053 1281 ecclcsiae
1084 1215 1165 1295 94444
1216 1216 1298 1297 quod
1318 1213 1423 1279 baberi
1444 1214 1555 1292 colunt,
1578 1213 1719 1277 4444444444
1734 1217 1885 1293 pastores.
1932 1215 1997 1280 Nec
2011 1216 2191 1296 peculiaria

189 1324 282 1369 4444444
307 1306 374 1366 erat
393 1301 524 1382 eripuit,
555 1306 583 1364 et
603 1319 776 1366 consessum
797 1322 818 1366 4
842 1300 959 1366 04444444
979 1300 1097 1384 spiritu
1117 1321 1165 1364 or-
1216 1301 1374 1367 bominum
1404 1301 1496 1379 44444,
1534 1299 1588 1364 scd
1620 1317 1776 1363 commune
1806 1301 1900 1363 totins
1927 1301 2050 1364 44444444
2081 1303 2188 1381 scelus,

189 1389 332 1454 duratum
352 1387 525 1469 suppressit
545 1391 573 1451 et
593 1386 754 1452 abdicauit.
1216 1389 1348 1468 adeoque
1375 1387 1481 1468 ipsam
1502 1385 1623 1450 ordinis
1642 1389 1756 1466 pestem
1776 1405 1888 1467 44944,
1918 1387 2042 1466 94444444
2062 1388 2192 1451 mutilus

280 1477 349 1536 174.
402 1471 532 1551 Verum,
560 1478 596 1535 nt
627 1472 717 1537 aliud
742 1473 862 1538 malum
888 1493 1006 1554 setnper
1038 1492 1075 1536 44
1102 1471 1165 1535 alic
1215 1473 1268 1537 ille
1297 1473 1364 1553 4444
1393 1472 1543 1549 4444444444,
1576 1471 1642 1534 crisi
1670 1469 1827 1550 oprolentia
1857 1476 1884 1534 et
1917 1471 2059 1553 superbis
2091 1472 2192 1536 titulis

189 1560 337 1638 44444444,
358 1558 492 1640 episcopi
513 1558 594 1622 uelut
614 1578 680 1621 4444
708 1579 768 1624 sua
795 1579 872 1623 cura
892 1560 1056 1641 4444494444
1074 1557 1165 1638 44444-
1215 1557 1390 1640 spectabilis
1414 1558 1518 1639 4444444.
1571 1555 1609 1620 Si
1635 1555 1693 1619 bac
1720 1556 1758 1620 do
1784 1576 1818 1619 44
1848 1554 1967 1621 0444444
1995 1560 2192 1623 autoritatem

190 1647 306 1712 dientes
329 1645 371 1709 ad
392 1643 472 1709 alios
492 1643 679 1725 ablepammt.
715 1644 795 1710 Inde
815 1645 909 1709 creati
931 1643 1087 1726 4444444444,
1109 1643 1165 1723 9444
1215 1645 1408 1726 quaerimus,
1435 1663 1496 1707 non
1524 1641 1655 1706 dubium
1683 1641 1760 1722 94444
1788 1641 1872 1706 ambi
1898 1644 1952 1706 sui
1983 1645 2144 1710 ministros
2171 1664 2192 1708 a

189 1733 288 1798 locum
306 1729 399 1795 444444
417 1730 619 1807 sustiterunt,
644 1731 780 1795 nondum
801 1731 867 1794 dieo
888 1731 1019 1813 9444449
1019 1748 1094 1794 enus
1113 1727 1164 1793 444
1215 1731 1302 1796 444444
1327 1730 1533 1794 dominatione
1560 1748 1596 1791 ac
1621 1733 1738 1790 terrem
1760 1726 1888 1808 imperio
1922 1749 2026 1793 arcere
2052 1730 2189 1808 44444444,

189 1815 324 1895 minum,
346 1815 400 1881 boc
421 1820 540 1879 44444444
561 1815 644 1893 dico,
666 1816 748 1881 nibil
768 1817 892 1898 differre
912 1837 934 1880 a
950 1815 1129 1898 94444444
1116 1835 1165 1878 444
1215 1837 1313 1898 quum
1343 1816 1454 1880 diceret
1486 1812 1619 1895 (Manh.
1645 1816 1701 1890 20,
1727 1815 1776 1875 25.
1811 1814 1891 1878 Luc.
1920 1817 1975 1893 22,
2001 1814 2073 1900 25.·)
2104 1835 2191 1898 repes

189 1904 317 1972 (44444444.
367 1900 412 1965 Et
442 1905 544 1965 tamen
570 1901 766 1983 medicalem
794 1902 1038 1967 iurisdietionem
1064 1899 1165 1964 adbuc
1212 1903 1350 1985 pentima
1370 1901 1570 1966 dominantur
1590 1899 1671 1977 illis,
1693 1917 1746 1963 cos
1768 1904 1870 1963 nutem
1889 1920 1951 1964 non
1971 1901 2025 1965 444.
2064 1901 2100 1965 S
2088 1902 2191 1984 494444

190 1994 306 2067 uccant,
327 1987 381 2050 ubi
400 1986 526 2052 4444444
546 1985 695 2052 derebus
716 1988 846 2052 terrenis
866 1987 1015 2071 litipatur.
1055 1984 1096 2052 Ut
1083 1986 1165 2049 4444
1215 1993 1264 2052 cat
1291 1988 1374 2052 enim
1398 2007 1460 2050 non
1483 1986 1572 2050 niodo
1591 1985 1734 2066 pastoris
1760 1984 1898 2066 officium
1918 1921 2141 2050 444444444444497ι
2125 2004 2191 2052 esse

188 2074 241 2140 bil
256 2076 300 2138 sit
320 2073 410 2138 aliud
429 2071 520 2151 mali,
540 2071 645 2154 444444
667 2072 836 2156 4444944444
856 2073 1037 2154 quofronte
1057 2091 1164 2136 444444
1215 2074 1254 2138 ab
1285 2074 1385 2154 4444444
1412 2072 1584 2153 9444444944,
1617 2070 1672 2135 sed
1707 2089 1758 2133 res
1786 2090 1854 2134 esse
1884 2073 1987 2154 444944
2018 2078 2189 2154 separatas,

100 2194 104 2207 ·
190 2160 304 2226 44444444
327 2159 481 2222 iudicium
508 2157 671 2223 ecdesiae?
714 2159 760 2223 At
786 2159 852 2224 illic
879 2164 951 2224 suat
976 2158 1163 2235 monitiones,
1215 2179 1310 2240 quam
1330 2158 1398 2222 ut
1385 2178 1420 2221 44
1441 2176 1539 2222 unum
1564 2156 1717 2221 bominem
1738 2157 1818 2219 coire
1838 2162 1958 2254 queant.
2004 2157 2091 2222 Nam
2112 2160 2192 2257 944444

190 2251 235 2312 est
255 2243 547 2311 eacmnmunicatio?
567 2243 680 2308 scilr'cet
699 2245 746 2309 ita
766 2264 837 2309 eum
853 2244 921 2309 Deo
942 2244 1022 2309 ludit
1010 2249 1069 2307 t.ur
1102 2241 1165 2306 Dc-
1217 2243 1321 2308 Moses
1341 2249 1507 2324 4444444944
1527 2242 1624 2306 444444
1644 2242 1801 2320 sustinuit,
1818 2243 1962 2322 primum
1982 2263 2057 2308 4444
2078 2245 2114 2309 id
2134 2245 2192 2308 mi-

191 2331 237 2397 tu
258 2326 472 2412 pauperculus
492 2328 610 2409 44494444
631 2329 823 2428 pecuniam?
844 2332 973 2409 citatur;
994 2331 1024 2393 44
1046 2348 1165 2409 compa·
1216 2330 1321 2395 nacula
1341 2331 1459 2411 4444444
1479 2332 1539 2406 44,·
1561 2327 1670 2392 44444444
1688 2328 1752 2407 tuit
1771 2329 2008 2409 temporarium,
2030 2330 2122 2394 donec
2142 2349 2192 2395 444

190 2422 250 2496 ret,
271 2416 456 2493 damnatur,
476 2414 643 2479 4444444444
663 2417 729 2480 nisi
748 2416 938 2497 4444444444,
960 2420 1115 2493 mmetur,·
1144 2435 1165 2477 4
1215 2416 1327 2480 44444444
1347 2418 1601 2496 compararentur
1653 2410 1713 2478 Ubi
1735 2418 1838 2477 autem
1858 2419 1940 2478 certa
1955 2414 2063 2513 forma
2084 2437 2105 2479 4
2126 2415 2194 2481 Do-

191 2504 353 2568 monitione
377 2500 511 2566 secunda
541 2502 662 2582 pradus
686 2502 723 2582 444
751 2502 793 2566 ad
820 2500 1173 2566 excommunicationem.
1216 2503 1300 2566 444444
1321 2499 1563 2584 praescribitur,
1597 2498 1700 2563 4444444
1724 2498 1905 2597 9444444444
1931 2500 1961 2565 ei
1988 2501 2189 2580 reclinandum

194 2585 233 2653 st
253 2608 313 2652 noa
334 2591 499 2669 comparet,
521 2591 660 2650 nronctur
680 2593 715 2651 ut
736 2607 769 2651 44
789 2587 880 2652 sistat
898 2588 1031 2665 iudicia,-
1052 2586 1083 2650 44
1103 2605 1165 2648 mo-
1215 2587 1419 2652 sacerdotium
1444 2586 1565 2650 iubetur
1589 2584 1688 2665 fratri
1713 2585 1878 2667 resipnare.
1929 2585 1976 2649 Et
1999 2589 2120 2665 merito,·
2145 2592 2190 2651 444

190 2694 262 2738 ram
280 2674 365 2757 facit,
386 2677 539 2751 44444444,
562 2677 589 2736 et
609 2693 681 2737 4444
701 2673 989 2737 eueommunieatnr.
1036 2673 1163 2752 Quaeso,
1215 2674 1298 2739 enim
1316 2694 1414 2754 supra
1436 2676 1607 2748 naturam,
1616 2675 1653 2733 ut
1672 2689 1756 2734 nnus
1776 2669 1863 2734 borno
1877 2672 2003 2752 utrique
2022 2692 2107 2736 44444
2101 2672 2189 2754 4444-

161 2764 163 2770 “
190 2760 266 2841 944444
285 2760 408 2824 omnino
429 2757 540 2835 simile,
560 2757 607 2821 cel
627 2778 697 2822 44444
718 2760 855 2823 instituto
879 2757 1007 2836 04444444,
1029 2757 1076 2822 cd
1095 2776 1165 2821 cum
1213 2760 1306 2841 ficiat.
1351 2757 1532 2838 1494444444
1551 2721 1685 2820 subculis
1706 2755 1847 2820 4444444444
1868 2757 2061 2855 4444944444
2048 2779 2083 2821 m
2104 2758 2189 2822 eccle-

189 2866 272 2910 mcre
298 2845 418 2927 prisco,
451 2843 499 2908 cel
525 2863 593 2907 cnm
625 2845 743 2908 ratione
773 2842 1166 2924 emmeramensem
1216 2847 1267 2910 sia
1295 2844 1495 2909 obseruatum.
1541 2843 1607 2908 Nec
1632 2843 1799 2923 9444944444
1825 2844 1942 2907 44444444
1970 2844 2188 2943 epismporum,

188 2932 283 2996 etiam
303 2930 370 2994 illie
389 2929 427 3004 dc
447 2929 535 2992 444444
555 2948 693 2994 censura.
739 2929 857 3012 Nempe
876 2930 1082 3007 scortationes,
1104 2929 1165 2993 tas-
1216 2931 1369 3012 9444444
1391 2929 1519 2994 duravit
1545 2949 1619 2992 vcra
1646 2927 1753 3008 4449444
1775 2928 1916 2993 44444444
1940 2928 2053 3010 facies,
2078 2931 2134 3010 9444
2154 2931 2191 2995 de
2252 2955 2256 2966 ·

189 3017 303 3093 444444,
332 3014 488 3079 ebrietates
515 3019 542 3077 et
568 3015 636 3079 eius
663 3016 785 3099 poneris
808 3017 933 3098 44494444
957 3036 1018 3080 non
1045 2979 1166 3079 tdritnm
1217 3016 1439 3098 usurpando
1425 3035 1495 3079 cure
1520 3013 1623 3097 pladii
1648 3013 1798 3096 449444444
1849 3013 1890 3079 Ut
1916 3015 2002 3079 istud
2028 3021 2106 3081 44444
2125 3016 2191 3080 cul·

188 3102 327 3180 tolerant,
348 3101 402 3165 sed
422 3099 515 3163 444444
536 3102 757 3198 quodammado
777 3101 993 3199 approbatione
999 3102 1109 3200 ,444444
1130 3119 1167 3164 ac
1215 3124 1292 3201 9444
1309 3101 1521 3183 9444445444,
1549 3099 1711 3164 Ambrosii
1723 3095 1748 3182 ¹)
1770 3103 1881 3164 444444
1903 3102 2105 3198 imperatores
2125 3122 2191 3166 ma·

189 3150 384 3268 confimnbnm
404 3204 500 3265 449444
520 3185 589 3250 id
576 3207 612 3249 44
634 3187 722 3268 plebe
738 3188 839 3265 mado,
861 3188 949 3252 sed
936 3208 972 3251 44
992 3187 1073 3267 ipsis
1092 3205 1165 3266 9444-
1215 3190 1266 3272 pis
1292 3188 1497 3253 sacerdotium
1528 3190 1663 3283 optasse,
1694 3205 1790 3266 944444
1816 3185 1983 3266 imperium
2012 3188 2189 3253 sacerdotes.

189 3293 249 3355 9444
274 3272 400 3336 etnicis.
450 3270 505 3334 En
525 3271 632 3337 multis
654 3292 773 3354 pancos
795 3237 1032 3351 adseverant,
1061 3271 1107 3336 cel
1128 3291 1166 3336 ne
1217 3273 1300 3338 Erat
1320 3273 1460 3338 enimin
1480 3272 1619 3337 4444444444
1639 3270 1789 3334 mentibus
1809 3271 1957 3370 infinum,
1980 3274 2062 3354 quod
2082 3279 2192 3354 postca

189 3360 353 3424 rideantur
368 3357 466 3421 nimis
482 3358 653 3422 socordes
640 3379 675 3421 44
686 3359 877 3439 connivendo,
893 3357 985 3422 uelut
997 3357 1165 3440 pecuniam
1217 3360 1307 3423 dicit:
1329 3359 1372 3423 ad
1387 3360 1605 3440 imperatorem
1620 3357 1775 3438 pertinere
1790 3357 1895 3436 palat'
1882 3379 1924 3435 44,
1947 3357 1991 3424 ad
2007 3360 2192 3426 sacerdotem

189 3444 366 3528 ernulpeant.
414 3443 510 3507 Taceo
531 3444 686 3524 praedas,
707 3444 854 3524 rapinas,
870 3445 1046 3527 peculatus,
1069 3443 1165 3508 sacri-
1217 3445 1368 3510 4444444444.

189 3531 284 3614 44944,
312 3549 391 3610 quae
412 3530 484 3594 iude
502 3528 694 3613 4444494444.
741 3530 838 3595 Taceo
858 3531 977 3610 9444444,
1005 3535 1040 3593 ut
1060 3529 1166 3611 pluri»
1306 3534 1376 3594 176.
1424 3527 1629 3610 Posteaquam
1649 3547 1719 3592 4444
1738 3528 1907 3627 4444944444
1924 3529 1990 3611 4444
2009 3531 2105 3608 ratio,
2128 3551 2192 3613 9444

188 3636 288 3692 mum,
318 3614 494 3698 delipantur
515 3615 557 3679 ad
577 3616 632 3681 bac
652 3636 776 3680 munus.
820 3613 888 3680 Hoc
914 3617 994 3680 satis
1014 3635 1165 3714 superque
1216 3617 1349 3714 episcopi
1376 3615 1513 3694 titulum,
1542 3613 1697 3692 4444444444,
1726 3632 1796 3694 opes
1816 3615 1870 3678 sui
1897 3617 2036 3680 munais
2061 3621 2193 3688 44444444

189 3707 248 3779 444,
278 3701 357 3780 9444
378 3720 474 3780 quum
502 3701 746 3766 iurisdietionem
766 3721 859 3766 snam
885 3701 1116 3783 spiritualem
1102 3721 1166 3766 444
1217 3704 1286 3767 siae
1306 3723 1395 3767 onere
1421 3721 1458 3766 ac
1478 3700 1699 3779 sollicitudine,
1721 3719 1760 3764 ne
1780 3700 1871 3764 otiosi
1885 3719 2022 3781 prorsus
2041 3700 2192 3799 444449444-

189 3792 257 3851 tant
279 3785 497 3862 Roueanenses,
515 3788 668 3853 ostendere
684 3792 864 3886 promptum
884 3793 941 3866 est,
964 3789 1123 3852 institutae
1144 3808 1165 3850 a
1216 3793 1337 3866 4444444,
1357 3789 1411 3852 444
1431 3786 1498 3852 illis
1516 3786 1619 3869 9444444
1639 3787 1749 3850 datum
1770 3790 1828 3864 est,
1850 3787 1898 3851 vel
1917 3787 2059 3868 potins
2045 3787 2110 3868 4944
2129 3787 2192 3851 sibi

192 3869 315 3938 Obristo
331 3871 447 3935 rationi
463 3836 545 3936 nibil
561 3893 625 3938 4444
640 3875 742 3956 444944
754 3875 958 3939 contrarium.-
975 3893 1044 3937 cum
1055 3873 1166 3955 prisca
1217 3838 1420 3956 uscupdrunt.
1453 3871 1546 3936 Hanc
1563 3873 1797 3954 impudentiam,
1817 3886 1876 3952 9444
1893 3872 2017 3936 tandem
2029 3877 2193 3954 9444444444

190 3977 260 4022 uero
275 3958 490 4021 masuetudine
502 3957 603 4023 nibilo
614 3959 691 4039 plus
701 3959 811 4025 babere
823 3958 1051 4038 somnitudmrs
1069 3979 1164 4039 944444
1217 3959 1409 4056 defendent?
1442 3958 1497 4023 An
1517 3959 1705 4023 indiciorum
1725 3957 1952 4040 capniticnibus,
1974 3958 2194 4041 annuumque

190 4041 329 4108 4444444444
349 4042 504 4106 4444444444
1217 4052 1246 4110 et
1267 4045 1504 4143 prooircciarum
1530 4043 1852 4127 administrationibus
1877 4051 1943 4107 4444
1967 4043 2134 4126 incoluere,
2165 4050 2193 4110 44

282 4131 350 4189 175.
407 4128 432 4210 ¹)
444 4128 581 4192 Tametsi
607 4149 669 4192 non
700 4131 806 4194 munia
832 4130 974 4194 dicimus
1000 4150 1080 4211 9444
1107 4129 1167 4194 buc
1218 4130 1428 4212 oceupatunes
1456 4151 1477 4193 a
1502 4149 1536 4194 se
1561 4134 1625 4193 tam
1653 4114 1772 4194 4444444
1799 4130 1950 4201 latissime
1970 4130 2129 4212 amplecti,
2157 4131 2192 4196 id

191 4214 312 4295 adferri
330 4216 479 4293 poterant,
501 4218 529 4276 et
549 4235 585 4278 ea
602 4217 807 4299 9449444944
824 4237 902 4296 quoe
919 4216 1066 4294 dicimus,
1083 4236 1166 4295 pau·
1218 4218 1428 4298 episcoporum
1465 4215 1554 4279 mat?
1599 4215 1710 4297 quibem
1753 4220 1873 4280 tamnu
1907 4216 1944 4279 iu
1971 4236 2028 4281 sno
2066 4236 2192 4281 44444444

191 4300 237 4365 444
259 4299 425 4382 perstricta
445 4303 531 4377 sunt,
563 4301 609 4364 sic
630 4305 730 4364 444444
751 4301 933 4367 4444444444
955 4321 1019 4366 4444
1040 4301 1164 4381 conida
1217 4323 1326 4385 operae
1352 4323 1389 4366 ac
1414 4302 1525 4384 4494444
1550 4307 1609 4380 444,
1638 4307 1673 4364 444
1697 4303 1727 4366 si
1748 4301 1816 4365 illic
1841 4303 1895 4366 toti
1916 4303 2098 4382 4444444944
2118 4304 2190 4379 sint,

191 4390 226 4450 nt
249 4385 369 4449 nibil
356 4405 423 4448 tam
448 4385 491 4448 sit
516 4404 572 4448 eur
599 4386 763 4466 9444944444
790 4388 939 4471 44454944,
969 4387 1165 4484 spiritualem
1216 4398 1270 4453 nec
1290 4388 1366 4452 ullis
1386 4388 1590 4455 avocamentis
1609 4387 1671 4450 des
1671 4387 1833 4465 rebantur
1856 4387 1911 4450 oie
1931 4392 2032 4452 tamen
2051 4388 2192 4470 sufficere

185 4475 373 4570 potestatem,
396 4491 459 4551 9444
475 4491 566 4552 9494
587 4491 656 4534 etun
678 4477 735 4536 toto
756 4493 812 4537 suc
834 4494 925 4556 44944
941 4472 1120 4570 4449444444,’
1108 4493 1165 4535 444-
1217 4479 1337 4556 queant.
1388 4472 1434 4537 At
1459 4494 1544 4551 ocra,
1574 4493 1638 4553 9444
1665 4477 1736 4537 sunit
1757 4473 1949 4553 9444444444,
1984 4474 2101 4538 iactare
2132 4494 2193 4537 non

186 4557 278 4640 piam
300 4576 364 4621 esse
383 4555 488 4621 contr'a
509 4555 573 4621 Dei
600 4557 724 4620 cabum
746 4578 782 4620 ac
802 4560 987 4622 iniustam
976 4579 1011 4621 nn
1030 4557 1093 4621 Dei
1108 4578 1165 4638 po
1217 4560 1371 4638 dubitant,
1399 4561 1445 4623 sic
1464 4580 1525 4640 pro
1546 4559 1695 4641 4449444444
1712 4560 1820 4638 4444444
1838 4558 1973 4640 94444444
1993 4560 2081 4642 44944
2102 4557 2193 4624 04444-

186 4643 301 4741 pulum
326 4643 529 4724 tyrannidem
578 4642 628 4706 Aa
654 4643 831 4741 spiritualis
859 4643 983 4724 quidem
1004 4644 1166 4742 potestatis
1216 4648 1273 4724 sti,
1297 4665 1350 4710 nec
1370 4665 1404 4710 se
1422 4645 1547 4709 interim
1567 4645 1703 4708 nimium
1728 4644 1866 4708 4444444444
1887 4666 1908 4707 4
1929 4645 2095 4710 4444444444
2116 4665 2192 4709 meae
2322 4704 2331 4725 ,

191 4729 312 4793 4444444
332 4735 399 4792 tum
421 4729 587 4795 audaciam
609 4728 817 4809 complector
804 4749 837 4792 in
862 4728 1057 4810 fabricandis
1078 4732 1165 4793 nocis
1211 4731 1367 4812 9444444444.
1414 4731 1571 4812 Quantum
1592 4731 1635 4794 ad
1650 4731 1746 4812 prius
1766 4729 1849 4794 illud
1868 4731 1989 4810 4444444,
2017 4732 2048 4795 si
2069 4729 2123 4795 boc
2142 4730 2193 4795 dc·

191 4815 348 4892 doctrinis,
369 4814 482 4896 quibus
497 4815 644 4880 miseram
660 4813 779 4896 plebem
796 4836 815 4879 a
834 4835 985 4898 94444444
1000 4815 1084 4879 verbi
1101 4814 1182 4880 Dei-
1217 4838 1323 4882 corum
1343 4821 1387 4881 est
1406 4817 1492 4881 sacri
1512 4818 1651 4881 muneris
1671 4822 1892 4895 4444444444,
1915 4836 1948 4880 cc
1967 4817 2092 4899 44444944
2113 4835 2193 4881 cccc·

187 4901 326 4982 puritate
346 4904 531 4979 conterunt,
554 4905 620 4964 tum
641 4900 998 4984 pseudoecclesiasticcm
1018 4902 1165 4966 44444444
1217 4908 1263 4967 444
1288 4923 1366 4982 esse,
1393 4907 1428 4967 ut
1454 4904 1586 4967 4444444444
1612 4903 1782 4984 quibusque
1808 4902 1983 4967 mmcarcbis
2002 4904 2067 4967 sint
2084 4903 2194 4983 444444-

194 5041 327 5048 ,ψ
331 5040 397 5048 ..-
1217 4988 1346 5066 dabiles,
1376 4987 1737 5053 innocencium
1763 4987 2194 5072 ecpostulent‚aquopra·

263 5122 402 5188 1)Huiu-s
419 5123 546 5177 editionis
564 5125 602 5190 ξς.
623 5123 712 5176 175-
719 5123 776 5176 177
800 5127 857 5188 fere
875 5129 1080 5189 repraesentant
1096 5139 1166 5192 94444
1220 5163 1423 5170 ----

194 5196 289 5243 4444444
310 5198 391 5245 antea
414 5193 444 5243 in
466 5193 506 5245 ed.
531 5209 556 5246 a
576 5191 643 5245 1539
668 5191 734 5261 (lap
755 5191 838 5246 XIV.
861 5208 888 5259 p.
906 5191 958 5245 373
976 5199 1001 5246 et
1017 5191 1069 5245 374
1093 5198 1164 5245 trac·
1338 5228 1339 5233 κ

194 5265 307 5312 maarai
1289 5258 1316 5326 l)
1335 5260 1429 5312 Refert
1446 5260 1496 5311 hoc
1515 5261 1614 5312 Hamil.
1633 5261 1667 5312 414
1686 5260 1785 5313 basilia
1804 5259 1950 5311 tradendis.
