4732 6030
126 283 131 293 ι
214 341 276 402 555
354 323 359 330 ’
783 330 1639 403 555515551055555155551535-1554,
2150 336 2211 399 555

1963 432 2000 520 [B
2014 449 2091 514 ser,
2109 446 2212 502 5555.

211 531 280 606 155,
306 527 360 591 sed
385 525 537 591 excellenti
564 522 816 602 consideratione,
840 527 967 602 propter
988 542 1072 599 eum,
1095 521 1186 585 cuius
1234 520 1336 600 ducali
1357 541 1440 584 more
1468 520 1573 584 titulos
1599 520 1809 602 imprimerent
1829 521 1865 584 iu
1885 522 2010 604 5155555
2031 523 2213 588 vendicatio-

211 612 295 678 seroi
321 614 407 689 sunt,
434 611 480 674 eis
500 612 546 675 ita
572 611 758 686 dominetur,
786 614 820 672 ut
840 608 934 672 etiam
953 607 1085 673 51515155
1106 627 1186 671 reue·
1235 606 1296 684 nis,
1312 605 1493 689 ‘Greqcrius
1514 610 1612 670 555515
1631 608 1840 688 episcoporum
1861 607 1999 684 concdio,
2020 609 2158 690 95551155
2178 609 2213 672 iu

210 699 342 764 rentiam
361 697 527 777 impendat.
539 697 565 779 ¹)
611 695 764 773 ,Videmus
791 699 826 758 ut
846 694 882 757 in
903 693 1085 759 subiectione
1108 712 1185 757 eom·
1236 710 1351 755 mcrem
1378 691 1470 755 illum
1495 692 1668 774 profanum
1695 693 1843 770 inuectus,
1875 693 1996 776 roqam't
2022 714 2124 757 annon
2150 715 2212 774 pro

209 783 300 848 nurui
320 781 391 845 uelit
412 781 518 846 lateri
541 787 691 862 tanquam
707 799 791 843 unus
812 778 968 861 epopulo.
1004 779 1076 842 Non
1103 779 1185 841 enim
1236 776 1428 841 anathemate
1452 776 1595 841 haberent
1615 777 1772 855 51551555,
1797 778 1853 859 qui
1873 799 1934 842 sua
1953 784 2058 863 555515
2078 781 2212 862 inscrip-

209 867 339 934 alterius
350 868 536 948 cuiuspiam,
551 867 708 932 seducam
719 865 785 929 illic
801 885 930 930 eausam
941 865 1013 946 aqit.
1035 862 1141 927 Alibi:
1154 861 1183 942 ²)
1236 863 1316 926 11555
1347 863 1445 942 tituli,
1472 863 1697 945 possessiouem
1725 863 1866 944 aliquam
1897 884 2043 946 occupare
2068 870 2210 943 terdaret;

209 953 245 1018 iu
265 954 460 1033 amnipotenti
482 951 549 1023 Deo
574 952 697 1033 confido,
720 950 800 1032 qnod
820 951 942 1033 tanqam
959 950 1028 1031 piis
1048 948 1184 1014 daminus
1236 948 1381 1012 similiter
1408 950 1597 1030 episcopum,
1626 950 1681 1031 qui
1708 950 1742 1014 id
1769 949 1816 1013 uel
1838 949 1909 1030 pieri
1931 951 2135 1032 praeciperet,
2164 952 2211 1016 uel

209 1039 305 1104 uitam
325 1038 443 1117 tmbuet,
466 1043 493 1102 et
514 1058 570 1102 uas
591 1037 647 1102 sul
664 1057 760 1101 manu
779 1040 890 1114 oestro,
909 1035 1076 1100 secundum
1092 1055 1184 1098 suam
1235 1053 1292 1098 suo
1313 1035 1439 1098 iniussu
1465 1035 1583 1115 tactum
1610 1055 1671 1098 non
1691 1035 1840 1116 plecteret.
1888 1035 1999 1100 Omnes
2022 1037 2210 1118 marrantia-

209 1124 463 1200 misericardiam‚
482 1124 627 1204 disponet.
660 1121 856 1204 Nequelmec
872 1122 940 1186 ideo
957 1121 1086 1198 adduci,
1105 1119 1185 1201 quod
1235 1123 1321 1198 rurit,
1350 1119 1521 1184 anamma.
1567 1119 1605 1183 Si
1625 1120 1709 1183 tituli
1729 1122 1927 1201 inscriptione
1950 1121 2085 1204 fundum
2105 1124 2210 1187 uendi-

209 1209 289 1275 utut
315 1210 509 1291 propositum
536 1210 592 1288 sit,
625 1209 703 1273 lana
727 1209 765 1273 de
799 1205 991 1273 Constantini
1023 1207 1185 1271 donatione
1235 1224 1305 1269 aare
1324 1205 1450 1287 facinus
1469 1211 1513 1270 est
1534 1205 1726 1270 anathemate
1747 1207 1876 1289 51195555
1896 1208 1932 1270 in
1953 1207 2074 1286 clerico,
2095 1208 2149 1272 uli
2167 1214 2209 1273 to

209 1297 414 1379 quaestionem
431 1295 557 1376 penitus
578 1300 731 1372 55551555,-
757 1293 810 1357 5551
831 1297 951 1357 mutum
969 1296 1004 1356 ut
1025 1290 1118 1356 older
1138 1291 1184 1354 ui-
1234 1295 1280 1354 tas
1306 1292 1447 1356 ducentos
1479 1311 1576 1355 anuos
1606 1292 1687 1355 nihil
1719 1291 1808 1356 aliud
1838 1293 2028 1358 meditantur
2051 1295 2210 1375 pontifices

209 1383 301 1448 deant
332 1379 467 1459 lectores,
496 1400 591 1462 quam
612 1379 779 1462 pueriliter
800 1379 988 1444 mentiantur
1012 1376 1184 1441 115555555-
1235 1395 1329 1456 quam
1344 1376 1480 1457 praelia,
1502 1378 1666 1459 sanquinis
1687 1377 1874 1458 effusionem,
1897 1380 2084 1443 5555551555
2105 1380 2210 1445 interi

209 1486 272 1547 555,
301 1486 397 1548 quum
423 1471 578 1531 terrenum
609 1466 776 1547 imperium
803 1485 858 1530 suo
882 1464 1021 1545 perdidici
1048 1482 1184 1528 asserere
1234 1466 1294 1540 tus,
1316 1462 1442 1526 urbium
1463 1463 1656 1544 direptiones,
1679 1463 1818 1527 aliarum
1839 1464 1971 1542 excidia,
1991 1467 2129 1547 qcutium
2149 1466 2211 1531 clo·

208 1557 364 1618 5555555.
1234 1547 1302 1624 5155,
1330 1548 1514 1613 vastationes
1534 1569 1711 1630 reqnorum,
1740 1551 1947 1614 tantammodo
1968 1555 2003 1613 ut
2025 1551 2138 1616 alienis
2159 1551 2210 1616 515

297 1642 365 1702 180.
413 1635 585 1715 Caeterum
599 1636 637 1701 'si
658 1637 731 1717 quis
751 1641 870 1718 tempus
890 1635 1044 1716 requirat,
1066 1653 1106 1698 eu
1123 1653 1183 1713 quo
1234 1633 1343 1698 miniis
1361 1654 1489 1697 manum
1510 1634 1660 1712 iniierunt,
1683 1655 1761 1715 quae
1781 1635 1896 1700 talibus
1912 1636 2060 1718 eaemplis
2074 1638 2210 1718 munien-

208 1723 451 1791 commentitium
471 1722 526 1786 lac
546 1723 713 1803 imperinm
734 1723 828 1802 aoqoit
853 1741 1018 1804 emerqere,
1046 1719 1182 1784 nandum
1234 1718 1286 1782 dis
1304 1718 1443 1801 sufficere
1460 1724 1593 1801 possunt
1613 1719 1835 1785 anathemata?
1879 1719 1964 1787 Certe
1984 1721 2065 1786 nilsil
2083 1743 2134 1787 eos
2150 1724 2209 1786 mi-

209 1808 308 1891 elapsi?
328 1814 402 1873 sunt
426 1809 503 1873 anni
522 1809 693 1889 quinqenti,
721 1828 818 1888 quum
838 1807 873 1871 in
897 1806 1077 1870 subiectione
1091 1805 1193 1886 prta·
1233 1824 1295 1868 uus
1316 1825 1461 1885 quaerere
1481 1826 1577 1887 quam
1600 1804 1719 1870 Christi
1744 1807 1879 1890 qloriam
1899 1808 2026 1872 minime
2045 1806 2207 1872 obscurum

209 1896 313 1978 aspum
339 1895 440 1959 adduc
467 1893 630 1958 mouebant
655 1893 816 1976 pontifices
823 1917 833 1971 ,·
864 1911 918 1957 555
944 1891 1086 1974 pontisare
1115 1891 1183 1954 sine
1234 1894 1286 1956 est.
1332 1890 1419 1954 Nam
1444 1891 1532 1955 siin
1558 1891 1738 1955 uniuersmn
1765 1893 1918 1974 quidquid
1943 1893 2208 1958 155155155εωί5-

208 1981 405 2062 imperatoris
431 1980 594 2044 autoritate
628 1978 797 2044 aeolum.
846 1977 956 2042 Huius
981 1977 1102 2042 ordinis
1130 1997 1183 2040 55
1233 1977 1282 2039 ris
1296 1977 1458 2056 potestatis
1478 1982 1582 2058 sponte
1598 1978 1760 2060 resipiant,
1777 1979 1897 2043 uallum
1913 1978 2030 2062 qloriae
2046 1979 2208 2059 1151551-

209 2066 305 2131 oaudi
326 2066 510 2130 occasionun
527 2064 674 2147 praebrdt
697 2064 845 2147 Greqorio
868 2063 995 2145 septimo
1016 2064 1183 2143 imperator
1234 2060 1300 2125 lum
1327 2082 1422 2126 sanae
1448 2063 1618 2139 dominae,
1645 2063 1768 2127 nudum
1788 2064 2007 2130 oedesiasticae
2027 2065 2140 2130 salutis
2154 2088 2209 2148 pe·

210 2150 402 2231 Hemialous,
425 2151 493 2216 eius
513 2150 649 2215 nominis
670 2155 814 2231 quartus,
843 2148 930 2214 lamo
951 2148 1027 2213 leuis
1047 2152 1076 2212 et
1096 2151 1183 2210 term-
1233 2147 1369 2212 ciculum
1388 2148 1533 2226 55511155,
1559 2149 1613 2213 551
1639 2169 1704 2212 uua
1731 2150 1911 2214 dominandi
1934 2151 2107 2233 mpiditate
2128 2155 2208 2216 caeci

209 2237 335 2316 rarius,
349 2235 469 2300 nullius
490 2236 624 2315 consilii,
647 2256 776 2319 moqnae
797 2235 949 2300 audaciae
969 2239 997 2299 et
1017 2235 1098 2298 uitae
1118 2233 1182 2297 dis-
1233 2253 1271 2297 ac
1285 2234 1473 2315 praecipites
1492 2234 1652 2314 feruntur:
1673 2236 1749 2316 quia
1770 2234 1850 2300 nihil
1865 2236 1988 2300 saluum
2004 2257 2070 2302 esse
2083 2243 2206 2319 putant,

210 2321 333 2388 5515155.
370 2322 456 2386 Nom
477 2342 573 2403 quum
593 2321 785 2404 episcopatus
805 2323 898 2385 totius
922 2319 1111 2385 Geuuuaniae
1127 2317 1182 2382 lra-
1233 2319 1298 2383 uisi
1324 2338 1394 2383 cum
1419 2320 1610 2398 austeritate,
1638 2325 1673 2384 ut
1693 2319 1844 2403 propheta
1866 2323 1913 2387 ait
1933 2321 2005 2406 (Eu.
2027 2326 2083 2400 34,
2105 2323 2154 2409 4),
2180 2329 2209 2388 et

210 2406 290 2474 leret
309 2409 345 2473 in
366 2408 442 2473 aula
462 2429 523 2472 sua
545 2408 667 2488 partim
687 2407 817 2485 uenales,
838 2406 958 2488 partim
973 2405 1112 2488 praedae
1132 2425 1183 2469 ea·
1234 2424 1303 2469 cum
1319 2406 1458 2486 potentia
1479 2405 1634 2486 imperent.
1650 2405 1674 2491 ¹)

204 2494 332 2577 positos,
350 2493 593 2571 Hildebrandus‚
611 2493 666 2573 qui
683 2492 844 2558 1555551155
861 2491 899 2557 ab
916 2512 949 2556 eo
963 2490 1183 2573 1555555155-
1322 2493 1390 2554 182.
1436 2488 1653 2555 Iurisdidroni
1680 2512 1802 2556 555555
1828 2497 1872 2558 est
1891 2494 2088 2572 immunitas,
2112 2516 2207 2575 quam

109 2592 112 2601 ’
209 2579 331 2646 utilem
351 2584 547 2661 praueuou
568 2579 719 2659 arripuit,
742 2598 801 2660 qua
822 2598 855 2642 se
875 2577 1052 2642 uindicaret.
1100 2576 1183 2656 Quia
1232 2574 1293 2640 sili
1314 2580 1442 2640 sumunt
1466 2576 1568 2641 alerici
1593 2596 1796 2642 romaecenses.
1841 2578 1920 2643 Rem
1940 2580 2022 2644 enim
2044 2579 2206 2662 indiqnam

210 2670 312 2732 aueo
338 2664 499 2730 uidebatur
526 2664 635 2729 buram
656 2669 683 2728 et
705 2665 797 2745 piam
824 2681 952 2727 causam
972 2683 1075 2746 oqere,
1104 2661 1183 2725 mul-
1233 2680 1298 2726 esse
1312 2665 1441 2743 putant,
1462 2663 1492 2726 si
1513 2663 1548 2726 in
1568 2664 1674 2727 causis
1689 2664 1907 2744 personulae
1926 2685 2029 2729 coram
2049 2665 2135 2729 ciuili
2157 2667 2205 2728 iu-

209 2757 311 2818 tornm
331 2751 437 2832 fauore
458 2749 675 2815 adiuuabatur.
707 2748 752 2813 Et
770 2754 836 2814 erat
856 2747 975 2829 alioqui
996 2745 1181 2825 Henricltus,
1233 2747 1299 2811 d'ue
1319 2747 1534 2828 respmrdeant;
1556 2753 1647 2828 atque
1667 2750 1702 2813 iu
1723 2770 1757 2814 eo
1771 2751 1911 2831 positam
1930 2770 1995 2815 esse
2013 2750 2205 2815 arbitrantur
2297 2779 2300 2785 ·

203 2842 332 2921 propter
357 2835 583 2902 insolentiorem
609 2835 852 2901 administrandi
878 2836 1041 2911 rationem
1068 2834 1183 2916 pleris-
1234 2833 1374 2898 cadesim
1394 2838 1461 2897 tum
1481 2832 1662 2913 libertatem,
1683 2840 1750 2899 tum
1771 2835 1966 2918 diquitatem,
1988 2836 2020 2901 si
2040 2837 2208 2902 commuui-

209 2944 267 3005 que
282 2923 466 3005 principum
484 2934 602 2986 555555.
649 2921 788 2986 Tandem
809 2919 1051 2997 Hildelrrandus,
1074 2919 1182 3000 quise
1234 2917 1291 2985 trus
1311 2919 1441 2983 iudiciis
1462 2939 1498 2984 ao
1519 2919 1636 3002 aquus
1655 2922 1843 2985 erimantur.
1875 2922 1976 3003 Atqui
1997 2927 2110 2987 ueteres
2127 2923 2209 3004 epis·

213 3008 399 3091 Greqorium
424 3007 588 3088 septimum
614 3007 750 3086 uocabat,
779 3012 813 3071 ut
838 3011 903 3070 erat
930 3005 1016 3071 lamo
1037 3005 1182 3088 impurus
1234 3005 1315 3088 aopi,
1341 3005 1397 3086 qui
1418 3004 1502 3069 alias
1522 3005 1558 3069 in
1579 3007 1741 3072 asserendo
1768 3007 1908 3072 ecclesiae
1928 3009 1999 3073 iure
2019 3008 2209 3091 riqidissimi

210 3099 238 3159 et
263 3113 409 3174 nequam,
436 3093 535 3157 animi
555 3093 608 3157 sni
628 3093 783 3157 malitiam
803 3091 959 3174 prodidit;
986 3092 1065 3173 quae
1086 3111 1182 3155 eausa
1234 3095 1335 3168 aaut,
1363 3089 1444 3154 niluil
1465 3090 1548 3154 laedi
1568 3110 1601 3156 se
1622 3110 1659 3155 ac
1679 3111 1773 3155 suum
1797 3093 1937 3158 ordinem
1957 3094 2149 3172 iudicarunt,
2178 3095 2209 3157 si

155 3260 157 3264 ι
208 3179 281 3262 fui,
302 3184 338 3242 ut
359 3201 381 3244 a
400 3177 516 3256 multis,
539 3180 595 3259 qui
615 3199 685 3242 oum
706 3199 739 3242 eo
754 3178 1020 3260 conspiraverant,
1042 3177 1183 3241 destitue-
1234 3176 1462 3242 urbiicereatur.
1514 3174 1571 3240 Pii
1603 3197 1719 3258 quoque
1750 3179 1963 3259 imperatores,
1997 3179 2082 3245 55115
2114 3180 2208 3244 recla-

210 3269 304 3331 retur.
355 3264 423 3328 Hoc
448 3268 550 3328 tamen
572 3264 717 3345 profecit,
746 3269 781 3327 ut
801 3265 926 3344 impune
946 3263 1047 3328 liceret
1067 3282 1182 3327 sueces-
1233 3268 1348 3341 maute,
1376 3262 1419 3326 ad
1445 3281 1505 3326 sua
1531 3261 1716 3342 tribunalia,
1746 3265 1862 3344 quoties
1883 3285 1962 3345 opus
1981 3271 2061 3344 erat,
2084 3265 2207 3331 clericos

211 3349 346 3429 corilus,
378 3371 456 3449 non·
470 3350 572 3449 modo
588 3350 699 3432 iuqum
723 3353 873 3428 eacutme,
904 3350 959 3447 sed
985 3350 1184 3446 imperatores
1233 3368 1352 3446 suuper
1371 3351 1526 3445 uocarunt.
1557 3346 1610 3412 Sia
1631 3349 1713 3412 enim
1734 3348 1872 3448 loquitur
1895 3348 2151 3450 Constantinusf)
2173 3352 2208 3415 in

210 3457 328 3588 2151
345 3435 700 3613 1122112115Ὦὲ
723 3434 1073 3585 diffiniti?
1090 3433 1184 3600 tull
1234 3433 2208 3616 adl.dnltlttttddtdtttdwl

212 3607 297 3673 Iulio
327 3607 472 3673 Caesari:
496 3629 571 3689 quos
591 3607 731 3690 suliqere
756 3627 817 3671 non
841 3606 905 3689 fuit
925 3606 1066 3688 difficile,
1088 3626 1184 3686 quum
1235 3606 1424 3687 sequutione,
1453 3603 1542 3669 511555
1562 3605 1697 3670 audacia
1717 3606 1905 3695 mercabitur.
1949 3607 1993 3673 Ia
2020 3609 2208 3674 Valentinia-

212 3693 296 3758 domi
323 3714 430 3758 rerum
456 3694 721 3758 55551555555555Ι
748 3692 932 3771 desiderent,
963 3692 1018 3756 ubi
1049 3693 1184 3757 mauime
1235 3691 1353 3774 5551)
1382 3690 1452 3755 loni
1475 3691 1614 3771 episcopi
1643 3694 1795 3773 potentiae
1821 3694 2017 3774 imperatoris
2043 3694 2209 3759 5555115-

212 3797 290 3860 cpus
321 3784 388 3843 erat
408 3779 599 3860 pontificum
617 3779 815 3860 cupiditatem
839 3779 952 3842 uirtute
982 3782 1008 3841 et
1039 3777 1185 3861 leqitimis
1236 3783 1373 3859 5555155
1380 3800 1390 3854 ,·
1416 3776 1470 3840 sed
1490 3777 1606 3841 5155555
1627 3782 1654 3840 et
1673 3776 1737 3842 Dei
1757 3780 1864 3860 maqrri
1884 3780 1967 3862 reqis
1987 3782 2138 3846 nmndata
2159 3800 2208 3845 aa·

211 3862 312 3928 modis
338 3865 512 3944 reprimere.
569 3865 718 3930 Videmus
743 3885 801 3945 quo
835 3864 928 3928 colore
953 3869 1116 3947 mactante
1143 3864 1186 3928 sit
1236 3863 1379 3941 stodiunt,
1399 3867 1427 3926 et
1448 3862 1563 3926 nostris
1584 3861 1700 3945 1551555
1715 3869 1837 3944 parcnt.
1880 3864 1948 3930 Hoc
1968 3867 2037 3932 sine
2058 3867 2127 3932 ulla
2143 3887 2209 3931 can·

212 3950 335 4034 mreqia
361 3949 418 4013 illa
445 3951 568 4015 duratio
597 3949 803 4028 Constantini,
831 3970 895 4031 qna
923 3950 1090 4030 imperium
1111 3947 1185 4015 occi-
1236 3949 1385 4014 trooersio
1406 3952 1477 4011 tunc
1497 3952 1564 4011 erat
1580 3948 1720 4013 55551155
1735 3970 1934 4030 persuasum.
1974 3952 2209 4017 Ecclesiasticae

212 4035 331 4103 dentale
346 4055 437 4117 papa
458 4035 520 4100 sibi
540 4037 688 4101 traditum
708 4037 805 4119 tinqr't.
1237 4035 1360 4116 quidem
1391 4052 1504 4097 causae
1534 4035 1578 4098 ad
1604 4035 1772 4116 episcopale
1805 4037 1958 4101 iudicium
1988 4038 2207 4121 referebantur.

302 4125 371 4185 181.
422 4119 545 4186 Interea
569 4124 716 4203 temporis
741 4142 802 4185 non
829 4126 988 4186 cessarunt
1014 4121 1183 4202 pontifices,
1240 4119 1501 4202 Quemadmodum
1532 4120 1563 4183 si
1594 4121 1666 4201 quis
1692 4120 1819 4186 clericus
1850 4122 1931 4186 nilil
1961 4123 1996 4188 in
2027 4124 2107 4207 lepos
2135 4123 2209 4188 deti-

212 4227 294 4272 nunc
317 4207 445 4288 fraude,
473 4227 554 4272 nune
576 4209 727 4289 perfidia,
755 4228 837 4272 nune
865 4208 977 4287 armis,
1008 4207 1043 4271 in
1064 4206 1184 4271 alienos
1236 4208 1365 4287 quisset,
1394 4204 1561 4269 canonibus
1582 4210 1703 4269 tautum
1722 4228 1796 4272 reus
1821 4208 1981 4290 aqebatur,
2011 4231 2071 4274 uon
2096 4209 2209 4275 citaba-

213 4293 525 4381 capulumque
552 4294 794 4374 urbemqnoque
816 4294 934 4375 ipsam,
956 4295 1127 4374 quactum
1149 4291 1185 4354 li·
1236 4298 1288 4358 tur
1314 4291 1357 4356 od
1382 4311 1538 4356 commune
1566 4285 1720 4370 tribunal;
1747 4294 1801 4358 sed
1826 4295 2001 4376 episcopum
2027 4295 2153 4360 talebot
2173 4295 2208 4360 in

212 4376 285 4444 bera
305 4385 380 4458 erat,
400 4383 470 4444 ante
491 4399 588 4444 annos
607 4385 725 4444 cendum
742 4380 862 4444 circiter
880 4384 908 4443 et
928 4379 1057 4461 triqiuto
1077 4378 1113 4440 in
1128 4397 1185 4458 po
1237 4400 1273 4443 ea
1294 4398 1391 4443 eausa
1411 4375 1552 4440 iudicem.
1598 4376 1750 4443 Similiter
1771 4380 1800 4443 si
1818 4380 1894 4460 fidei
1914 4382 2051 4460 quaestio
2071 4379 2209 4464 55115155-

212 4469 348 4530 testatem
366 4486 459 4530 suam
478 4466 673 4564 redeqeruut;
693 4467 784 4530 donec
806 4465 841 4528 in
862 4485 929 4528 eam
945 4463 1117 4559 potentiam
1138 4483 1185 4526 oe·
1236 4471 1304 4543 tur,
1326 4469 1382 4528 out
1402 4483 1481 4542 quae
1502 4463 1555 4561 ad·
1563 4463 1731 4562 emlmiam·
1735 4467 1863 4546 proprie
1879 4468 2058 4548 pertineret,
2079 4467 2209 4549 aequitio

212 4549 1186 4720 555551555555555555
1237 4548 1916 4723 dilitutlttidttttldt
1916 4552 2114 4721 tduttd
2101 4573 2210 4704 512

213 4723 338 4802 larunt,
361 4728 396 4787 ut
416 4724 638 4806 propemodum
658 4722 860 4804 perdiderint.
907 4719 991 4785 Olim
1012 4739 1108 4800 quum
1128 4720 1185 4785 sub
1236 4723 1305 4787 riae
1320 4726 1413 4804 pater
1433 4725 1505 4785 treus
1524 4741 1585 4784 non
1606 4721 2042 4806 modosermcnerespondit,
2064 4725 2211 4808 5511591-

216 4806 364 4892 Greqorio
384 4809 530 4874 bonorum
552 4808 823 4874 ecclesiasticorum
840 4806 976 4870 custodes
993 4825 1122 4870 manum
1137 4808 1186 4872 in·
1238 4808 1296 4872 lus
1322 4826 1440 4889 quoque
1467 4807 1586 4884 sancit,
1613 4807 1648 4869 in
1674 4827 1771 4871 causa
1794 4808 1868 4888 lidei
1896 4830 1967 4873 eum
1994 4810 2135 4876 iudicare
2160 4812 2211 4876 515-

213 4893 337 4960 iicerent
358 4895 550 4979 proediis,⁸)
578 4914 657 4975 quae
685 4892 841 4958 censebant
869 4890 1010 4958 ecclesiae
1035 4913 1116 4972 esse,
1150 4913 1186 4958 aa
1238 4894 1321 4972 lere,
1342 4892 1397 4974 qai
1424 4912 1478 4957 nee
1501 4911 1627 4959 munere
1653 4894 1695 4958 sit
1715 4894 1835 4975 impar,
1864 4915 1917 4959 nec
1943 4896 2013 4961 iure
2033 4896 2209 4962 dissinilis.

284 5115 312 5182 1)
331 5116 370 5169 Gi.
388 5117 475 5184 Epist.
494 5113 519 5167 5.
537 5117 582 5167 lib.
601 5114 626 5167 2.
653 5116 740 5184 Epist.
758 5114 800 5168 20.
818 5115 864 5168 lib.
882 5112 907 5166 3.
941 5115 1027 5184 Epist.
1041 5114 1083 5168 61.
1102 5116 1148 5169 111).
1161 5114 1186 5168 2.
1307 5114 1337 5183 1)
1361 5113 1437 5169 Haec
1457 5120 1593 5182 postrema
1615 5114 1697 5168 ocrea
1720 5115 1784 5169 alim
1806 5118 1836 5170 in
1861 5117 1901 5169 ed.
1926 5134 1952 5171 a.
1976 5117 2044 5172 1539
2067 5121 2211 5174 moutam

215 5182 469 5252 11ρί5531554.
538 5184 568 5250 2)
585 5185 672 5252 Epist.
690 5183 715 5238 4.
734 5185 780 5237 lib.
798 5181 840 5236 ei
911 5182 941 5250 3)
960 5185 1085 5237 Hubetur
1102 5182 1186 5237 11154,
1241 5180 1306 5252 Gap.
1326 5182 1375 5236 xl
1381 5183 1409 5237 V.
1429 5200 1456 5251 p.
1471 5183 1530 5237 374.
1631 5182 1662 5250 2)
1684 5183 1812 5238 Refertur
1830 5185 1893 5239 ⁸Lib.
1913 5185 1937 5238 l.
1966 5187 2099 5241 Theodor.
2122 5205 2144 5242 c.
2167 5188 2209 5242 20.

216 5252 322 5323 registr.
340 5271 362 5307 a.
380 5251 422 5306 88.
1238 5252 1286 5342 (51
1306 5252 1359 5320 19)
1433 5248 1940 5324 3)1511).4.Τὴοο(151·.5.8.(517).
2013 5255 2046 5322 4)
2062 5257 2149 5327 Epist.
2167 5256 2210 5312 32.
