4732 6030
959 352 1326 419 PROLEGOMENA.
1975 356 2137 422 XXXIII

125 544 165 606 in
189 565 230 607 ea
251 544 454 625 propriisque
476 541 600 606 viribus
621 562 757 625 pergere
778 551 918 624 possent.
964 541 1081 621 Simul,
1105 543 1167 608 1666
1189 544 1292 608 veluti
1314 549 1417 608 strata
1438 544 1501 620 via,
1524 567 1605 627 quas
1622 545 1758 628 posthac
1776 543 1922 608 editurus
1942 560 2013 608 erat
2027 542 2136 627 'scrip-
2201 536 2206 545 ’

126 664 227 718 turae
254 655 476 718 enarrationes
502 652 692 735 compendio
714 653 918 737 adstringere
940 655 1170 733 constituebat,
1199 655 1390 738 dogmaticis
1413 655 1700 738 disputationibus,
1730 656 1765 719 in
1794 676 1874 736 quas
1903 655 1958 718 alii
1987 664 2137 721 textuum

127 786 303 831 sacrorum
324 766 518 846 interpretes
539 764 639 848 vulgo
660 765 793 848 evagari
816 765 971 843 solebant,
994 765 1056 830 hoc
1077 766 1146 831 loco
1169 765 1246 831 data
1267 788 1366 848 opera
1388 767 1551 832 absolutis.

289 875 383 956 Quae
405 876 483 941 olim
509 878 640 941 fuerant
663 877 772 959 capita
804 898 863 941 666
884 876 939 941 1616
961 884 1038 941 sunt
1059 871 1296 961 septemdecim.
1342 879 1473 962 Agmen
1495 879 1619 944 ducunt
1641 878 1703 942 duo
1732 899 1830 956 nova,
1859 879 2137 963 66661666661-

129 989 223 1053 11666
245 989 309 1052 Dei
338 995 371 1052 et
397 988 539 1052 hominis
561 989 798 1066 inscribuntur,
826 989 861 1053 in
889 988 1028 1071 quorum
1055 991 1232 1072 posteriore
1251 989 1411 1054 nonnulla
1433 990 1534 1054 habes
1557 990 1597 1055 de
1625 991 1719 1072 lapsu
1740 997 1773 1053 et
1794 1000 1925 1071 peccato
1948 990 2034 1056 dicta
2055 1013 2137 1073 qnae

129 1100 213 1164 olim
235 1102 269 1192 in
290 1101 397 1164 fronte
419 1101 525 1182 operis
547 1099 608 1164 sub
632 1100 727 1164 titulo
750 1099 914 1165 doctrinae
937 1099 977 1164 do
999 1100 1071 1183 lege
1092 1101 1314 1167 occurrebant.
1360 1102 1509 1165 Tertium
1530 1108 1564 1165 61
1584 1107 1753 1184 quartum,
1777 1102 1982 1183 paucioribus
2004 1104 2138 1168 mutatis

130 1220 166 1276 61
189 1211 323 1289 additis,
352 1212 587 1293 expositionem
609 1211 754 1295 decalogi
776 1219 809 1275 et
835 1212 973 1296 symboli
996 1233 1037 1276 66
1065 1214 1171 1294 prima
1200 1213 1387 1276 recensione
1410 1211 1504 1298 (Cap.
1524 1210 1631 1296 1.11.)
1659 1219 1818 1295 repetunt.
1865 1211 2021 1294 Sequitur
2044 1216 2138 1296 quin-

128 1330 208 1387 tum
226 1323 266 1388 de
287 1324 496 1404 poenitentia,
519 1324 571 1388 cui
588 1345 710 1406 magna
730 1345 807 1406 6666
830 1325 899 1388 eius
921 1330 1079 1389 tractatus
1101 1324 1266 1401 inseritur,
1290 1345 1387 1405 quem
1408 1324 1485 1388 olim
1509 1323 1549 1389 de
1571 1325 1713 1407 quinque
1733 1324 1814 1389 falso
1836 1323 1930 1390 dictis
1952 1347 2137 1390 sacramen-

128 1436 194 1514 tis,
222 1456 339 1517 nempe
362 1435 478 1516 prioris
507 1434 656 1499 editionis
679 1434 793 1500 itidem
813 1433 892 1517 Gap.
912 1435 953 1498 V.
985 1435 1167 1517 scripserat.
1214 1433 1354 1499 Sextum
1381 1435 1449 1499 fere
1475 1457 1600 1501 novum
1621 1444 1670 1500 est
1698 1436 1738 1500 de
1760 1436 1986 1500 iustificatione
2008 1436 2084 1500 fidei
2106 1445 2139 1501 et

128 1567 269 1628 operum
295 1546 435 1624 meritis,
463 1547 569 1629 magis
598 1547 698 1611 611666
720 1549 895 1629 septimum
915 1546 955 1611 de
976 1546 1188 1612 similitudine
1216 1553 1248 1610 et
1270 1546 1454 1611 differentia
1480 1547 1602 1612 veteris
1623 1553 1657 1610 et
1677 1548 1754 1611 novi
1776 1549 1976 1624 testamenti,
1999 1555 2032 1612 et
2052 1554 2139 1612 octa·

126 1679 214 1721 vum
235 1656 276 1721 de
296 1656 592 1739 praedestinatione
619 1667 652 1722 et
680 1659 885 1740 providentia
906 1659 980 1737 Dei,
1001 1659 1054 1723 cui
1077 1657 1234 1722 admiscet
1255 1679 1338 1739 6666
1365 1658 1430 1723 1666
1458 1659 1639 1740 spectantia
1665 1658 1742 1721 olim
1771 1658 1907 1723 articulo
1936 1657 1976 1723 de
2004 1659 2139 1724 ecclesia

128 1769 166 1831 in
198 1770 399 1851 expositione
422 1769 560 1853 symboli
589 1770 755 1834 tribuerat.
800 1770 904 1834 Porro
930 1791 1054 1834 nonum
1083 1768 1123 1833 dc
1151 1769 1310 1846 66611666,
1342 1768 1504 1833 decimum
1534 1770 1574 1833 de
1601 1771 1828 1847 sacramentis,
1863 1768 2071 1835 undecimum
2099 1772 2139 1835 de

127 1879 305 1962 baptismo,
327 1879 553 1945 duodecimum
575 1879 615 1944 de
638 1901 738 1945 coena
750 1881 893 1961 Domini,
916 1902 984 1945 666
1005 1900 1064 1963 666
1086 1879 1199 1944 661166
1221 1901 1333 1944 rerum
1353 1887 1484 1944 tantum
1505 1881 1562 1944 sed
1584 1881 1706 1962 passim
1729 1880 1924 1945 adverbum
1942 1882 2139 1964 respondent

127 1991 293 2072 capitibus
310 1991 373 2055 III.
397 1998 430 2055 et
450 1991 510 2055 IV.
529 1992 646 2074 prioris
667 1992 873 2057 recensionis.
917 1992 1043 2056 Eodem
1062 1991 1158 2056 modo
1181 2013 1263 2075 6666
1286 1997 1473 2074 sequuntur
1494 1993 1558 2056 tria
1579 1990 1620 2055 de
1641 1991 1792 2056 libertate
1810 1992 1998 2071 christiana,
2022 1994 2062 2058 16
2079 2015 2136 2076 66-

118 2091 252 2166 'testate
277 2102 507 2180 ecclesiastica,
538 2101 641 2185 deque
668 2103 798 2184 politica
826 2103 1105 2169 administratione
1138 2103 1291 2168 ultimum
1318 2103 1462 2167 eiusdem
1490 2108 1588 2185 caput
1613 2104 1766 2167 referunt.
1810 2103 1985 2168 Decimum
2007 2114 2137 2170 sextum

128 2221 183 2278 est
205 2213 246 2278 da
268 2214 409 2296 quinque
429 2214 510 2278 falso
533 2214 710 2279 nominatis
732 2217 944 2281 sacramentis
966 2215 1060 2299 (olim
1082 2214 1118 2281 0.
1143 2213 1216 2298 V.),
1238 2216 1307 2279 iam
1328 2235 1367 2278 ea
1390 2213 1607 2296 disputatione
1629 2221 1817 2279 1666661666
1838 2235 1937 2297 quam
1960 2215 1999 2280 de
2024 2217 2136 2299 poeni·
2258 2222 2264 2239 ⁴

128 2326 236 2390 tentia
258 2326 445 2391 instituerat
471 2333 566 2390 autor
595 2327 710 2408 cuique
731 2348 818 2390 nunc
846 2328 981 2393 seorsim
1004 2327 1128 2409 positae
1150 2332 1327 2408 auctaeque
1354 2325 1455 2389 alium
1480 2325 1588 2391 locum
1615 2326 1803 2408 assignavit.
1850 2325 1994 2391 Additur
2014 2329 2049 2391 in
2070 2329 2137 2392 fine

127 2443 291 2502 tractatus
312 2437 409 2520 plana
430 2459 535 2502 novus
558 2436 597 2501 de
619 2438 688 2503 vita
710 2437 851 2502 hominis
873 2438 1051 2503 christiani.

287 2549 351 2612 'ibt
371 2570 408 2613 ao
431 2550 531 2613 tantis
553 2549 619 2612 iam
641 2569 684 2613 66
707 2548 776 2614 6616
797 2549 967 2613 1116166666
989 2549 1159 2615 collatione
1185 2548 1417 2631 apparentibus
1444 2548 1654 2613 incrementis
1683 2547 1824 2630 plurima
1846 2548 2007 2613 accedunt
2028 2551 2136 2615 minus

128 2661 315 2742 conspicua,
339 2660 394 2725 ubi
416 2660 610 2726 succinctius
632 2661 779 2743 exposita
801 2660 956 2742 ampliore
985 2660 1212 2743 explanatione
1234 2661 1456 2738 illustrantur,
1486 2668 1543 2724 661
1564 2658 1606 2724 61
1627 2658 1824 2725 firmandam
1846 2659 2027 2725 doctrinam
2048 2683 2137 2728 nunc
2164 2667 2169 2672 ”

127 2792 218 2836 nova
238 2778 433 2854 argumenta
451 2771 675 2853 proferuntur,
698 2794 785 2837 nunc
807 2779 939 2855 patrum
960 2773 1096 2854 placita,
1124 2774 1241 2854 quibus
1264 2779 1359 2837 autor
1379 2773 1465 2836 iuter
1492 2778 1623 2837 caetera
1644 2771 1752 2836 studia
1773 2771 1878 2835 indies
1897 2774 2003 2854 magis
2026 2794 2137 2837 assue-

127 2884 221 2947 visse
240 2884 409 2966 magisque
434 2882 639 2947 familiariter
661 2905 740 2948 usus
761 2885 861 2949 fuisse
883 2885 1021 2949 videtur.
1066 2884 1144 2948 Iure
1171 2886 1273 2968 igitur
1296 2883 1418 2948 1166616
1440 2883 1616 2948 Calvinum
1637 2884 1672 2946 in
1701 2882 1763 2946 hac
1785 2881 1929 2947 secunda
1951 2885 2138 2949 recensione

128 2994 211 3078 plus
229 2995 427 3077 praestitisse
449 3015 548 3076 quam
569 2996 603 3058 in
625 2995 745 3077 prima,
774 3017 970 3078 quamquam
992 2995 1083 3074 haec,
1106 3001 1217 3078 utpote
1239 2995 1344 3078 magis
1366 2991 1511 3073 εὐαίνητος
1533 3002 1567 3059 61
1587 2993 1803 3077 περιφόρητος,
1828 2995 1964 3058 16616666
1993 2996 2137 3077 plurium

129 3106 305 3170 hominum
327 3105 503 3169 commodis
524 3106 683 3172 inservire
704 3113 855 3189 potuerat
876 3128 974 3189 quam
996 3114 1109 3172 nostra
1130 3106 1340 3189 ponderosior
1362 3114 1395 3170 61
1415 3108 1527 3172 666166.
1567 3107 1680 3171 Etiam
1701 3127 1810 3171 sermo
1831 3106 1963 3186 latinus,
1986 3115 2024 3171 ut
2044 3108 2137 3173 nobis

129 3217 265 3299 quidem
290 3218 435 3295 videtur,
463 3217 530 3280 iam
551 3219 703 3282 fluentior
725 3227 758 3282 et
785 3220 902 3283 tersior
929 3240 971 3283 66
996 3219 1069 3301 1666
1095 3220 1250 3283 orationis
1272 3217 1499 3300 amplitudine;
1526 3218 1613 3301 6661
1641 3224 1674 3282 61
1702 3219 1736 3281 16
1758 3218 1989 3299 posterioribus
2011 3218 2137 3283 addita-

130 3329 255 3393 mentis
274 3349 335 3393 nos
356 3329 548 3394 observasse
569 3329 630 3395 hoc
651 3329 721 3396 1666
743 3351 928 3410 monemus,
954 3351 996 3394 ne
1017 3331 1067 3395 bis
1095 3331 1129 3394 in
1156 3330 1244 3395 idem
1265 3329 1373 3394 redire
1396 3351 1476 3413 opus
1498 3329 1685 3395 habeamus.
1707 3329 1857 3393 ,Verum
1879 3329 1940 3392 has
1961 3330 2042 3394 tales
2065 3338 2138 3393 tan-

129 3448 248 3522 tasque
268 3441 481 3504 materiarum
502 3440 610 3522 666166
631 3442 793 3524 prioribus
813 3443 980 3506 1666616166
1003 3443 1109 3506 661661
1136 3442 1341 3526 aliquatenus
1363 3440 1594 3524 impedimento
1616 3443 1764 3519 fuerunt,
1793 3461 1856 3522 quo
1877 3441 1986 3504 minus
2007 3440 2138 3504 easdem

130 3551 216 3616 hene
246 3551 410 3637 digereret
438 3559 470 3616 et
496 3552 664 3633 aptissimo
686 3573 847 3635 quamque
875 3553 944 3619 loco
966 3553 1145 3619 collocaret.
1189 3553 1261 3617 Imo
1287 3574 1370 3634 quac
1398 3559 1496 3617 antea
1517 3554 1596 3618 satis
1619 3551 1790 3636 perspicua
1813 3560 1845 3614 ct
1868 3550 2008 3631 simplex
2029 3551 2138 3615 fuerat

131 3663 242 3745 operis
270 3663 451 3746 dispositio,
485 3685 544 3747 pro
570 3663 728 3728 lectorum
750 3666 880 3748 ingenio
903 3686 983 3747 quos
1011 3666 1073 3730 sibi
1095 3667 1182 3729 inter
1204 3665 1411 3729 scribendum
1432 3670 1647 3748 proposuerat
1668 3662 1862 3738 edocendos,
1891 3683 1929 3725 ea
1955 3662 2022 3725 iam
2041 3662 2137 3727 intri-

133 3776 238 3838 catior
260 3781 293 3839 et
313 3775 457 3839 66166611
478 3796 591 3839 rerum
612 3773 732 3867 rationi
756 3777 865 3840 minus
888 3769 1105 3841 consentanea
1130 3777 1268 3841 videtur.
1314 3776 1430 3839 Altera
1451 3776 1540 3839 enim
1562 3797 1604 3839 66
1624 3780 1716 3856 66616
1738 3773 1858 3837 6616616
1880 3772 1968 3836 illius
1991 3775 2139 3839 cateche-

133 3887 192 3949 tici
213 3886 388 3951 schematis
409 3887 548 3969 vestigia
570 3886 807 3969 deprehendes,
840 3910 881 3952 66
903 3888 1006 3952 611666
1028 3910 1132 3953 novae
1155 3887 1360 3952 calvinianae
1381 3884 1539 3949 formulae
1568 3885 1780 3962 lineamenta,
1812 3885 1850 3946 in
1871 3885 1935 3948 Dei
1957 3886 2138 3950 61666616-

132 3997 233 4062 tionis
265 3999 396 4062 notione
429 3999 534 4062 omnis
564 3998 745 4081 theologiae
777 3999 1027 4065 fundamentum
1059 3999 1280 4084 agnoscentis,
1314 4002 1347 4060 et
1379 3995 1540 4079 evangelii
1575 3995 1756 4063 doctrinam
1787 3996 1929 4060 hominis
1961 3999 2139 4080 peccatoris

133 4109 310 4192 cognitioni
332 4109 594 4191 superstruentis.
643 4144 652 4154 ,

289 4220 477 4302 Antequam
499 4220 586 4284 ultra
607 4222 856 4305 progrediamur
876 4232 979 4287 restat
999 4232 1037 4287 ut
1058 4222 1098 4287 de
1120 4222 1215 4286 111616
1239 4221 1337 4284 huius
1358 4219 1520 4284 secundae
1542 4218 1693 4283 editionis
1712 4218 1835 4301 aliquid
1851 4219 1950 4301 plane
1972 4220 2139 4303 singulare

135 4336 329 4396 annotemus
351 4340 384 4395 et
405 4331 492 4414 quod
514 4331 591 4396 olim
612 4333 692 4397 viris
715 4335 816 4400 doctis
837 4356 903 4399 non
924 4355 1062 4417 parvam
1086 4334 1268 4398 molestiam
1289 4332 1416 4396 crearit.
1461 4329 1681 4395 Tradiderrmt
1703 4338 1829 4395 veteres
1849 4331 1986 4413 plurimi
2008 4338 2138 4396 exstare
2248 4355 2256 4368 ·

134 4443 208 4506 eius
229 4443 436 4525 exemplaria,
461 4443 518 4508 sed
539 4443 621 4509 albis
643 4447 747 4510 corvis
769 4449 902 4525 rariora,
925 4468 1007 4530 quae
1031 4453 1178 4511 autorem
1198 4467 1265 4509 non
1289 4442 1471 4521 06161666,
1495 4442 1566 4521 661,
1590 4463 1649 4524 666
1672 4463 1886 4527 anagramma
1907 4441 1993 4524 6661
2016 4440 2137 4520 dicunt,

136 4553 308 4618 Alesiam
328 4555 507 4619 nominent.
551 4555 637 4620 Vide
658 4565 788 4639 praeter
810 4565 952 4624 66616666
974 4557 1172 4624 (1661661666
1193 4557 1214 4620 l.
1237 4556 1258 4620 l.
1281 4577 1312 4638 p.
1332 4558 1419 4635 457.;
1442 4553 1602 4637 Vogtium
1623 4554 1657 4617 in
1680 4553 1837 4636 (latalogo
1859 4553 1891 4616 ll.
1915 4574 1978 4616 rar.
1998 4573 2028 4634 p.
2051 4556 2137 4632 1oa.;

134 4670 169 4729 61
189 4666 334 4730 maxime
356 4664 508 4730 Clamant
527 4666 613 4732 Bibl.
644 4690 710 4734 cur.
734 4669 793 4732 VI.
819 4673 886 4746 72,
914 4672 970 4754 qui
992 4672 1061 4754 ipse
1083 4669 1148 4735 tale
1179 4667 1347 4750 exemplar
1368 4665 1553 4749 possidebat
1580 4667 1627 4729 ita
1649 4674 1685 4730 ut
1712 4687 1796 4749 quae
1817 4662 1955 4746 Baylius
1977 4664 2012 4726 in
2034 4664 2139 4730 lexico

134 4776 213 4860 (art.
236 4774 356 4842 Oalvin
377 4784 410 4841 et
432 4776 634 4862 Schulting)‚
658 4789 690 4844 et
712 4781 864 4864 Basnage
887 4782 929 4847 ad
951 4783 1076 4848 Oanisii
1097 4782 1250 4848 lectiones
1272 4781 1369 4861 antiq.
1393 4778 1420 4842 Ι.
1444 4780 1516 4840 487.
1547 4776 1646 4842 161616
1673 4777 1713 4842 16
1735 4800 1775 4859 66
1803 4798 1838 4841 66
1861 4782 2033 4840 moverant
2054 4775 2138 4840 nihil

132 4894 252 4952 contra
272 4888 424 4954 efficiant.
469 4889 541 4953 Imo
562 4892 690 4955 mireris
710 4892 1006 4977 Baumgartenium
1027 4895 1136 4959 virum
1164 4913 1329 4958 summum
1336 4939 1345 4971 ,
1372 4888 1460 4972 apud
1479 4910 1577 4970 quem
1606 4897 1775 4971 praeterea
1796 4888 1836 4952 de
1858 4885 1997 4951 Calvino
2018 4886 2138 4953 altissi-

132 5021 228 5064 mum
250 4998 425 5078 silentium,
448 5001 484 5063 in
505 5023 565 5065 sua
586 5002 713 5067 halensi
735 5005 930 5070 bibliotheca
950 5013 972 5070 t.
996 5006 1056 5070 VI.
1079 5027 1110 5088 p.
1130 5008 1217 5082 261„
1245 5003 1412 5068 memiana
1441 5001 1550 5065 oblata
1572 5001 1815 5065 Institutionum
1839 4996 2047 5081 ψευδωνύμως
2075 5020 2138 5062 un·

132 5131 236 5194 quam
263 5109 385 5174 editam
413 5110 566 5176 audacter
595 5135 732 5198 negare,
761 5137 863 5198 quum
888 5117 955 5181 iam
983 5140 1068 5183 anno
1093 5119 1174 5180 1723
1198 5115 1276 5181 Chr.
1301 5113 1369 5198 Sig.
1393 5112 1496 5177 Liebe
1519 5112 1679 5196 singulari
1707 5111 1816 5175 libello
1839 5110 1878 5175 dc
1900 5109 2137 5194 pseudonymia

132 5220 269 5376 Oalvicpli
290 5221 527 5287 Amstelodami
555 5224 640 5289 edite
668 5226 752 5308 quod
774 5249 890 5293 verum
911 5239 981 5295 erat
1002 5230 1075 5294 luce
1103 5229 1222 5294 clarius
1250 5226 1291 5291 de
1318 5225 1449 5310 proprio
1475 5225 1548 5289 visu
1577 5223 1840 5289 demonstrasset.
1885 5223 1920 5287 Is
1942 5244 1977 5286 se
1997 5227 2136 5286 testatur

258 5325 423 5392 oiaioperc.
459 5325 518 5379 Vol.
534 5325 561 5381 1.
1912 5325 1936 5376 a
