4770 6030
79 394 83 402 ,
197 288 203 300 ’
233 331 297 392 aaa
816 319 1081 387 msrluurro
1103 321 1208 386 11111.
1231 319 1411 386 annisu.
1437 323 1668 385 isso-1554.
2177 325 2246 386 661

1874 434 2243 504 A3223c42530425.
2319 501 2324 508 ,

237 518 411 582 autoritate
433 520 519 578 certo
538 513 671 591 nititur,
696 511 826 576 etiamsi
847 510 939 575 nulla
960 511 1029 574 cius
1050 511 1132 573 ratio
1155 531 1211 574 611-
1264 508 1325 574 dus
1346 530 1422 574 cum
1442 509 1508 574 illis
1530 509 1708 574 aDomino
1730 421 1919 590 percusslim
1941 510 2091 576 obfirmet
2112 523 2244 577 616611-

237 610 318 677 stet3
348 621 430 683 quae
450 598 633 663 reverentia
654 619 759 678 neque
779 595 1042 679 paedobsptismo
1064 595 1209 674 debetur,
1263 596 1335 660 ciat
1380 594 1521 678 Reliqua
1543 596 1612 660 eius
1634 596 1828 660 sacramenti
1847 595 2050 678 significatio,
2073 619 2135 678 quo
2156 603 2243 662 tem-

237 708 341 769 neque
365 686 437 750 aliis
459 682 633 761 similibus,
656 703 739 766 quae
761 703 914 765 expresso
936 682 1002 747 Dei
1023 680 1121 745 verbo
1143 702 1210 745 non
1262 702 1340 763 pore
1357 681 1520 746 Dominus
1542 681 1730 762 providerit,
1753 688 1865 763 postea
1886 690 2109 764 consequetur.

236 783 315 838 suut
335 769 429 835 nobis
451 767 690 835 commendata:
714 767 843 851 quando
866 767 929 832 hoc
950 766 1136 832 dilemmate
1154 767 1210 830 de-
1350 770 1399 830 42.
1444 767 1619 831 Neminem
1639 788 1710 832 esse
1731 768 1796 831 iam
1817 774 1895 849 puto
1912 768 1969 848 qui
1985 788 2052 832 non
2069 770 2242 850 perspicue

234 857 388 940 prehensi
409 876 537 938 semper
551 861 713 919 tenentur.
748 856 817 918 Aut
833 854 921 918 enim
936 853 1119 936 legitimum
1135 853 1210 916 nul·
1263 860 1385 929 cernat,
1404 874 1516 918 omnes
1534 852 1632 918 huius
1651 860 1746 917 notae
1763 854 1905 918 rationes
1923 874 2030 919 meras
2048 875 2119 919 esse
2136 855 2241 937 serip-

233 943 338 1025 lisque
361 941 486 1007 cavillis
508 941 694 1017 obnoxium,
721 950 778 1004 aut
800 938 1051 1022 reprehensione
1073 938 1210 1022 dignum
1262 946 1355 1002 turae
1377 939 1586 1004 inversiones.
1631 938 1725 1018 Quae
1751 947 1927 1020 supersunt
1953 939 2005 1003 his
2027 940 2142 1004 affines
2163 962 2241 1006 cur·

233 1029 296 1093 fuit
314 1027 354 1091 de
366 1025 636 1092 circumcidendis
653 1026 834 1090 infantibus
844 1025 979 1089 Domini
989 1031 1209 1107 praeceptum.
1263 1024 1325 1088 sim
1350 1046 1591 1108 persequemur.
1645 1024 1853 1106 Baptismum
1884 1026 1920 1089 in
1952 1035 2159 1106 peccatorum
2185 1048 2241 1090 re-

236 1111 275 1180 Si
297 1113 382 1177 nihil
405 1113 519 1178 absoni
541 1134 601 1176 nec
623 1111 756 1176 absurdi
777 1113 813 1174 in
834 1111 890 1175 illo
908 1110 979 1188 11111,
1002 1111 1115 1175 necin
1133 1131 1210 1192 pae-
1263 1111 1451 1175 missionem
1471 1111 1611 1175 conferri
1624 1110 1649 1193 ¹)
1667 1109 1831 1176 obiiciunt.
1861 1108 1959 1190 Quod
1976 1110 2032 1175 ubi
2049 1132 2240 1177 concessum

233 1198 427 1281 dobaptismi
469 1197 694 1263 observatione
732 1196 900 1278 quidpiam
926 1195 1071 1261 'absurdi
1103 1197 1211 1260 notari
1262 1196 1376 1275 fuerit,
1413 1198 1595 1261 sententiae
1632 1203 1763 1261 nostrae
1805 1194 1933 1261 abunde
1968 1197 2238 1278 patrocinabitur.

232 1286 360 1368 poterit.
1262 1282 1455 1348 Peccatores
1477 1282 1564 1346 enim
1586 1303 1687 1364 quum
1708 1302 1894 1359 nascamur,
1921 1283 2111 1347 remissione
2132 1291 2165 1347 et
2181 1305 2240 1347 ve·

320 1374 371 1432 41.
417 1368 527 1450 Quam
549 1389 625 1432 vero
647 1373 808 1433 conantur
832 1368 983 1432 hocloco
1005 1369 1136 1432 inurere
1154 1366 1210 1431 ab·
1263 1368 1320 1432 nia
1341 1369 1407 1432 iam
1429 1383 1454 1432 a‘
1469 1369 1585 1432 matris
1607 1375 1699 1431 utero
1717 1389 1797 1450 opus
1815 1368 1981 1433 habemus.
2015 1369 2119 1434 Porro
2137 1390 2239 1450 quum

235 1454 404 1521 surditatis
436 1454 612 1532 maculam,
647 1454 693 1519 616
725 1452 873 1518 eluimus.
930 1450 1021 1532 Quos
1054 1452 1210 1519 electione
1263 1474 1355 1535 spem
1383 1453 1623 1519 misericordiae
1651 1452 1728 1518 huic
1761 1455 1860 1518 aetati
1886 1475 1953 1518 161
1979 1453 2147 1536 praecidat
2168 1455 2239 1519 Do-

235 1563 295 1606 sua
317 1540 469 1624 dignatus
492 1547 542 1605 est
558 1540 731 1618 Dominus,
755 1541 782 1603 si
805 1545 936 1621 accepto
953 1540 1210 1622 regenerationis
1262 1540 1386 1617 minus,
1420 1539 1477 1604 sed
1507 1539 1614 1622 potius
1647 1547 1771 1604 certam
1796 1540 1908 1617 faciat,
1946 1561 2004 1605 cur
2036 1542 2167 1623 signum
2200 1562 2240 1605 re

235 1628 329 1711 signo
356 1627 521 1709 praesenti
545 1626 615 1689 vita
642 1632 719 1689 ante
741 1624 938 1708 demigrant,
974 1645 1073 1705 quam
1102 1624 1210 1690 adole-
1262 1625 1333 1707 ipsa
1354 1625 1456 1690 multo
1478 1626 1612 1689 inferius
1634 1624 1915 1708 praeriperemus?
1960 1624 2072 1706 Quare
2094 1624 2180 1707 quod
2200 1629 2240 1690 in

235 1714 351 1789 verint,
375 1733 429 1776 eos
451 1713 573 1775 virtute
595 1712 645 1774 sui
670 1710 804 1792 spiritus
826 1711 919 1775 nobis
940 1710 1211 1793 incomprehensa
1262 1731 1321 1775 nos
1342 1711 1473 1776 vibrare
1500 1711 1694 1789 moliuntur,
1722 1711 1784 1777 hoc
1812 1712 1858 1775 ita
1879 1718 2102 1793 retorquemus
2122 1713 2159 1775 in
2181 1733 2240 1777 eos

233 1803 384 1875 renovat,
412 1797 572 1879 quomodo
594 1795 747 1878 expedire
769 1795 856 1861 solus
878 1797 947 1877 ipse
968 1797 1126 1878 providet.
1172 1795 1210 1861 Si
1261 1797 1357 1879 ipsos.
1407 1797 1544 1862 Parvuli
1581 1804 1789 1878 peccatorum
1827 1798 2018 1862 remissione
2056 1797 2236 1862 donantur:

233 1883 449 1966 grandescere
470 1883 505 1945 in
528 1888 668 1946 aetatem
689 1883 871 1964 contingat,
895 1903 959 1963 qua
979 1881 1131 1964 baptismi
1153 1904 1210 1947 ve-
1262 1903 1340 1965 ergo
1361 1883 1454 1966 signo
1476 1883 1629 1964 privandi
1655 1904 1723 1945 161
1750 1890 1835 1947 61111.
1879 1884 2057 1948 Ρ161611111
2077 1883 2174 1947 simul
2195 1884 2238 1946 il-

233 1972 364 2033 ritatem
387 1967 514 2033 edoceri
536 1973 671 2048 queant,
699 1967 777 2031 hinc
797 1968 903 2051 magis
926 1966 968 2031 ad
989 1968 1209 2032 renovationis
1260 1966 1319 2031 lud
1351 1989 1392 2031 ex
1425 1968 1561 2050 epistola
1585 1967 1627 2032 ad
1655 1968 1816 2050 Ephesios
1844 1969 1889 2052 (5,
1914 1970 1984 2053 26);
2019 1969 2191 2033 ecclesiam
2220 1991 2241 2034 a

235 2053 380 2120 studium
402 2053 635 2130 accendentur,
657 2055 748 2117 cuius
771 2062 894 2118 tessera
916 2075 951 2118 se
974 2075 993 2117 a
1015 2055 1121 2136 prima
1143 2060 1209 2117 sta-
1261 2054 1403 2117 Domino
1435 2053 1628 2117 mundatam
1661 2054 1791 2119 lavacro
1820 2075 1922 2135 aquae
1950 2056 1985 2118 in
2006 2055 2106 2119 verbo
2134 2056 2239 2134 vitae;

233 2141 292 2202 tim
314 2140 454 2203 infantia
471 2138 607 2202 donatos
625 2159 695 2203 esse
713 2136 847 2218 discent,
865 2160 929 2220 quo
948 2161 1021 2203 eam
1037 2146 1105 2203 toto
1123 2141 1209 2205 vitae
1262 2160 1324 2220 quo
1347 2138 1388 2203 ad
1416 2159 1560 2203 errorem
1582 2161 1695 2204 eorum
1717 2140 1930 2205 evertendum
1952 2140 2036 2204 nihil
2064 2142 2173 2222 aptius
2193 2142 2240 2205 ci·

234 2225 374 2290 decursu
395 2224 641 2288 meditarentur.
685 2224 812 2290 Eodem
840 2227 1001 2290 referatur
1021 2225 1109 2306 quod
1130 2224 1209 2289 duo·
1261 2225 1326 2288 tari
1352 2231 1487 2307 poterat.
1532 2226 1619 2289 Nam
1644 2225 1721 2290 inde
1749 2226 1842 2290 nobis
1869 2226 1973 2290 facilis
1994 2227 2141 2291 nascitur
2163 2248 2239 2308 pro—

233 2309 294 2375 bus
315 2310 393 2375 locis
415 2310 540 2374 Paulus
562 2310 672 2389 docet,
695 2331 755 2375 nos
776 2310 909 2376 Christo
931 2332 990 2393 per
1010 2312 1209 2394 baptismum
1261 2312 1361 2375 batio:
1391 2311 1418 2375 si
1448 2317 1602 2376 testatam
1628 2312 1789 2393 baptismo
1816 2311 1887 2376 vult
1907 2312 2070 2376 Dominus
2098 2312 2238 2377 ablutio·

234 2396 424 2477 consepeliri
450 2395 559 2479 (Rom.
581 2400 609 2473 6,
628 2401 658 2459 4.
688 2395 805 2474 (1612,
834 2397 897 2480 12).
952 2396 1039 2460 Nam
1072 2418 1109 2460 66
1141 2418 1209 2460 161
1261 2418 1347 2475 nem,
1368 2418 1432 2478 qua
1452 2397 1622 2462 ecclesiam
1642 2418 1736 2461 suam
1758 2398 1922 2474 emundat,
1945 2419 2084 2479 aequum
2101 2418 2169 2463 1611
2186 2399 2236 2463 vi-

231 2481 401 2563 intelligit,
431 2481 657 2563 consepultum
679 2481 811 2559 01111616
839 2483 905 2545 iam
925 2483 1017 2565 prius
1039 2503 1116 2546 eum
1139 2504 1210 2548 esse
1262 2482 1346 2559 deri,
1379 2490 1417 2545 ut
1444 2504 1502 2547 suo
1529 2483 1565 2546 in
1590 2482 1736 2564 parvulis
1763 2483 1946 2547 testimonio
1968 2491 2092 2560 careat,
2121 2485 2177 2564 qui
2198 2486 2234 2547 in

233 2575 383 2649 oportere
404 2569 460 2650 qui
481 2568 644 2649 baptismo
666 2569 710 2631 sit
729 2568 906 2631 initiandus
912 2591 920 2647 3
944 2567 1001 2632 sed
1023 2589 1106 2650 quae
1128 2569 1208 2652 bap·
1261 2569 1414 2633 ecclesiae
1437 2575 1530 2651 parte
1551 2570 1622 2632 iure
1640 2576 1824 2645 censentur,
1848 2590 1948 2650 quum
1966 2568 2122 2633 haeredes
2140 2571 2234 2651 regni

232 2653 330 2717 tismo
358 2653 469 2718 subest
503 2653 664 2730 doctrina,
699 2654 889 2736 simpliciter
921 2653 1079 2731 declarat,
1111 2654 1208 2737 idque
1261 2653 1408 2718 coelestis
1431 2655 1497 2718 sint
1517 2655 1704 2735 nuncupati
1736 2653 1935 2718 Universum
1957 2655 2044 2718 enim
2065 2655 2235 2719 ecclesiam

231 2739 298 2802 1611
319 2738 508 2821 baptizatis;
529 2746 567 2802 ut
588 2740 754 2822 neinsani
772 2738 911 2821 quidem,
934 2740 1095 2822 baptismo
1112 2762 1208 2822 prae·
1260 2740 1385 2804 Paulus
1419 2740 1655 2821 complectitur,
1689 2738 1746 2803 ubi
1778 2739 1857 2804 dicit
1887 2739 2076 2803 mundatam
2102 2739 2235 2804 lavacro

229 2825 428 2906 ponendam,
461 2846 503 2888 ex
537 2824 597 2889 hoo
628 2825 699 2889 1666
727 2827 905 2909 pugnaturi
930 2826 1004 2890 6111.
1049 2825 1091 2889 ln
1120 2827 1207 2891 hunc
1261 2846 1371 2907 aquae.
1416 2825 1528 2889 Nihilo
1551 2826 1655 2891 secius
1678 2833 1772 2889 etex
1794 2847 1831 2889 eo
1853 2825 1939 2907 quod
1959 2826 2036 2890 alibi
2058 2823 2148 2900 dicit,
2171 2846 2233 2890 166

229 2911 363 2975 modum
390 2912 501 2975 Moses
535 2917 569 2974 et
597 2911 775 2993 prophetae
802 2911 958 2993 populum
979 2911 1206 2991 admonebant,
1260 2912 1296 2975 in
1333 2911 1458 2975 Christi
1496 2932 1613 2994 corpus
1651 2932 1711 2994 per
1748 2911 1947 2993 baptismum
1986 2932 2057 2976 esse
2094 2911 2236 2975 insertos
2264 2992 2267 2996 Δ

230 2996 307 3077 quid
342 2995 404 3060 sibi
436 2997 535 3061 vellet
567 2997 784 3075 circumcisio,
825 3018 891 3079 qua
923 3004 1034 3061 tamen
1066 2999 1207 3062 infantes
1260 2996 1534 3080 (10611213)
1568 2996 1764 3079 colligimus,
1791 2997 1949 3074 infantes,
1977 3018 2057 3078 quos
2079 2997 2237 3062 membris

230 3083 352 3163 signati
378 3083 516 3146 fuerant.
563 3082 770 3146 Tantundem
791 3083 880 3147 valet
907 3082 994 3166 quod
1022 3092 1055 3149 et
1078 3083 1207 3149 Galatis
1260 3083 1327 3148 suis
1360 3082 1512 3147 Christus
1545 3089 1755 3160 annumerat,
1789 3082 2001 3164 baptizandos
2030 3104 2119 3161 esse,
2145 3105 2187 3147 ne
2215 3104 2237 3147 a

230 3168 343 3231 scribit
364 3167 409 3250 (3,
429 3166 503 3250 27),
528 3187 581 3231 666
603 3167 682 3231 dum
703 3169 859 3250 baptizati
880 3170 1014 3235 fuerunt
1036 3168 1208 3234 (1111161111
1260 3189 1318 3232 suo
1346 3189 1480 3250 corpore
1508 3168 1714 3234 divellantur.
1763 3169 1817 3232 En
1845 3191 1908 3251 quo
1935 3170 2058 3250 impetu
2084 3190 2160 3233 cum
2186 3175 2238 3233 161

229 3252 383 3317 induisse.
429 3251 595 3335 Quorsum
616 3253 672 3318 id?
716 3254 843 3336 Nempe
870 3262 907 3319 ut
929 3254 1062 3319 Christo
1089 3255 1124 3319 in
1149 3277 1207 3338 po-
1259 3254 1420 3319 machinis
1440 3255 1477 3317 in
1496 3261 1609 3319 nostra
1628 3253 1790 3336 praesidia
1808 3255 2054 3338 impressionem
2075 3255 2205 3319 1661611.

229 3345 354 3404 storum
371 3339 534 3403 viverent:
559 3360 625 3403 non
646 3340 724 3422 quia
743 3347 818 3405 ante
836 3341 1005 3406 vixissent.
1039 3342 1085 3405 Et
1103 3362 1207 3423 quan·
1346 3343 1396 3403 43.
1441 3341 1514 3404 Iam
1547 3341 1589 3404 ad
1627 3340 1748 3405 saeculi
1781 3341 1947 3422 apostolici
1984 3342 2103 3422 praxin
2137 3348 2237 3423 atque

229 3445 327 3506 quam
356 3426 390 3487 in
420 3433 502 3489 natu
525 3425 754 3508 grandioribus
776 3426 925 3511 mysterii
956 3427 1207 3510 intelligentiam
1260 3425 1529 3491 consuetudinem
1563 3426 1777 3504 descendunt,
1812 3448 1875 3508 quo
1908 3448 2004 3491 16116
2037 3427 2100 3491 nisi
2133 3427 2235 3491 fidem

228 3511 315 3593 signi
336 3511 497 3592 susceptio
521 3513 673 3594 consequi
696 3512 806 3591 debet,
837 3513 990 3595 parvulos
1012 3517 1123 3576 tamen
1144 3513 1207 3576 alio
1260 3520 1336 3576 ante
1369 3513 1665 3595 poenitentiamque
1693 3513 1857 3594 professus
1884 3513 1925 3576 ad
1951 3511 2149 3594 baptismum
2177 3512 2236 3576 ad-

227 3595 297 3661 loco
327 3618 364 3661 ac
398 3618 535 3660 numero
566 3597 747 3677 habendos,
779 3619 862 3662 mox
894 3606 1082 3680 exponetur.
1136 3598 1206 3663 Nec
1258 3599 1378 3663 missus
1400 3600 1604 3680 comperitur.
1649 3598 1736 3661 Nam
1756 3599 1812 3663 ubi
1834 3604 1969 3680 rogatur
1989 3598 2109 3663 Petrus
2130 3599 2171 3662 ab
2193 3599 2236 3663 iis

228 3682 317 3745 aliud
357 3681 567 3747 statuendum
606 3692 655 3748 661
692 3685 733 3748 de
771 3706 809 3749 66
841 3685 926 3765 quod
960 3684 1053 3748 docet
1084 3685 1206 3750 Petrus
1258 3685 1376 3766 quibus
1399 3693 1470 3748 erat
1486 3683 1696 3767 resipiscendi
1713 3684 1851 3761 animus,
1874 3683 1952 3766 quid
1973 3685 2061 3749 fectu
2083 3684 2125 3747 sit
2142 3705 2234 3766 opus,

228 3767 261 3850 (l
282 3768 370 3830 Petr.
392 3770 420 3844 3,
441 3766 496 3852 21)
519 3769 554 3832 11
576 3789 639 3850 quo
661 3770 723 3834 sibi
744 3791 902 3853 magnum
923 3769 1120 3852 praesidium
1139 3779 1205 3836 sta-
1257 3777 1295 3834 ut
1314 3771 1549 3852 poenitentiam
1576 3771 1719 3852 primum
1742 3776 1843 3853 agant
1872 3770 2027 3846 consulit,
2057 3768 2174 3834 deinde
2196 3779 2236 3834 ut

228 3857 339 3931 111111;
368 3874 468 3934 quum
495 3853 575 3919 dicit
600 3877 665 3919 non
694 3876 765 3920 esse
794 3856 993 3920 ablutionem
1017 3856 1059 3924 ad
1080 3858 1204 3922 abster-
1256 3856 1465 3939 baptizentur
1486 3857 1520 3919 11
1538 3856 1762 3919 remissionem
1779 3861 1985 3936 peccatorum
2007 3854 2095 3939 (Act.
2117 3860 2145 3932 2,
2165 3857 2232 3940 37).

229 3937 352 4020 gendas
379 3941 521 4021 corporis
549 3941 674 4020 sordes,
705 3940 762 4007 sed
790 3942 892 4006 bonae
920 3942 1136 4008 conscientiae
1156 3951 1205 4008 te·
1257 3939 1418 4006 Similiter
1445 3941 1632 4022 Philippus,
1661 3962 1763 4021 quum
1791 3939 1951 4022 baptizari
1979 3941 2149 4006 eunuchus
2176 3942 2234 4006 ille

228 4024 417 4088 stimonium
446 4046 556 4089 coram
577 4027 664 4105 Deo,
694 4048 754 4109 per
775 4025 901 4093 Christi
923 4029 1202 4095 resurrectionem.
1255 4025 1453 4108 postularet,
1477 4025 1645 4110 respondit
1665 4026 1700 4089 id
1720 4026 1826 4103 licere,
1849 4025 1944 4089 modo
1962 4034 2029 4091 1616
2047 4026 2143 4090 corde
2161 4049 2234 4092 cre-

229 4107 440 4175 Oontendunt
466 4110 598 4192 quidem
624 4112 682 4175 illi·
703 4134 746 4177 611
773 4135 810 4177 66
833 4113 916 4178 nihil
939 4114 1204 4197 paedobaptismo
1257 4111 1348 4178 deret
1370 4112 1460 4196 (ibid.
1481 4117 1509 4189 8,
1532 4111 1596 4195 37).
1641 4111 1731 4176 Hinc
1752 4112 1814 4176 sibi
1836 4112 1982 4176 obtinere
2003 4133 2097 4194 posse
2119 4112 2234 4176 viden-

228 4195 390 4278 reliquum
417 4198 504 4274 fieri,
538 4198 602 4262 1161
622 4205 660 4262 ut
686 4199 794 4264 inanis
822 4200 865 4265 611
891 4200 1014 4280 fumus;
1045 4222 1162 4282 nempe
1184 4221 1205 4264 a
1256 4205 1323 4275 tur,
1353 4196 1565 4279 baptismum,
1587 4199 1651 4262 nisi
1672 4203 1850 4280 praeeunte
1871 4197 1934 4262 fide
1960 4219 1997 4262 ac
2022 4198 2234 4279 poenitentia,

228 4302 291 4363 quo
312 4282 409 4366 longe
432 4283 573 4366 seposita
598 4284 642 4348 sit
669 4284 750 4350 haec
772 4287 903 4352 veritas.
947 4286 1075 4351 Verum
1096 4285 1203 4350 hallu·
1255 4283 1390 4347 minime
1416 4305 1488 4349 esse
1515 4282 1765 4349 concedendum.
1816 4284 1995 4348 Enimvero
2017 4285 2044 4349 si
2073 4283 2149 4347 huic
2180 4305 2234 4347 ra·

228 4368 390 4432 cinctione
417 4369 481 4432 1616
507 4368 686 4434 identidem
707 4380 856 4453 peccant,
872 4372 965 4456 ‚quod
987 4393 1058 4436 1611
1079 4377 1204 4453 tempo·
1256 4371 1336 4434 tioni
1357 4370 1465 4434 locum
1487 4368 1611 4448 damus,
1635 4370 1724 4452 prior
1745 4369 1843 4447 locus,
1863 4370 1919 4433 ubi
1936 4369 2028 4433 nulla
2045 4368 2120 4433 fidei
2139 4391 2234 4434 men·

227 4453 273 4516 ris
305 4452 419 4518 ordine
452 4476 582 4537 semper
614 4457 707 4539 signo
734 4459 861 4539 praeire
893 4458 1005 4523 velint.
1054 4456 1142 4520 Nam
1171 4463 1204 4520 et
1256 4456 1300 4520 tio
1333 4454 1478 4532 auditur,
1514 4455 1616 4520 solam
1645 4456 1794 4520 sufficere
1826 4455 2060 4537 poenitentiam
2087 4455 2233 4535 evincet;

228 4539 481 4604 circumcisionis
504 4541 624 4606 veritas
653 4543 766 4608 eodem
788 4545 1005 4609 conscientiae
1031 4541 1135 4605 bonae
1155 4550 1204 4605 te·
1256 4540 1338 4605 alter
1359 4562 1422 4622 quo
1443 4542 1645 4624 poenitentia
1666 4542 1801 4605 minime
1823 4541 2007 4623 requiritur,
2031 4539 2134 4604 solam
2152 4543 2234 4606 satis

227 4624 378 4688 stimonio
407 4627 582 4690 constabat
633 4626 729 4708 Quod
757 4630 784 4693 si
805 4629 987 4694 necessario
1009 4626 1203 4710 praeoedere
1255 4648 1326 4692 6666
1346 4626 1453 4691 fidem.
1503 4627 1693 4709 Excipient,
1717 4634 1808 4709 puto,
1836 4627 1944 4691 locum
1967 4627 2106 4692 alterum
2128 4626 2233 4691 altero

227 4707 405 4788 debuisset,
435 4732 604 4792 nunquam
626 4715 769 4779 infantes
790 4715 925 4778 Domini
946 4712 1102 4777 mandato
1123 4713 1202 4778 fuis·
1255 4711 1419 4791 adiuvari,
1451 4713 1588 4796 ideoque
1622 4713 1719 4777 simul
1752 4733 1823 4777 esse
1856 4712 2102 4778 connectendos.
2157 4712 2233 4796 Ego

227 4802 301 4858 sent
323 4796 512 4861 circumcisi.
557 4798 699 4877 Verum,
721 4800 884 4863 Dominus
910 4797 1013 4862 bonae
1036 4799 1201 4865 661166161-
1254 4820 1381 4882 quoque
1409 4800 1553 4864 vicissim
1580 4798 1791 4866 conferendos
1820 4819 1890 4864 esse
1917 4798 1987 4864 dico
2020 4798 2101 4863 alios
2133 4799 2231 4877 locos,

227 4881 291 4944 tiae
302 4882 523 4946 testimonium
536 4884 790 4950 circumcisionis
804 4884 936 4948 veritati
947 4884 1079 4949 subesse
1093 4891 1203 4950 osten·
1255 4886 1310 4967 qui
1332 4883 1374 4949 ad
1395 4886 1489 4950 istius
1510 4885 1589 4949 nodi
1608 4885 1801 4949 solutionem
1822 4883 1943 4966 aliquid
1959 4884 2079 4949 valent.
2115 4882 2232 4964 Quan-

228 4964 324 5042 1616,
349 4967 445 5031 simul
467 4975 578 5034 tamen
600 4970 801 5052 praecipiens
828 4968 981 5050 parvulos
1004 4970 1200 5048 eircumcidi,
1255 4969 1427 5052 doquidem
1453 4971 1576 5036 multae
1604 4972 1639 5034 in
1667 4972 1828 5053 scriptura
1856 4971 2035 5035 sententiae
2056 4968 2231 5047 habentur,

227 5071 266 5113 66
287 5059 380 5133 parte
401 5054 436 5117 in
453 5053 600 5118 futurum
622 5061 687 5117 tem
712 5075 751 5118 us
768 5055 1045 5120 circumcisionem
1063 5058 1201 5122 conferri
1255 5114 1288 5117 ,,
1324 5114 1332 5117 ,
1396 5113 1402 5117 .

227 5137 306 5199 satis
333 5137 463 5234 indicat·
515 5137 626 5237 Quare
659 5138 699 5238 ni.
722 5140 728 5151 ·
777 5139 850 5232 plus.
877 5141 911 5204 in
938 5141 1201 5226 Paed⁰bapti⁸m⁰
1323 5176 1352 5242 1)
1375 5177 1488 5228 66116111
1515 5177 1607 5228 citare
1632 5177 1715 5228 omitt
1741 5173 1810 5225 1643
1830 5190 1882 5242 pro
1907 5191 1958 5242 quo
1979 5177 2144 5242 posteriores
2167 5175 2226 5225 dari

226 5231 406 5302 praesentis
426 5224 588 5288 efficaciae
609 5225 842 5308 requirendum
866 5235 929 5306 cst,
957 5249 1056 5310 quam
1077 5236 1115 5293 ut
1135 5228 1201 5293 166·
1252 5246 1383 5297 irascens.
