4770 6030
193 333 256 400 411
521 363 525 370 ·
766 325 1032 398 INSTITUTIO
1055 325 1365 394 auu-ormam
1392 331 1626 393 loto-1554.
2134 330 2199 395 412

193 523 288 588 ctiam
307 521 337 584 ei
357 519 459 584 studio
481 523 508 582 et
529 523 639 583 002012
661 520 704 583 ad
722 520 756 585 id
777 520 913 584 maxime
934 518 1060 598 aspiret,
1077 535 1170 598 pocri-
1223 513 1319 596 Quod
1336 516 1391 581 isti
1408 537 1474 580 non
1491 516 1588 580 modo
1603 489 1736 595 fodiunt,
1757 517 1815 582 sed
1830 429 2200 597 mallidbbissudlbdall

193 609 304 673 120202
330 626 395 670 0000
418 604 570 686 maiani,
603 625 700 685 quam
731 605 891 670 11222220
921 602 1047 668 neaniai
1079 602 1171 666 certia
1222 600 1308 684 quod
1332 602 1503 666 instituere
1531 623 1597 666 non
1625 602 1769 667 01100000
1795 624 1855 667 sua
1880 603 2051 668 maiestate
2072 605 2200 670 censuit

193 691 369 758 bomiriibm
389 691 511 771 confert,
533 711 594 771 acco
614 692 701 772 ipsae
717 690 825 755 lrabeat
846 691 889 755 ad
909 710 988 771 opus
1008 709 1104 753 0222
1120 708 1170 752 aa·
1221 687 1313 752 Deus
1332 687 1431 772 (Gen.
1451 690 1480 765 2,
1500 685 1566 767 22),
1589 687 1675 769 quod
1694 689 1730 751 in
1746 689 1897 753 omnibus
1915 688 2104 753 honorabile
2122 710 2199 771 pro-

187 779 372 862 peddiorea:
397 794 496 839 nonne
516 776 583 840 Deo
608 781 636 840 et
660 781 793 842 202200
818 776 858 840 ab
883 796 916 840 eo
941 775 1102 839 institutae
1122 794 1170 837 re-
1222 774 1387 837 nuntiavit
1407 772 1524 857 (Hebr.
1547 777 1595 850 13,
1615 772 1660 857 4),
1682 773 1769 855 quod
1790 772 2117 841 Christimdominus
2138 797 2199 840 no-

186 882 381 947 pupnamus,
414 862 445 925 02
471 882 531 926 202
558 863 639 926 oitae
664 868 787 927 200200
811 882 910 946 penne
941 861 983 925 ad
1008 859 1170 942 facultatis
1222 865 1289 923 ster
1311 880 1370 923 sua
1387 859 1571 941 praesentia
1591 859 1919 943 sanetificavitxquod
1936 860 2042 941 primo
2060 882 2120 926 suo
2136 862 2200 926 mi-

191 954 314 1013 nostrae
332 949 458 1011 rnodum
475 949 764 1012 ammnorodamue?
796 947 859 1011 Hic
875 946 1087 1011 scortationem
1104 945 1170 1009 Do-
1221 945 1331 1009 raoulo
1359 945 1570 1009 cohonestare
1603 943 1757 1028 dignatus
1786 951 1837 1010 est
1868 945 1974 1028 (Ioan.
1994 949 2029 1023 2,
2049 950 2068 1009 2
2092 953 2126 1010 et
2153 945 2198 1031 9),
2288 1025 2293 1035 .

192 1035 298 1099 22220
313 1032 469 1114 proana-
493 1034 663 1114 pnritotem
685 1055 755 1117 erpo
780 1039 807 1098 ot
828 1033 1018 1114 pudicitiam
1040 1055 1061 1095 a
1081 1030 1170 1095 20120
1220 1030 1433 1112 pollutionem
1458 1049 1575 1095 vocare
1603 1029 1738 1094 audent:
1773 1039 1903 1096 tontum
1924 1039 1961 1095 ut
1988 1031 2200 1113 qualemcun-

192 1121 332 1201 requirit.
376 1118 460 1182 Faue
480 1120 652 1183 seruandae
672 1141 738 1184 una
759 1126 804 1184 est
830 1120 924 1196 ratio,
954 1117 1169 1198 alenconio
1221 1137 1283 1197 que
1306 1117 1501 1181 caelibatum
1529 1116 1621 1180 miris
1643 1116 1796 1181 encomiis
1824 1116 1948 1182 tollant.
1994 1115 2098 1197 Quasi
2119 1139 2198 1184 vero

192 1226 250 1288 020
270 1203 393 1268 andulo
413 1224 446 1268 ee
473 1205 627 1268 metiatur.
673 1205 772 1270 Nemo
800 1211 909 1269 202020
933 1204 1168 1267 matrimonium
1220 1223 1287 1265 non
1309 1201 1398 1266 aliud
1421 1201 1615 1266 coabbatum
1636 1198 1722 1280 esee,
1752 1200 1841 1265 aliud
1862 1202 2086 1285 virginitatem
2105 1203 2198 1269 lucu-

192 1295 375 1366 contemnat,
404 1289 498 1354 aelati
516 1310 582 1353 rem
608 1290 670 1354 sibi
696 1297 755 1355 aut
772 1291 914 1355 inmitem
940 1294 997 1353 ant
1021 1310 1169 1370 superm-
1220 1287 1348 1351 lentum
1379 1288 1442 1369 ipsi
1481 1286 1712 1351 documentum
1744 1287 1923 1369 praebeant
1954 1290 1990 1352 in
2022 1310 2082 1353 sun
2113 1290 2198 1368 vito,

192 1398 300 1454 eaam;
327 1396 413 1440 2020
434 1375 617 1440 0001210102
639 1376 728 1440 aliter
749 1381 881 1457 expetat,
904 1396 1000 1455 0202
1021 1376 1051 1440 02
1071 1394 1169 1438 maore
1220 1393 1319 1455 quam
1341 1380 1452 1437 tamen
1478 1371 1760 1455 impudentissime
1781 1373 1965 1456 angelicam
1985 1380 2112 1440 vocant
2157 1375 2200 1442 In

192 1483 296 1529 carere
312 1462 422 1543 poscit,
468 1461 576 1541 Neque
596 1463 632 1525 22
649 1483 683 1526 00
704 1464 798 1526 etiarn
819 1463 926 1526 carnia
946 1460 1169 1542 tranquillitati
1221 1458 1282 1523 hoo
1310 1466 1398 1522 certe
1420 1458 1545 1540 angelis
1565 1459 1630 1522 Dei
1651 1458 1792 1523 nimium
1817 1459 1943 1538 1010011,
1971 1460 2088 1542 quibus
2111 1482 2200 1526 0000-

192 1549 240 1614 oel
268 1548 474 1612 commoditati
501 1549 654 1624 consulat,
685 1549 740 1612 sed
767 1553 888 1611 teritum
907 1552 952 1610 ‘at
972 1547 1093 1611 oiimnlo
1114 1545 1169 1609 lac
1219 1551 1350 1623 totores,
1374 1543 1552 1621 adulteros,
1574 1553 1606 1607 et
1626 1543 1749 1626 ahquid
1769 1545 1872 1610 multo
1899 1546 1993 1627 peius
2014 1567 2052 1612 oo
2072 1546 2198 1612 foedius

192 1634 311 1700 samos
332 1634 375 1698 ad
394 1635 500 1697 ornnia
520 1634 649 1715 prietatis
669 1634 774 1716 officia
796 1634 972 1715 promptior
992 1635 1035 1696 sit
1055 1652 1093 1696 ae
1107 1653 1169 1713 pc-
1221 1637 1433 1712 comparant·
1469 1631 1515 1693 Et
1542 1651 1621 1694 eone
1643 1632 1846 1713 argumentis
1872 1630 1927 1695 hio
1953 1632 2089 1696 minime
2116 1654 2200 1715 opus

191 1721 299 1785 ratior.
344 1717 390 1782 Et
407 1720 556 1800 quoniam
576 1718 684 1783 madia
707 1720 763 1784 boc
783 1719 959 1801 1002020222
979 1718 1105 1782 2022202
1126 1717 1169 1781 od
1220 1722 1279 1795 est,
1301 1717 1413 1781 ubire
1434 1715 1635 1798 ipsopalam
1660 1717 1881 1781 revincuntur.
1926 1716 2085 1782 Videmus
2108 1719 2197 1782 enim

191 1811 311 1887 tempus
332 1805 494 1885 mutatur,
516 1806 638 1869 mmdiu
655 1807 784 1887 020020
803 1827 824 1869 0
845 1805 986 1887 coniupio
1007 1803 1168 1880 abstineat,
1220 1801 1345 1884 palam,
1378 1822 1478 1883 quam
1500 1800 1671 1866 horrendis
1692 1802 1805 1884 poenis
1832 1802 2019 1868 huiusmodi
2041 1825 2197 1887 arrogan-

131 1922 138 1939 1
191 1891 344 1974 0002222
369 1891 429 1953 erit
455 1891 498 1954 od
524 1893 711 1955 0020020122
738 1891 919 1956 caelibatum
949 1891 1084 1954 2202020.
1130 1887 1170 1952 Si
1220 1888 1318 1965 11001,
1341 1894 1375 1952 et
1396 1909 1438 1952 ex
1459 1886 1674 1970 praefidentia
1695 1887 1857 1952 donorum
1876 1910 2010 1954 suorum
2031 1896 2198 1972 contemp-

192 1978 235 2042 ad
254 1977 443 2041 20202102
467 1975 626 2041 libidinem
646 1979 730 2042 circs
750 1978 907 2058 0101202021,
930 1976 1082 2058 urtellipat
1102 1977 1169 2040 iam
1221 1982 1292 2037 tum
1319 1974 1442 2056 passim
1472 1973 1648 2038 0101000100
1674 1973 1846 2039 Dominus.
1897 1975 1944 2039 Et
1968 1975 2197 2041 oecidtioribus

191 2061 253 2127 aidi
279 2061 415 2143 coniupii
435 2062 641 2126 2020021022
668 2086 689 2126 0
707 2063 844 2126 Domino
871 2063 1056 2143 impositam.
1102 2062 1170 2126 Hoc
1220 2080 1299 2141 prae
1320 2058 1443 2142 pudore
1465 2080 1576 2141 parco:
1610 2057 1793 2140 dequibus
1820 2059 1882 2125 hoo
1908 2061 2018 2143 ipsum
2038 2061 2124 2145 quod
2146 2062 2198 2125 in·

192 2148 380 2214 20220201
395 2147 560 2228 apostolus,
582 2169 679 2228 qaum
693 2149 850 2230 praecipit
867 2147 899 2231 (l
914 2147 988 2212 (lor.
1004 2152 1032 2227 7,
1046 2153 1064 2210 2
1078 2155 1111 2212 et
1123 2147 1167 2230 9),
1221 2145 1380 2228 telligitur
1400 2146 1539 2209 nimium
1560 2151 1618 2208 est

192 2233 470 2316 madfupiendam
487 2235 699 2298 scortationem
709 2235 924 2315 uniusquisque
936 2255 1064 2299 acorem
1077 2254 1169 2300 0202
1309 2236 1359 2294 67.
1407 2230 1469 2296 Sed
1490 2231 1528 2295 de
1548 2231 1610 2295 coti
1637 2229 1732 2294 iatius
1757 2231 1923 2296 1020022010
1951 2231 2092 2296 eunom
2121 2231 2199 2297 olibi

193 2319 310 2397 babeat,
332 2323 360 2383 et
380 2340 581 2400 annonaeque
601 2321 716 2385 niulmr
735 2321 849 2383 mrum.
883 2319 963 2384 Item
983 2325 1017 2384 ut
1036 2321 1093 2400 qai
1108 2340 1170 2383 non
1220 2316 1507 2382 dicendumadbuc
1527 2316 1594 2380 erit.
1642 2316 1728 2397 (trad
1749 2321 1853 2381 0222
1876 2317 2085 2383 sacerdotibus
2106 2319 2199 2382 iater-

187 2410 288 2488 poteet
308 2426 341 2469 00
362 2405 519 2483 continere,
542 2407 776 2470 matrimonium
797 2407 833 2469 in
844 2405 981 2469 Dominio
1001 2405 1168 2470 00220102.
1220 2403 1336 2466 220122
1355 2404 1418 2484 fuit
1436 2402 1621 2483 coniupium,
1644 2403 1678 2467 id
1698 2402 1816 2482 factum
1837 2408 1882 2468 002
1901 2404 2004 2485 impia
2024 2405 2198 2484 tyrannide,

195 2489 344 2555 Primum
369 2490 525 2572 02022002
555 2492 704 2556 maiorem
736 2493 895 2556 laninam
915 2497 1039 2573 partem
1067 2492 1169 2555 incon-
1220 2509 1281 2552 non
1301 2490 1389 2553 nmdo
1411 2493 1517 2553 contra
1536 2488 1662 2552 cabum
1678 2487 1751 2566 Dei,
1772 2489 1936 2553 cadmiam
1955 2494 2060 2553 00220
2078 2509 2199 2553 mairem

192 2577 339 2642 munuae
365 2576 439 2640 22120
466 2596 532 2640 0000
559 2577 737 2656 adoneum,
769 2579 879 2643 01022110
905 2598 943 2642 ea
969 2578 1012 2641 220
1038 2579 1094 2657 qui
1120 2576 1169 2641 ob
1221 2575 1412 2654 aequitatem.
1460 2573 1617 2651 Primum,
1647 2578 1748 2638 odore
1779 2575 1860 2656 quad
1881 2574 2040 2639 Dominus
2067 2574 2199 2638 libonem

192 2662 281 2726 20022
301 2666 374 2726 enat
393 2662 544 2725 202222
566 2663 694 2744 accipit,
723 2684 811 2743 quern
831 2684 893 2729 202
913 2663 1018 2727 iubeat
1036 2664 1079 2726 ad
1098 2664 1169 2726 acroi·
1220 2659 1404 2739 roborasset,
1434 2659 1665 2724 melioratione
1680 2659 1857 2725 2000222020
1872 2660 1968 2725 baed.
2004 2659 2134 2737 Deinde,
2146 2679 2198 2723 m-

192 2767 262 2812 022
287 2747 368 2812 illud
393 2749 565 2811 remedium
591 2749 764 2831 corifapere,
794 2771 854 2831 quo
880 2750 1095 2832 impudicitiae
1121 2749 1169 2813 ob-
1220 2747 1366 2810 minatim
1384 2745 1489 2809 Deion
1511 2746 1631 2810 0001000
1650 2744 1740 2810 aerbo
1765 2765 1823 2812 020
1843 2767 1883 2810 ne
1909 2746 1982 2810 iaec
2003 2744 2129 2809 libertae
2149 2745 2198 2808 in·

192 2834 279 2898 0202
298 2834 372 2897 itur.
403 2831 490 2914 Drpo
511 2834 567 2913 pai
587 2839 661 2897 eunt
680 2835 905 2913 2222220200,
925 2837 957 2900 02
972 2835 1030 2899 bac
1049 2836 1169 2899 ratione
1219 2832 1422 2915 friaperetur,
1445 2831 1564 2896 alariae
1583 2836 1643 2908 eet,
1663 2851 1758 2911 auam
1778 2837 1814 2895 ut
1834 2831 1924 2913 leupo
1944 2830 2205 2896 2022220122-

192 2919 308 2983 mederi
328 2918 486 3000 neplionnt
502 2938 579 2982 0200
594 2920 781 3000 infirmitati,
802 2942 837 2986 eo
853 2923 922 3003 ipso
933 2926 1070 3004 peccant,
1088 2922 1169 3002 quod
1220 2918 1269 2981 uti
1296 2938 1414 2994 2000000
1440 2918 1490 2981 aa
1542 2915 1656 2982 Omitto
1682 2916 1765 2998 qaod
1793 2916 1921 2982 Pandae
1947 2915 2098 2998 pluribus
2123 2916 2137 2989 l
2176 2917 2182 2928 '

193 3004 266 3088 duic
287 3003 418 3085 apoetdi
438 3005 585 3068 mandato
606 3026 668 3069 non
688 3006 899 3089 obmniperant.
1222 3004 1255 3087 (l
1280 3004 1363 3068 Tim.
1382 3006 1411 3081 3,
1432 3006 1461 3067 2.
1503 3003 1624 3081 021,
1651 3000 1686 3086 6)
1713 3003 1889 3084 episcopua
1915 3003 1981 3066 0211
2006 3023 2071 3067 0000
2101 3003 2200 3068 anina
2321 2989 2323 2993 Α

282 3094 331 3152 66.
379 3087 486 3169 Nepae
507 3089 569 3152 sibi
590 3089 770 3156 blandintum
789 3093 845 3174 qai
861 3093 1023 3157 mulierem
1042 3113 1104 3156 202
1124 3097 1170 3156 ot
1221 3089 1331 3153 acoris
1351 3089 1472 3167 ciram·
1493 3090 1547 3154 aad
1567 3088 1645 3169 moid
1660 3088 1764 3170 potuit
1783 3088 1988 3154 2122021220
2007 3089 2080 3166 dici,
2104 3109 2200 3170 quam

193 3175 298 3257 tinpit,
326 3195 362 3237 nc
383 3174 414 3237 02
434 3175 649 3255 2220202200
670 3179 763 3258 arqui
784 3199 844 3242 non
859 3183 978 3260 200002,
1005 3199 1102 3259 quanm
1122 3178 1171 3241 22
1222 3175 1276 3238 ubi
1302 3195 1339 3238 ea
1365 3175 1482 3256 spiritu
1509 3178 1613 3239 sancto
1640 3174 1801 3239 22222201
1826 3175 1894 3256 fore
1919 3174 2102 3240 2002002220
2127 3179 2200 3239 102-

193 3261 284 3326 terim
305 3261 433 3324 022220
453 3261 582 3325 libidine
602 3263 689 3325 22120
710 3265 827 3328 ardeat.
872 3263 1067 3329 Pudicitiam
1087 3265 1170 3328 enim
1213 3260 1350 3343 'pondua
1380 3260 1519 3326 2022200
1549 3260 1678 3342 impiae,
1717 3261 1774 3342 qui
1810 3261 1988 3344 ceniapium
2014 3259 2200 3343 prohibeant

193 3347 301 3428 definit
323 3345 448 3410 Paulus
469 3346 502 3430 (1
523 3345 597 3411 (lor.
618 3351 647 3425 7,
668 3348 739 3431 34),
767 3351 958 3414 concinnatam
982 3371 1053 3414 cam
1080 3350 1170 3415 caeti
1223 3345 1255 3431 (1
1277 3347 1360 3411 Tim.
1379 3351 1409 3425 4,
1429 3344 1481 3430 3),
1508 3364 1696 3426 coequentur
1722 3346 1811 3412 modo
1830 3347 2011 3427 mmoatores
2030 3351 2199 3429 aumupat,

193 3437 255 3497 tate
275 3433 412 3513 corporis
433 3432 536 3495 02222
550 3434 733 3514 pinnum.
769 3433 894 3500 0001010
912 3437 1036 3515 mutia,
1058 3436 1169 3516 mouit,
1222 3433 1277 3498 aad
1302 3432 1490 3498 memma?
1532 3431 1601 3498 Hoc
1629 3432 1729 3514 ipr'tea
1756 3432 1954 3511 2022022202,
1987 3433 2042 3498 100
2072 3452 2200 3499 sacram

193 3519 304 3601 copitat
324 3537 403 3598 quae
424 3517 557 3582 Domini
577 3524 666 3583 earn:
688 3521 835 3601 quomodo
856 3527 963 3586 saneta
983 3523 1026 3586 eit
1046 3542 1171 3604 corpore
1222 3518 1383 3583 oraculum
1410 3518 1618 3600 0020222220
1643 3519 1758 3596 sandi,
1787 3538 1847 3599 quo
1867 3518 2025 3584 ecolesimo
2049 3518 2088 3583 ab
2108 3519 2200 3584 initio

193 3604 366 3684 etepiritu.
406 3601 517 3684 Itaque
535 3605 614 3668 dum
633 3607 782 3687 ceperim
801 3607 882 3672 illud
899 3613 1099 3689 praeceptam
1118 3629 1170 3671 ra-
1218 3606 1423 3687 praemunire
1448 3605 1600 3670 mouns
1622 3603 1766 3686 periodo
1791 3604 1904 3670 coluit:
1930 3605 2101 3670 (1022202
2128 3606 2201 3668 dao-

193 3688 274 3752 tione
295 3689 552 3768 automatum
578 3696 700 3755 tantum
720 3693 795 3757 dicit
820 3693 932 3758 201200
958 3715 1024 3758 0000
1042 3715 1170 3760 acorem
1221 3692 1397 3755 moniorum
1422 3711 1504 3769 0000,
1533 3689 1670 3772 00222022
1691 3689 1938 3771 prohibitionem.
1990 3690 2105 3756 Verum
2126 3689 2200 3755 oeta

193 3773 311 3851 ducere,
334 3777 1172 3866 0202022202220200201120020002202220-
1221 3776 1399 3858 00010200
1419 3796 1486 3842 0000
1506 3781 1636 3859 petant,
1665 3796 1763 3855 quam
1791 3775 1872 3841 banc
1897 3777 2078 3841 02102202
2103 3777 2201 3842 detor·

193 3857 259 3923 1200
278 3878 344 3957 esee
364 3860 475 3926 nubere
494 3882 590 3942 0202
608 3865 671 3927 uri.
704 3864 818 3929 Nostri
838 3887 917 3931 vero
934 3867 1082 3946 sacrifici,
1100 3889 1170 3932 mo-
1222 3863 1378 3944 222221
1400 3879 1574 3945 Montanum,
1595 3861 1761 3941 Tabim,
1796 3879 1958 3943 minata
1977 3878 2099 3946 suosque
2125 3867 2201 3926 ‘0⁶1⁰'

192 3944 293 4011 00010
319 3952 354 4009 et
372 3947 543 4026 moniales,
572 3949 693 4013 omissa
719 3951 877 4016 eiusmodi
903 3951 1169 4033 consideratione,
1222 3968 1273 4013 ree
1293 3947 1467 4014 2000012000
1511 3948 1579 4026 1112,
1600 3947 1754 4029 inquiunt
1776 3948 1844 4037 ooli⁶
1858 3949 2092 4014 matrimonium
2112 3949 2201 4013 darn·

193 4031 367 4098 caelibatui
389 4053 424 4098 00
453 4054 549 4115 pares
571 4055 642 4114 esse
668 4035 844 4101 confidunt
891 4036 1171 4118 (1000010000-
1223 4040 1353 4113 aarum,
1375 4034 1581 4100 muninime
1601 4035 1806 4112 2002022ος
1827 4034 1882 4099 aad
1899 4033 2137 4099 mcleaiaeticum
2153 4054 2201 4098 or-

193 4117 266 4183 0010
289 4117 393 4183 edooti
415 4127 507 4198 sunt,
530 4127 751 4186 constaturam
772 4123 835 4188 sibi
858 4130 928 4188 tota
949 4125 1019 4189 vita
1039 4126 1171 4191 carita
1222 4120 1327 4185 2202
1346 4125 1467 4185 umam
1487 4119 1527 4185 ab
1553 4141 1587 4185 ⁰⁰
1611 4139 1769 4199 222220,
1797 4121 1848 4186 wi
1864 4125 2020 4202 2220220
2040 4141 2101 4187 noo
2121 4121 2202 4186 salit

192 4209 269 4282 tem,
292 4204 328 4267 in
349 4205 441 4269 euius
461 4205 563 4270 finem
585 4229 659 4272 eam
679 4208 822 4274 vovent?
862 4209 1014 4275 Audiunt
1035 4211 1075 4275 de
1096 4213 1171 4277 uni-
1223 4207 1386 4271 mnoenira
1445 4206 1546 4287 Quoi-i
1572 4226 1651 4285 aero,
1683 4207 1807 4271 222202
1835 4205 1871 4270 in
1897 4223 1952 4276 illie
1975 4222 2162 4292 superioribus
2173 4206 2205 4289 ¹)

193 4289 313 4353 versali
346 4288 517 4354 hominum
548 4292 731 4358 conditione
763 4295 828 4359 Dei
861 4318 989 4362 vocem:
1022 4318 1089 4361 non
1121 4305 1172 4363 est
1222 4293 1403 4375 22210222
1421 4292 1466 4358 sit
1480 4293 1591 4374 prima
1609 4292 1674 4358 loco
1694 4291 1749 4359 boc
1769 4293 1963 4371 0022022202,
1985 4313 2047 4357 202
2068 4294 2107 4358 22
2124 4293 2201 4357 ieme

193 4373 315 4439 bonum
336 4374 464 4439 homini
479 4397 553 4441 esse
576 4378 644 4443 soli.
688 4379 901 4464 Intelligunt,
924 4389 1021 4464 atque
1043 4384 1170 4448 utinam
1222 4378 1315 4443 etiam
1342 4383 1505 4460 competat,
1534 4384 1591 4442 aut
1615 4378 1708 4458 quasi
1735 4379 1848 4443 auditu
1872 4379 1971 4462 dipno
1994 4379 2041 4443 ait
2062 4379 2202 4461 puerilia
2250 4432 2256 4443 .

193 4480 260 4524 nen
277 4461 447 4540 sentirent,
466 4472 636 4544 peecatum
653 4465 689 4527 in
705 4465 800 4531 nobis
817 4488 954 4532 monens
973 4489 1041 4531 non
1059 4489 1171 4534 000000
1222 4465 1286 4528 iata
1302 4464 1465 4548 arputiola,
1485 4465 1566 4546 quod
1576 4464 1741 4546 prodibam
1757 4484 1790 4529 00
1800 4470 1919 4547 mpura,
1938 4465 2014 4545 quia
2025 4486 2086 4529 non
2104 4465 2201 4530 omni-

194 4546 361 4612 acerrlmis
384 4547 513 4612 aculeis.
558 4549 656 4613 Illam
678 4551 867 4633 generalem
884 4553 1171 4638 vocationemque
1222 4549 1279 4613 bae
1294 4551 1465 4631 meditent.
1510 4549 1647 4617 Perinde
1667 4551 1751 4615 enim
1774 4554 1831 4629 est,
1855 4569 1892 4615 ac
1912 4550 1944 4614 02
1963 4555 2117 4632 tyrannice
2139 4551 2200 4614 ini-

192 4630 312 4696 fiduoia
332 4639 486 4698 excutere
506 4634 629 4700 audent
653 4636 689 4699 in
710 4643 814 4702 totam
834 4638 960 4704 vitam?
989 4658 1091 4719 quum
1112 4640 1170 4706 do·
1221 4656 1316 4716 qaam
1337 4657 1398 4701 non
1419 4656 1485 4701 0000
1510 4636 1606 4721 tepent
1626 4635 1798 4715 contendat,
1825 4635 1916 4700 02220
1935 4635 2100 4714 iniquitate
2116 4654 2199 4716 pare

192 4737 275 4781 num
296 4718 513 4785 continentiae
533 4722 663 4803 saepius
689 4722 724 4785 in
751 4723 877 4787 eertum
898 4732 1044 4806 tempus,
1073 4737 1172 4808 prout
1221 4723 1374 4786 duntacat
1394 4723 1530 4787 unitatis
1544 4719 1759 4807 22201221)

191 4805 417 4884 opportunitas
444 4807 595 4888 requirit,
624 4806 829 4873 concedatur.
873 4809 916 4874 In
943 4810 1169 4893 101100ον100-
1308 4812 1358 4871 68.
1407 4807 1576 4888 obiiciant,
1609 4806 1720 4889 aliqua
1750 4811 1824 4872 nota
1854 4805 1981 4887 differre
2014 4810 2151 4886 oportere
2177 4827 2199 4870 a

80 4950 91 4981 ,
192 4888 243 4952 cis
263 4910 305 4953 ne
327 4890 439 4954 Deum
459 4893 687 4957 auxiliatorem
707 4901 910 4976 exspectent3
933 4895 992 4961 sed
1012 4900 1170 4965 memine-
1217 4892 1305 4976 plebe
1331 4894 1525 4959 twdvltm·
1577 4893 1678 4974 QW'
1702 4913 1764 4959 Μ
1792 4891 1967 4975 Imm
1996 4889 2050 4955 7⁸⁰⁶
2081 4890 2221 4972 quoque

192 4973 261 5038 rint
285 4977 393 5058 potius
415 4977 484 5041 eius
511 4977 597 5061 quod
623 4978 747 5044 dictum
768 4988 830 5046 est:
858 4981 1038 5048 Dominum
1059 4985 1170 5050 Deum
1221 4978 1392 5058 Dorotrma,
1420 4978 1535 5060 auibus
1559 4979 1749 5044 mnamentis
1775 4976 1920 5045 0201120
1940 4973 2079 5043 debunt
2098 4998 2199 5044 eacu-

191 5063 287 5122 tuum
319 5082 385 5125 non
414 5063 564 5129 tentabis.
613 5063 687 5129 Hoc
712 5086 791 5131 vero
818 5066 928 5133 Deum
955 5075 1082 5135 tentare
1109 5079 1166 5152 est,

192 5149 305 5209 eontra
336 5146 475 5212 inditam
506 5150 547 5214 ab
576 5170 613 5213 eo
639 5155 793 5216 naturam
814 5153 890 5231 niti,
921 5175 958 5219 aa
984 5160 1169 5254 praesentia
1289 5199 1319 5267 1)
1342 5200 1461 5254 Titianis
1485 5197 1561 5252 1543.
1588 5195 1663 5250 1545,
1758 5194 1793 5265 a)
1811 5199 1896 5252 Hm
1918 5198 1941 5268 §-
1961 5201 2056 5267 conpr
2079 5218 2140 5256 cum
2157 5200 2198 5256 00,

191 5227 263 5294 0100
284 5230 368 5296 (1000
390 5254 558 5315 spernere,
589 5256 628 5301 aa
649 5237 677 5300 si
700 5237 785 5302 nihil
808 5237 850 5303 ad
870 5259 930 5305 nos
956 5247 1165 5322 pertinerent
1221 5266 1296 5321 1539,
1318 5267 1382 5336 cap.
1403 5266 1670 5337 0120270.οΜ
1685 5267 1787 5322 02022
1806 5268 1970 5336 manantur.
