4770 6030
189 375 230 438 st
985 366 1084 435 OAP.
1107 369 1135 434 I.
1178 368 1243 435 DE
1265 367 1403 434 Lucu.
1958 432 1962 440 .
2160 379 2204 443 38

187 561 280 627 euius
297 566 395 644 typus
413 579 450 622 ae
467 557 559 621 velut
575 557 691 622 umbra
708 556 871 621 iudaicum
880 557 962 622 illud
972 559 1041 624 fuit
1072 558 1167 622 Ideo·
1219 557 1354 620 veniant
1380 557 1630 640 obiurgationes,
1659 581 1742 642 quae
1770 559 1857 643 apud
1878 562 2019 627 Iesaiam
2046 563 2201 648 leguntur

187 668 249 729 que
272 644 337 709 1161
358 644 495 727 septime
517 643 720 742 assignatum
741 651 819 720 erat
841 644 897 725 qui
919 666 1075 709 numerus
1092 666 1166 726 per-
1219 640 1296 740 6166.
1325 647 1339 705 l
1361 649 1394 706 et
1412 641 1483 727 58),
1510 665 1609 726 quam
1630 646 1685 723 iis,
1714 667 1793 728 ques
1821 668 1881 711 sua
1908 655 2019 739 aetate,
2041 651 2202 733 propheto

186 732 334 797 fectionis
369 727 410 815 [p.
434 727 489 814 62]
520 729 789 812 sigmficatronom
816 727 916 793 habet
939 731 1165 813 inscriptura
1217 728 1414 810 increpabat

98 867 105 879 .
188 816 263 898 Qua
274 817 440 882 doeemur:
459 815 630 880 sabbatum
645 814 851 879 nobisaDce
867 823 1061 896 perpetuum
1072 838 1166 880 man-
1305 814 1406 879 Aliud
1439 816 1474 878 in
1502 816 1699 881 sabbatismo
1732 817 1946 900 spectandum
1962 820 2116 886 'efficium
2142 822 2200 886 Iu-

187 903 260 970 dari
287 901 432 985 616661
459 901 549 965 nullo
574 901 713 965 termino
740 901 888 977 finiatur,
916 899 1046 980 deinde,
1081 925 1166 966 nun-
1219 898 1308 963 16616
1330 909 1409 977 6661,
1428 922 1494 966 666
1514 901 1595 966 11161
1613 902 1655 966 61
1675 903 1866 987 religionem
1882 906 2058 986 pertinens,
2081 907 2140 971 sed
2157 908 2200 972 ad

186 1011 286 1072 quam
306 990 375 1052 fore
395 994 433 1052 ut
452 986 548 1068 61666
570 994 603 1050 61
625 985 667 1050 61
688 987 811 1050 iustum
832 986 965 1050 modum
986 989 1167 1054 sanctifice-
1218 986 1477 1051 conservandam
1502 989 1589 1052 inter
1614 987 1762 1054 homines
1784 991 1995 1072 aequitatem,
2024 1013 2106 1074 quae
2128 995 2202 1058 vult

187 1084 243 1141 tur
270 1096 372 1157 usquo
399 1073 441 1138 61
465 1074 639 1154 septimum
668 1071 754 1136 diem
775 1071 891 1157 (Hebr.
911 1071 955 1157 4).
1000 1074 1063 1138 Ille
1088 1095 1166 1138 vere
1218 1071 1384 1135 interdum
1406 1095 1576 1138 servorum
1597 1082 1630 1138 61
1651 1074 1843 1140 animalium
1864 1097 1979 1158 operas
2001 1079 2132 1158 remitti,
2157 1101 2200 1144 ne
2303 1144 2315 1163 ‚

187 1163 257 1229 dies
282 1161 439 1242 septimus
461 1159 596 1223 ultimus
617 1165 668 1222 est
684 1165 717 1222 61
736 1168 902 1233 aeternus,
924 1159 959 1222 in
977 1181 1075 1242 quem
1091 1159 1168 1224 11661
1219 1156 1391 1221 inhumani
1420 1166 1587 1224 exactores
1616 1160 1745 1225 assidue
1771 1161 1941 1241 instand0,
1968 1162 2056 1228 61166
2076 1165 2201 1229 iustum

187 1270 247 1331 pro
258 1260 351 1330 parte
361 1246 500 1329 ingressi
512 1246 623 1322 simus,
637 1245 819 1327 quicunque
832 1265 944 1313 sumus
956 1244 1077 1323 fideles,
1085 1267 1168 1310 non·
1219 1241 1353 1306 modum
1368 1244 1454 1325 ipsos
1477 1254 1636 1327 premant
1673 1244 1871 1328 Quanquam
1887 1247 1977 1327 haee,
1995 1255 2032 1312 ut
2049 1251 2200 1330 arbitrer,

188 1335 268 1400 dum
288 1340 399 1397 tamen
420 1331 515 1413 plene
539 1331 755 1412 pervenimus.
800 1328 897 1395 Nune
919 1332 1020 1407 enim,
1047 1332 1167 1413 66611-
1218 1329 1324 1411 magis
1346 1330 1486 1394 instituti
1506 1331 1629 1396 utilitas
1649 1332 1995 1398 61166616116616166
2013 1333 2132 1419 (Exod.
2147 1340 2199 1401 23.

187 1421 277 1498 dem,
301 1428 447 1483 nestram
475 1417 510 1480 in
530 1417 602 1481 Deo
624 1417 766 1498 quietem
786 1415 1025 1495 inchoavimus,
1047 1418 1082 1480 16
1103 1438 1168 1500 qua
1219 1414 1317 1477 Dent
1346 1413 1394 1500 5),
1424 1438 1522 1497 quam
1549 1417 1740 1482 institiondi
1767 1439 1873 1485 causa
1918 1420 2028 1484 Huius
2055 1423 2201 1503 aequite-

186 1508 288 1572 etiam
314 1502 456 1586 quotidie
483 1524 673 1585 progressus
700 1501 850 1580 facimus,
877 1510 914 1566 ut
935 1509 1013 1568 tunc
1034 1503 1168 1567 tandem
1219 1500 1261 1563 tis
1281 1500 1364 1564 ratio
1387 1524 1406 1565 a
1427 1502 1520 1567 nobis
1537 1501 1633 1568 hodie
1655 1525 1781 1586 quoque
1798 1505 1950 1569 habenda
1967 1513 2025 1584 661,
2047 1528 2113 1570 666
2132 1530 2201 1572 666·

187 1592 388 1677 perficiatur,
423 1611 497 1652 cum
529 1587 716 1670 implebitur
741 1587 823 1652 illud
845 1588 969 1652 1666166
998 1588 1073 1670 (166.
1099 1592 1165 1671 66),
1217 1584 1276 1649 vili
1298 1586 1438 1667 quadam
1461 1589 1661 1668 necessitate,
1684 1589 1742 1654 sed
1763 1600 1860 1673 prout
1882 1592 2000 1656 caritas
2018 1591 2198 1659 dictaverit

187 1700 252 1762 que
272 1676 427 1743 6661661116
448 1675 513 1739 Ι)61
539 1675 738 1757 premittitur
759 1674 931 1738 66116166
953 1695 994 1737 ex
1022 1674 1165 1750 sabbate,
1217 1672 1273 1743 En
1294 1680 1433 1753 6661666
1449 1675 1556 1755 66166
1572 1684 1754 1758 praecepta,
1778 1697 1860 1758 quae
1877 1678 2103 1759 praescribunt
2120 1701 2201 1761 666-

187 1785 314 1846 66666,
334 1783 409 1826 666
426 1762 489 1823 erit
504 1761 596 1824 Deus
614 1759 723 1823 omnia
740 1760 774 1822 in
791 1759 941 1823 omnibus
955 1758 1163 1909 ί61106615).
1217 1755 1266 1821 les
1287 1779 1347 1822 nes
1369 1779 1448 1841 erga
1468 1760 1578 1824 Deum
1600 1782 1713 1844 gerere
1735 1761 1926 1841 debeamus,
1954 1762 2070 1844 quibus
2092 1765 2201 1846 prima

188 1850 228 1914 Id
257 1858 290 1914 61
315 1848 478 1912 Dominus
504 1845 596 1910 nobis
623 1845 670 1908 in'
686 1845 848 1909 creatione
874 1867 953 1908 mun
979 1847 985 1858 '
1015 1844 1165 1923 ostendit,
1218 1842 1330 1907 tabula
1351 1843 1520 1909 clauditur.
1824 1883 1827 1890 ν

187 1957 287 2019 quam
316 1956 374 1998 scr
397 1933 509 1996 dicbus
531 1930 684 2008 absolvit,
712 1931 849 2012 septimo
870 1932 994 2013 quievit
1015 1931 1055 1996 ab
1077 1933 1166 1995 omni
1305 1928 1402 2009 Quod
1429 1941 1553 2010 autem,
1582 1940 1712 2014 praeter
1738 1934 1911 2018 vulgarem
1931 1940 1965 1997 et
1992 1935 2059 1999 fere
2081 1936 2201 2018 ubique

187 2043 300 2104 opere,
328 2031 366 2082 ut
386 2020 456 2082 cius
483 2017 631 2098 exemplo
653 2017 694 2081 ab
722 2016 871 2098 operibus
894 2038 1022 2099 quoquc
1046 2017 1166 2084 nestris
1217 2016 1373 2079 usitatam
1398 2016 1538 2081 formam
1564 2028 1703 2100 quatuor
1732 2030 1906 2102 praccepta
1931 2020 1992 2085 sub
2017 2021 2125 2102 prima
2151 2029 2202 2085 ta-

188 2114 368 2182 eessantes,
395 2105 540 2186 requiem
566 2105 601 2165 in
628 2105 698 2184 ipso
726 2110 872 2166 nostram
898 2124 1106 2184 quaeramus,
1134 2111 1168 2166 et
1217 2100 1295 2166 bula
1321 2101 1465 2179 includo,
1492 2102 1528 2166 id
1555 2126 1621 2168 non
1649 2106 1832 2183 66166116,
1862 2112 1919 2169 aut
1940 2105 2005 2170 levi
2026 2107 2126 2171 etiam
2147 2129 2202 2171 ra-

189 2192 314 2258 adhoc
337 2191 467 2273 septimi
489 2190 552 2253 diei
574 2189 744 2252 sabbatum
767 2186 896 2252 assidue
918 2189 1106 2270 aspiremus.
1218 2187 1305 2250 tione
1326 2187 1449 2252 factum
1471 2197 1528 2253 est
1564 2189 1652 2254 Nam
1673 2192 1729 2273 qui
1751 2191 1847 2255 ahter
1867 2192 2062 2274 partiuntur,
2086 2214 2203 2258 seeun-

276 2276 373 2357 Qued
401 2276 517 2339 attinet
544 2274 586 2338 61
618 2274 705 2338 diem
732 2272 929 2338 dominicum
957 2295 1054 2355 quem
1078 2296 1167 2338 nunc
1219 2271 1298 2336 dum
1323 2272 1515 2338 mandatmn
1542 2275 1628 2356 quod
1655 2278 1879 2352 recitavimus,
1912 2298 2049 2342 numere
2076 2299 2202 2361 expun-

187 2366 414 2438 observamus,
436 2384 503 2426 nou
525 2369 575 2425 est
594 2359 667 2424 ideo
688 2360 856 2424 institutus
876 2367 915 2423 ut
935 2361 1168 2441 praecaeteris
1219 2366 1310 2441 gunt,
1333 2358 1420 2441 quod
1440 2360 1572 2425 indubie
1594 2361 1741 2426 mandati
1762 2362 1832 2427 leco
1852 2361 2002 2427 distinete
2021 2384 2041 2426 a
2057 2364 2200 2428 Domino

187 2450 283 2514 illum
305 2448 558 2524 sanctificemus,
585 2445 704 2523 idest,
734 2447 928 2510 sanctiorem
950 2447 1166 2510 aestimemus.
1202 2496 1208 2509 .
1241 2446 1360 2509 ositum
1387 2453 1452 2524 est;
1481 2445 1644 2511 decimum
1669 2469 1747 2511 vero
1775 2447 1815 2511 16
1842 2470 1908 2512 666
1933 2449 2199 2531 concupiscendis

186 2536 282 2601 Haec
315 2535 403 2598 enim
435 2533 533 2597 solius
560 2533 624 2597 Dei
656 2532 884 2614 praerogativa
915 2537 978 2609 est,
1012 2532 1067 2614 qui
1099 2531 1168 2596 dies
1218 2466 1328 2616 1665]
1346 2532 1487 2614 preximi
1505 2533 1611 2610 rebus,
1629 2534 1738 2615 inepte
1756 2535 1791 2598 16
1814 2532 1877 2597 166
1900 2543 2099 2616 concerpunt
2116 2535 2202 2617 6661

187 2643 302 2687 omnes
324 2642 366 2684 ex
388 2639 489 2700 aeque
512 2619 685 2682 honeravit
704 2617 794 2702 (Gal.
814 2616 858 2700 4).
903 2616 1044 2694 Verum,
1068 2626 1105 2681 ut
1127 2617 1169 2682 ad
1220 2638 1322 2680 unum
1337 2624 1370 2680 et
1385 2616 1473 2681 idem
1492 2626 1548 2682 est
1583 2618 1637 2683 Ad
1650 2619 1842 2683 haect‘tlem
1859 2618 2022 2700 partiendi
2042 2623 2201 2685 rationem

186 2729 302 2790 preces
323 2714 357 2771 et
377 2704 490 2769 laudes
512 2705 584 2783 Dei,
608 2703 649 2768 ad
671 2701 870 2767 audiendum
887 2701 1033 2780 verbum,
1057 2703 1099 2766 ad
1117 2724 1169 2767 sa-
1220 2704 1351 2784 puriore
1362 2703 1490 2768 saeculo
1501 2705 1701 2788 incognitam
1711 2705 1820 2783 fuisse,
1832 2704 1972 2787 intelligi
1983 2714 2200 2788 exeepetest,
2303 2743 2320 2771 0

187 2799 432 2858 crementorum
457 2811 569 2868 usum,
592 2789 727 2855 eeclesia
748 2811 786 2853 eo
814 2787 1059 2853 disconveniat
1082 2788 1166 2873 (001.
1220 2787 1306 2869 qued
1335 2786 1496 2872 Origenes
1519 2789 1604 2855 hanc
1631 2797 1778 2854 nostram
1805 2791 1875 2854 sine
1897 2793 2117 2855 controversia
2144 2813 2201 2873 po-

189 2880 235 2962 3).
274 2879 316 2942 In
338 2898 421 2960 6666
438 2877 544 2941 efficia
561 2897 624 2958 quo
641 2875 759 2940 melius
783 2872 823 2960 [p.
839 2872 894 2961 63]
913 2873 1057 2938 studium
1072 2896 1168 2939 omne
1220 2876 1294 2938 suit
1315 2873 1339 2958 ¹)
1383 2875 1561 2958 Augustini
1582 2876 1714 2958 quidem
1734 2883 1879 2959 tempore
1901 2877 1967 2938 iam
1989 2875 2046 2939 1116
2068 2879 2203 2941 inventa

187 2965 284 3030 vacui
307 2963 526 3039 senseramus,
549 2967 737 3026 cessatura
757 2961 955 3026 mechanicis
978 2969 1011 3023 ct
1032 2981 1168 3025 manua
1221 2966 1303 3023 erat:
1334 2959 1483 3024 sednon
1512 2961 1553 3025 ab
1582 2961 1732 3026 omnibus
1760 2961 1966 3044 probabatur.
2017 2961 2086 3043 Ipsi
2115 2969 2203 3027 certe

186 3051 248 3115 riis
268 3049 420 3132 operibus
447 3069 483 3113 ae
506 3048 725 3112 avocamentis
746 3047 910 3123 omnibus,
938 3067 1021 3128 6666
1043 3045 1084 3109 61
1107 3045 1168 3111 hu·
1220 3046 1406 3128 Augustino
1418 3045 1448 3131 ²)
1470 3048 1511 3112 ob
1532 3047 1672 3112 nimium
1692 3048 1799 3113 levem
1821 3068 1954 3113 causam
1976 3048 2094 3126 arrisit,
2117 3048 2203 3130 qued
2330 3088 2335 3108 .

186 3137 241 3201 ius
260 3137 349 3201 vitae
371 3135 531 3198 rationem
551 3135 723 3216 pertinent
755 3131 915 3196 Eiusdem
936 3133 1070 3195 rationis
1092 3139 1169 3196 sunt
1220 3132 1256 3195 16
1282 3152 1420 3195 numero
1448 3133 1583 3197 trinario
1611 3131 1654 3217 (si
1676 3134 1780 3199 tribus
1809 3134 1991 3216 praeceptis
2013 3135 2205 3198 conficiatur

188 3229 224 3286 et
257 3222 417 3286 solemnes
445 3219 501 3284 elii
528 3218 613 3297 dies,
641 3220 759 3301 quibus
783 3218 941 3302 mysteria
968 3217 1083 3283 salutis
1111 3239 1169 3282 no-
1221 3217 1328 3299 prima
1348 3215 1474 3302 tabula)
1496 3219 1602 3301 magis
1623 3218 1750 3284 eluceat
1768 3220 1962 3303 mysterium
1983 3220 2147 3298 trinitatis,
2169 3220 2206 3284 in

187 3315 278 3373 strae
311 3307 468 3371 memoria
495 3311 694 3388 repetuntur.
747 3303 845 3385 Quod
874 3305 901 3368 si
923 3305 1061 3368 verbum
1087 3302 1169 3368 illud
1221 3303 1357 3367 caeteris
1378 3310 1491 3368 nestra
1511 3305 1617 3387 magis
1646 3306 1676 3369 61
1699 3305 1857 3388 placebat
1902 3304 2082 3369 Nobiscum
2103 3307 2206 3370 sensit

187 3399 257 3458 toto
279 3394 397 3469 animo,
420 3400 458 3454 ut
479 3391 584 3470 decet,
608 3391 794 3455 imbibimus
816 3412 854 3455 ac
874 3391 1061 3472 peripsum
1083 3410 1169 3453 mor-
1221 3396 1315 3453 66166
1336 3391 1443 3471 666616
1463 3390 1645 3473 imperfecti
1665 3391 1701 3454 in
1722 3391 1938 3456 Matthaeum
1954 3389 1983 3474 Β)
2017 3390 2086 3455 Nee
2109 3389 2203 3454 dubi-

188 3480 352 3544 tificamus
380 3479 521 3542 hominis
552 3478 672 3542 veteris
704 3498 816 3558 opera,
850 3497 916 3540 non
935 3475 1057 3540 ‘diebus
1086 3474 1169 3538 dun·
1221 3476 1360 3540 tavorim
1381 3473 1501 3539 diaboli
1523 3474 1637 3540 fraude
1659 3475 1853 3554 idfaetum,
1877 3476 2058 3540 61666616
2080 3475 2203 3539 exho-

175 3572 284 3630 -taxat
312 3565 418 3642 festis,
456 3563 514 3627 sed
546 3563 633 3627 omni
674 3561 725 3626 die
764 3563 968 3627 continenter
999 3560 1170 3625 sabbatum
1220 3561 1348 3624 minmn
1368 3561 1487 3626 animis
1507 3560 1699 3627 mandatum
1725 3561 1807 3625 illud
1829 3560 2027 3640 elaberetur,
2050 3582 2113 3643 quo
2135 3567 2205 3626 tam

190 3652 432 3716 sanctificamus
460 3659 507 3728 et,
529 3647 615 3731 quod
636 3648 690 3712 hic
712 3648 875 3725 iubemur,
904 3647 1068 3711 celebrare
1089 3647 1169 3712 inci-
1221 3652 1315 3711 caute
1342 3645 1526 3711 idololatria
1557 3647 1756 3729 prehibetur.
1812 3647 1885 3712 Hoc
1914 3647 2018 3711 obiter
2045 3648 2205 3728 perstrin-

189 3739 299 3819 pimus
321 3736 492 3800 sabbatum
513 3757 555 3799 ex
570 3734 716 3804 sabbate.
760 3734 803 3799 ln
830 3754 971 3798 summa:
1000 3753 1066 3797 non
1094 3732 1170 3797 roli-
1221 3732 1366 3815 gendum
1393 3731 1469 3810 1611,
1499 3754 1541 3796 66
1563 3734 1636 3815 6616
1663 3754 1723 3798 666
1744 3754 1865 3798 novam
1887 3738 1921 3796 et
1947 3754 2054 3815 66666
2073 3734 2204 3816 excogi-

190 3823 287 3906 gione
315 3823 423 3904 aliqua
450 3821 663 3885 discernimus
693 3821 779 3884 inter
807 3818 894 3884 diem
920 3827 953 3883 et
981 3817 1082 3896 diem,
1113 3817 1170 3883 661
1221 3823 1334 3894 161666,
1356 3824 1501 3882 6661666
1522 3819 1730 3899 partitionem
1756 3826 1815 3883 aut
1834 3819 1987 3897 miretur,
2011 3825 2069 3883 aut
2089 3818 2203 3883 rideat

191 3909 372 3974 eommunis
393 3907 524 3989 pelidae
544 3927 650 3980 causa
685 3904 853 3986 Quosdam
875 3905 963 3970 6616
985 3903 1054 3968 dies
1075 3925 1169 3987 prae-
1222 3900 1381 3985 Superest
1402 3902 1545 3968 secunda
1564 3904 1684 3969 tabula

191 3995 329 4077 scriptos
356 3993 529 4071 habemus,
557 4014 623 4057 non
651 3993 767 4073 quibus
795 3991 985 4073 simpliciter
1005 3990 1168 4067 feriemur,

191 4081 286 4163 quasi
306 4087 418 4145 nestra
439 4079 616 4144 cessatione
643 4077 768 4142 celatur
790 4084 848 4142 aut
869 4076 1046 4141 delectetur
1068 4077 1168 4152 Deus,
1547 4126 1817 4192 MANDATUM
1838 4126 1872 4190 V

192 4165 251 4264 661
287 4166 363 4248 quia
394 4165 501 4248 aliquo
539 4164 591 4228 die
624 4163 792 4228 ecelesiam
830 4163 1003 4228 convenire
1034 4168 1169 4260 6666161.
1873 4177 1880 4192 ·

191 4251 292 4403 &ff
293 4258 577 4402 (1ᾙέἅῇ
586 4256 858 4402 ffiffiffi
868 4250 1172 4431 ffiffffluclffifflf
1378 4267 1555 4352 Honora
1583 4279 1752 4380 patrem
1780 4281 1827 4352 61
1856 4281 2047 4354 661666.

191 4422 246 4488 116
266 4430 466 4489 evanescunt
491 4443 599 4506 nugae
625 4420 853 4503 sophistarum,
877 4422 932 4503 qui
953 4419 1081 4484 iudaice
1101 4439 1171 4500 666·
1310 4417 1383 4483 Hoc
1410 4425 1473 4498 661,
1501 4417 1762 4504 quandoquidem
1788 4421 1898 4486 timeri
1925 4441 1946 4483 a
1972 4418 2065 4483 nobis
2092 4418 2203 4481 Deum

191 4508 418 4574 6166666166
438 4509 637 4574 imbuerunt:
662 4506 854 4590 abrogatum
871 4528 942 4572 6666
959 4503 1044 4588 6661
1062 4525 1171 4596 66666-
1223 4509 1320 4586 61666
1347 4506 1451 4570 66661
1485 4514 1625 4588 eportet:
1657 4528 1699 4571 66
1726 4513 1880 4590 parentes
1906 4503 1959 4571 vel
1987 4502 2201 4586 negligamus,

191 4594 332 4660 moniale
354 4602 426 4660 erat
446 4595 482 4658 in
501 4596 562 4659 hoc
577 4592 738 4658 mandato
760 4592 809 4676 (id
831 4599 941 4657 autem
962 4596 1089 4668 vocant,
1112 4611 1172 4655 666
1222 4589 1276 4654 661
1298 4589 1367 4656 ulla
1388 4592 1423 4655 in
1444 4612 1480 4654 re
1502 4590 1714 4670 offendamus,
1736 4615 1854 4659 verum
1879 4591 1931 4656 his
1951 4588 2093 4652 661166
2115 4587 2203 4654 1616-

191 4680 320 4765 lingua,
347 4680 412 4746 diei
441 4682 597 4763 septimae
623 4678 838 4763 taxationem)
864 4699 1034 4743 66666666
1061 4683 1172 4741 66166
1223 4696 1349 4757 ramus,
1378 4697 1432 4740 ees
1454 4697 1664 4741 revereamur
1684 4684 1718 4740 et
1738 4679 1895 4754 colamus,
1924 4676 1964 4740 iis
1986 4673 2047 4738 sub
2068 4674 2203 4739 Domini

190 4767 277 4849 quod
298 4767 421 4831 morale
443 4773 501 4845 est,
524 4786 641 4847 nempe
662 4764 758 4830 unius
777 4765 842 4829 1161
860 4764 1120 4830 observationem
1137 4762 1173 4824 in
1221 4761 1390 4827 voluntate
1422 4761 1624 4839 obediamus,
1658 4761 1699 4826 116
1724 4763 1927 4826 commodare
1954 4782 1992 4826 66
2025 4760 2203 4843 gratificari

190 4851 402 4919 hebdomade.
447 4853 549 4934 Atqui
576 4851 612 4916 id
630 4850 714 4915 nihil
735 4851 824 4915 aliud
846 4856 910 4928 est,
937 4871 1037 4932 quam
1057 4849 1093 4913 in
1113 4847 1171 4910 Iu·
1222 4846 1420 4927 studeamus,
1443 4848 1688 4931 quibuscunque
1708 4847 1743 4910 in
1764 4847 1862 4911 r'ebus
1883 4847 1947 4911 illis
1964 4847 2039 4911 usui
2057 4867 2128 4911 6666
2144 4867 2203 4928 po-

193 4937 349 5004 daeorum
369 4938 599 5005 contumeliam
621 4935 708 5001 diem
729 4943 865 5014 mutare,
888 4935 953 5000 1161
973 4933 1172 5000 observatio·
1223 4934 1300 4996 terit
1313 4941 1426 4999 nestra
1443 4954 1542 5016 opera
1557 4933 1657 5018 (Eph.
1672 4936 1700 4997 6.
1724 4931 1921 5015 11611115).
1951 4931 2095 4998 Additur
2106 4932 2204 4997 bene-

191 5045 269 5089 666
279 5026 428 5090 retinere.
447 5021 558 5192 364]
567 5023 614 5086 Et
623 5021 856 5089 sanevidemus
866 5021 944 5104 quid
955 5019 1172 5119 talidectriua

191 5111 396 5192 profeoerint'
480 5112 514 5175 Ui
541 5130 629 5208 (imm
650 5104 1171 5209 eomm.⁰⁰¹i⁸tituti⁰niliu⁸·h⁸⁰'
1292 5154 1321 5222 l)
1343 5155 1418 5225 Orig.
1437 5157 1466 5210 16
1483 5157 1569 5210 Exod.
1639 5152 1669 5221 2)
1687 5154 1761 5233 Aug..
1775 5153 1821 5206 lib.
1841 5160 1944 5234 quaest.
1965 5154 2202 5212 6611666661.

191 5203 281 5275 mnis
309 5219 420 5263 emsa
441 5195 628 5276 ssamsthque
656 5195 846 5295 §abbanem
864 5199 1092 5293 flufflfsstlnqne
1113 5189 1170 5255 1¹¹⁸
1222 5220 1253 5290 3)
1275 5222 1352 5278 Haec
1374 5227 1472 5279 verba:
1499 5226 1646 5280 Nobiscum
1664 5230 1729 5287 etc,
1752 5241 1782 5275 m
1803 5239 1924 5292 margine
1949 5224 2070 5277 extantia
2092 5223 2136 5277 hic
2154 5243 2203 5281 suo
2237 5238 2250 5267 ⁰

190 5280 290 5347 dacos
310 5289 360 5348 ter
381 5289 544 5366 superant.
590 5279 638 5345 Ut
658 5301 724 5344 666
745 5303 855 5346 mmus
876 5279 973 5345 hodie
992 5299 1073 5361 ipsis
1094 5297 1171 5343 eou-
1222 5291 1384 5347 1666666666
1402 5295 1469 5348 loeo.
1499 5292 1573 5348 1116

1959 5377 1992 5431 3*
