4770 6030
102 370 107 381 '
218 364 284 426 999
327 385 340 418 t
790 349 1057 420 INSquUuIO
1079 352 1183 418 REL.
1207 350 1387 418 CHRIS'P.
1414 355 1645 418 1539-1554.
2105 407 2111 413 .
2141 360 2229 420 1000

1856 467 2099 536 A882=3134343
2118 466 2225 524 0434.

219 555 428 624 revocentur,
459 543 635 626 praeterita
667 541 819 621 veritate,
852 539 1015 624 extemplo
1040 541 1077 604 in
1110 537 1199 604 nuda
1251 560 1325 606 esse.
1376 539 1418 607 Ut
1439 561 1536 622 quum
1556 540 1634 607 dicit
1653 541 1733 607 libro
1753 542 1793 607 de
1812 454 1955 607 ἄξοινιιια
1970 542 2147 608 ebriuiana
2164 548 2227 609 ter-

220 635 317 718 signa
334 654 369 697 se
386 634 580 696 convertant
597 627 682 693 etin
703 619 761 692 illa
777 628 837 692 toti
855 627 1049 711 defigantur.
1084 624 1198 706 Quan-
1249 626 1309 691 tio:
1335 627 1401 691 nisi
1422 626 1688 708 uqndueuueritis
1713 647 1839 692 aarum
1857 627 1922 708 filii
1941 627 2093 707 bonnus,-
2116 628 2226 712 liquru

221 739 319 803 quam
339 718 393 782 hic
413 736 539 798 quoque
561 713 624 778 duo
646 712 792 779 carenda
810 720 888 779 sunt
904 712 999 777 vitia:
1022 733 1064 776 ns
1086 717 1144 776 aut
1162 712 1198 776 in
1249 716 1301 790 est,
1314 712 1516 792 numnius
1527 713 1676 792 nussiui
1692 711 1826 780 &nini
1843 734 1908 779 asse
1923 715 2223 796 communicandum,

221 802 438 870 extenuandis
458 800 562 884 signis
584 799 687 876 nimii,
716 821 736 863 a
758 799 826 864 suis
847 797 1013 883 mysteriis
1035 819 1074 862 ea
1096 796 1198 862 divel·
1250 801 1278 861 et
1303 799 1444 862 suuuim
1470 801 1563 878 utque
1588 798 1711 863 utiliter
1743 798 1969 864 ruendutduu
1998 800 2035 865 iu
2061 803 2223 882 muuuiu,

220 889 304 967 lere,
327 888 445 969 quibus
467 884 703 969 quodammodo
726 905 857 949 annexa
881 889 973 964 sunt;
1007 883 1121 948 autin
1140 883 1197 947 iis-
1249 881 1332 962 quod
1346 902 1410 961 pro
1435 882 1524 947 uobis
1549 903 1622 948 curo
1649 885 1719 949 eius
1744 884 1898 965 crucifixa
1929 891 1958 950 et
1982 885 2149 951 aaran
2170 889 2222 954 sit.

222 974 297 1038 dem
325 971 518 1037 extollendis
542 969 728 1049 immodici,
761 970 920 1056 mysteria
944 969 1076 1033 interim
1098 969 1198 1033 etiam
1250 965 1332 1031 lietu
1347 988 1451 1048 quum
1471 968 1556 1047 dieii,
1578 970 1643 1033 triu
1664 968 1723 1033 iliu
1744 969 1849 1034 millio
1869 969 2030 1035 boninum
2051 972 2108 1052 qui
2132 971 2223 1039 Puri·

221 1059 294 1141 ipsa
321 1057 473 1122 nonnihil
501 1057 675 1122 obseruare
706 1055 885 1121 videamur.
931 1053 1103 1119 Christum
1127 1076 1197 1120 esse
1248 1054 1389 1118 cuuioue
1409 1054 1547 1118 eouuusi
1568 1059 1649 1132 suni,
1669 1055 1856 1138 sanquinem
1879 1053 2008 1134 Christi,
2037 1077 2128 1138 quem
2154 1079 2223 1125 sae-

244 1164 341 1209 anem
363 1143 467 1221 vitae,
495 1164 558 1225 quo
587 1142 622 1205 in
648 1141 787 1206 salutem
814 1149 981 1207 aeternam
1007 1140 1198 1205 nutriantur
1248 1138 1359 1203 aiendo
1377 1138 1536 1220 fuderunt,
1557 1140 1707 1205 eruendo
1727 1139 1847 1206 bibisse.
1861 1140 1885 1225 ¹)
1935 1140 2051 1206 Verum
2065 1142 2222 1223 plurinus

220 1165 344 1308 hdeles,
367 1249 463 1293 nemo
484 1234 542 1306 est,
570 1228 633 1292 nisi
655 1248 788 1310 prorsus
810 1226 1024 1309 irreligiosus,
1052 1225 1108 1307 qui
1130 1248 1197 1290 non
1248 1223 1326 1288 aliis
1340 1223 1590 1304 luisiiludiidei
1598 1225 1776 1305 minium
1785 1227 1904 1310 eqreqte
1918 1229 2116 1307 inmuni,
2138 1231 2221 1311 quod

220 1315 373 1380 fateatur.
418 1312 485 1379 Sed
506 1313 568 1378 hcc
589 1335 656 1378 non
676 1311 811 1396 perinde
837 1313 924 1376 inter
945 1332 1058 1377 omnes
1080 1331 1197 1376 conve·
1244 1329 1304 1390 per
1325 1309 1429 1389 usam
1448 1329 1510 1374 run
1531 1311 1638 1375 minus
1657 1310 1843 1391 reficiuntur
1870 1315 1978 1378 curuis
2001 1311 2121 1378 obuii?
2142 1335 2221 1380 cun

221 1401 286 1477 nit,
314 1399 419 1483 qualis
445 1399 488 1464 sit
515 1399 584 1464 eius
611 1396 828 1481 participandi
856 1397 949 1461 ratic.
994 1394 1083 1461 Sunt
1109 1398 1198 1460 enim
1248 1395 1393 1459 mutuique
1412 1396 1538 1460 animae
1558 1401 1691 1478 instrue,
1714 1416 1810 1477 quum
1830 1418 1960 1479 corpora
1970 1420 2059 1479 pane
2079 1420 2139 1480 quo
2156 1421 2221 1466 ecs-

222 1486 279 1568 qui
306 1483 504 1550 manducare
531 1485 656 1550 Christi
683 1505 816 1549 carnem
848 1491 882 1547 et
907 1483 1099 1566 sanguinem
1127 1483 1197 1548 eius
1248 1485 1370 1545 cuiuur.
1424 1480 1529 1561 Atque
1559 1482 1595 1546 id
1627 1482 1733 1562 ipuuu
1772 1488 1818 1548 est
1849 1484 1930 1563 quod
1961 1483 2078 1549 alieubi
2109 1486 2221 1551 setim

222 1571 333 1636 bibere
361 1591 427 1634 uno
445 1571 545 1635 verbo
574 1569 748 1646 definiunt,
783 1568 868 1632 nihil
895 1590 966 1634 esse
988 1568 1077 1632 aliud
1098 1589 1197 1651 quam
1251 1562 1711 1651 &circumequitantes
1731 1588 1794 1632 neu
1812 1567 1876 1649 fide
1895 1573 2016 1634 tuntum
2032 1571 2086 1636 sd
2101 1573 2220 1652 reipsa

223 1657 258 1721 in
284 1655 455 1721 Christum
483 1657 591 1737 ipsum
617 1653 758 1719 credere.
807 1653 875 1719 Sed
901 1655 985 1718 mihi
1011 1655 1196 1737 expressius
1247 1671 1305 1716 uos
1325 1671 1418 1715 suiuu
1438 1651 1557 1733 effiure
1576 1672 1697 1732 urpus.
1743 1653 1852 1734 Neque
1872 1656 1954 1718 enirn
1975 1655 2104 1720 aliunde
2123 1676 2221 1738 quum

219 1741 374 1824 quiddam
396 1761 434 1805 ac
455 1741 625 1806 sublimius
646 1740 777 1804 videtur
798 1740 939 1806 voluisse
961 1739 1075 1806 dooere
1098 1739 1196 1805 Chri·
1247 1757 1269 1800 u
1288 1735 1351 1816 tide
1382 1737 1443 1801 tole
1475 1737 1587 1802 bouum
1617 1740 1760 1820 curaequi
1792 1739 1954 1822 iutelliqit5
1983 1742 2037 1807 sed
2067 1740 2123 1807 boe
2150 1749 2220 1807 tuit·

220 1833 290 1892 stus
308 1827 343 1890 in
361 1825 530 1908 praeclara
550 1826 607 1891 illa
627 1824 787 1904 concione,
805 1827 862 1890 ubi
882 1826 989 1891 carnis
1007 1847 1085 1890 suae
1100 1847 1194 1890 man·
1247 1826 1314 1885 tum
1330 1823 1398 1886 uult
1414 1823 1580 1901 euciudere,
1599 1825 1735 1903 nequis,
1754 1824 1829 1888 dum
1843 1824 2108 1905 Jidnunoruinuii
2118 1829 2218 1907 audit,

220 1912 426 1977 ducationem
448 1912 542 1976 nobis
563 1909 783 1977 sommendat:
806 1933 924 1994 nempe
943 1932 1024 1976 rora
1045 1913 1097 1976 sui
1118 1933 1194 1993 par-
1246 1908 1365 1972 nudum
1386 1909 1642 1989 imaginationem
1662 1911 1824 1990 concipiat.

219 1987 408 2079 tioipitione
433 2018 493 2061 nos
521 1997 694 2074 vivificam
727 2017 824 2077 quam
852 1996 1072 2062 manducandi
1094 1997 1194 2061 etiam
1335 1996 1382 2056 15.
1427 1993 1540 2076 Neque
1562 1994 1610 2056 illi
1631 2001 1800 2076 praeterea
1824 1995 1906 2060 mihi
1928 1997 2130 2063 satisfaciunt
2151 2000 2217 2081 qui,

219 2104 257 2147 ac
278 2081 412 2147 bibendi
431 2083 540 2148 verbis
561 2082 633 2147 ideo
654 2082 850 2164 designavit,
880 2104 922 2146 ne
944 2104 1042 2165 quam
1060 2083 1100 2148 ab
1122 2084 1193 2165 ipso
1245 2078 1440 2143 nonnullam·
1465 2080 1559 2144 nobis
1584 2101 1655 2145 esse
1689 2101 1765 2145 oum
1794 2079 1927 2146 Christo
1956 2085 2219 2150 communionem

218 2169 321 2251 vitem
342 2169 553 2250 percipimus,
581 2167 719 2250 simplici
747 2168 931 2252 cognitione
958 2169 1082 2250 percipi
1103 2169 1192 2251 quis·
1244 2172 1470 2247 agnoscentes,
1498 2186 1571 2230 eam
1598 2165 1677 2230 dum
1698 2165 1867 2231 ostendere
1888 2167 2017 2247 volunt,
2040 2189 2100 2234 nos
2121 2170 2219 2252 spiri·

218 2254 306 2334 piam
328 2260 467 2335 putaret.
1243 2257 1296 2314 tus
1318 2249 1413 2314 modo
1430 2251 1603 2332 participes
1620 2252 1752 2330 faciunt,
1770 2255 1947 2335 praeterita
1963 2255 2071 2320 carnis
2088 2262 2121 2320 et
2140 2277 2218 2321 san·

308 2343 356 2402 13.
402 2336 701 2418 Quemadmodum,
723 2339 811 2402 enim
847 2360 914 2403 non
953 2345 1101 2420 aspectus
1135 2337 1192 2404 sed
1243 2337 1352 2420 guinis
1374 2336 1547 2401 mentione.
1593 2335 1696 2417 Quasi
1723 2358 1802 2418 vero
1829 2338 1887 2403 illa
1915 2340 2024 2404 omnia
2050 2340 2090 2405 de
2111 2341 2219 2406 nihilo

219 2444 294 2488 esus
320 2424 414 2505 panis
441 2424 567 2506 corpori
594 2424 787 2488 alimentum
813 2424 947 2502 sufficit,
980 2426 1028 2489 ita
1054 2446 1192 2490 vercae
1243 2421 1330 2486 dicta
1350 2421 1469 2486 forent:
1494 2443 1625 2487 carnem
1648 2425 1716 2487 eius
1738 2446 1815 2489 vere
1837 2446 1907 2489 esse
1929 2425 2052 2504 cibum,
2084 2429 2218 2510 sangui-

217 2509 348 2593 penitus
381 2509 572 2591 participem
600 2509 724 2574 Christi
752 2511 895 2574 animam
923 2512 995 2575 fieri
1029 2511 1190 2588 convenit,
1243 2528 1319 2570 nem
1341 2509 1411 2572 eius
1432 2529 1509 2572 vere
1531 2529 1601 2572 esse
1626 2516 1753 2590 potum;
1782 2531 1849 2574 non
1868 2510 1987 2576 habere
2012 2512 2121 2590 vitam,
2151 2513 2218 2578 nisi

218 2601 256 2658 ιιι
285 2594 386 2676 ipsius
418 2596 539 2659 virtute
571 2596 606 2659 in
638 2596 740 2662 vitam
778 2596 980 2678 spiritualem
1011 2602 1190 2680 vegetetur.
1243 2593 1298 2674 qui
1320 2613 1450 2658 carnem
1472 2592 1562 2657 illam
1590 2593 1837 2659 manducaverit
1861 2605 1895 2659 et
1912 2598 2105 2680 sanguinem
2125 2597 2218 2663 bibe·

217 2680 356 2744 Interim
377 2701 455 2745 vero
477 2680 562 2745 hanc
583 2701 650 2745 non
671 2680 769 2745 aliam
792 2702 862 2745 esse
883 2702 982 2762 quam
1001 2682 1078 2745 fidei
1098 2702 1192 2745 man·
1242 2679 1295 2756 rit,
1319 2686 1451 2762 atquae
1468 2677 1580 2743 ecdem
1597 2681 1769 2760 pertinent.
1802 2679 1922 2763 Quare,
1946 2683 1974 2747 si
1995 2683 2081 2747 ultra
2102 2703 2219 2748 eorum

217 2766 423 2831 ducationem
461 2767 615 2844 fatemur
654 2774 692 2831 ut
729 2766 821 2830 nulla
862 2767 926 2831 alia
963 2767 1045 2850 fingi
1076 2774 1190 2849 potest.
1244 2763 1492 2847 descriptionem
1530 2763 1665 2829 solidam
1695 2764 1818 2830 Christi
1846 2769 2106 2832 communionem
2138 2790 2218 2851 pro-

216 2851 344 2916 Verum
376 2851 437 2916 hoc
469 2853 556 2915 inter
585 2872 659 2915 mea
687 2859 722 2915 et
746 2853 884 2916 istorum
917 2852 1018 2917 verba
1044 2853 1191 2943 interest,
1245 2850 1337 2934 gredi
1355 2858 1489 2930 constat,
1508 2871 1674 2933 quousque
1690 2859 1802 2933 pateat
1818 2861 1851 2917 et
1867 2874 1939 2918 sese
1961 2854 2113 2935 proferat,
2135 2876 2215 2937 pau-

216 2935 303 3019 qucd
335 2937 399 3003 illis
437 2936 635 3002 manducare
674 2947 725 3001 est
756 2937 918 3003 duntaxat
950 2937 1097 3018 credere;
1131 2960 1190 3023 ego
1244 2938 1290 3002 cis
1311 2937 1585 3021 perstringamus,
1617 2938 1644 3001 si
1673 2945 1784 3002 tamen
1808 2939 1884 3002 ullis
1910 2940 2019 3004 verbis
2047 2940 2217 3022 complecti

215 3021 376 3088 credendo
395 3023 585 3087 manducari
607 3022 733 3088 Christi
759 3045 900 3104 carnem,
947 3042 993 3094 uia
1016 3040 1069 3092 fide
1099 3047 1191 3094 noster
1243 3029 1375 3087 tantum
1402 3023 1595 3107 mysterium
1622 3022 1734 3102 liceat,
1767 3024 1853 3106 quod
1879 3046 1922 3089 ne
1950 3027 2058 3089 animo
2085 3025 2218 3106 quidem

216 3125 339 3190 efficitur,
358 3128 492 3189 eamque
509 3107 794 3174 manducationem
811 3059 960 3177 fructui?
975 3109 1191 3193 effectumque
1243 3110 1323 3173 satis
1344 3130 1397 3172 me
1419 3108 1693 3190 comprehendere
1720 3109 1828 3190 video;
1853 3118 1886 3174 et
1912 3111 2051 3176 libenter
2072 3110 2145 3175 ideo
2166 3112 2217 3176 fa·

216 3213 287 3258 esse
308 3194 385 3258 fidei
408 3191 487 3257 dice.
532 3195 602 3258 Aut
630 3194 657 3258 si
686 3194 805 3260 clarius
827 3197 923 3276 velis,
958 3196 1023 3262 illis
1050 3196 1190 3261 mandu-
1243 3201 1321 3274 teor,
1343 3216 1385 3259 ne
1407 3194 1480 3276 quis
1502 3195 1571 3259 eius
1593 3194 1826 3260 sublimitatem
1854 3196 2010 3262 infantiae
2032 3218 2125 3262 meae
2146 3219 2218 3262 mo·

215 3278 299 3343 catio
317 3287 366 3344 est
382 3277 479 3358 fides3
504 3280 587 3343 mihi
609 3302 652 3345 ex
671 3279 736 3346 fide
753 3282 860 3363 potius
882 3282 1034 3366 consequi
1050 3281 1188 3349 videtur.
1243 3279 1318 3345 dulc
1340 3281 1503 3344 metiatur.
1538 3276 1628 3360 Quin
1646 3282 1752 3363 potius
1769 3281 1905 3347 lectores
1923 3282 2044 3359 hortor,
2068 3304 2110 3347 ne
2128 3283 2219 3348 iutra

213 3363 257 3428 In
279 3366 388 3430 verbis
409 3365 540 3446 quidem
562 3388 717 3450 parvum,
747 3367 804 3432 sed
831 3369 866 3433 in
884 3390 920 3433 re
940 3391 1006 3433 non
1028 3369 1190 3434 mediocre
1242 3366 1320 3431 istos
1348 3366 1488 3430 nimium
1517 3374 1672 3448 angustos
1700 3368 1782 3432 fines
1808 3368 1927 3433 mentis
1960 3389 2092 3433 sensum
2112 3370 2218 3434 conti-

213 3457 265 3514 est
287 3449 470 3517 discrimen.
515 3451 600 3516 Nam
629 3454 691 3517 etsi
719 3452 812 3519 docet
834 3455 998 3537 apestolus
1020 3454 1190 3520 Christum
1241 3458 1354 3531 neant3
1377 3451 1434 3517 sed
1455 3451 1558 3515 multo
1577 3451 1674 3517 altius
1699 3474 1870 3537 assurgere
1887 3454 2094 3533 contendant,
2117 3475 2218 3537 quam

212 3535 248 3600 in
270 3536 422 3602 cordibus
443 3538 563 3603 nostris
585 3539 734 3603 habitare
751 3539 938 3622 perfidem,
961 3550 1189 3605 nemotamen
1240 3559 1313 3603 meo
1335 3538 1435 3603 ductu
1455 3539 1597 3619 possint
1633 3538 1720 3602 Nam
1746 3559 1806 3622 ego
1834 3540 1903 3621 ipse
1932 3541 2056 3622 quoties
2083 3540 2146 3606 hac
2174 3540 2217 3606 de

214 3620 450 3687 habitationem
475 3624 573 3687 istam
601 3624 700 3689 fidem
724 3626 993 3708 interpretabitur
1000 3650 1008 3706 ;
1041 3625 1099 3691 sed
1120 3627 1189 3690 exi-
1241 3646 1278 3688 re
1299 3645 1405 3689 sermo
1426 3630 1485 3701 est,
1505 3623 1562 3688 ubi
1582 3624 1691 3686 omnia
1713 3623 1820 3689 dicere
1839 3634 1975 3690 conatus
1993 3648 2074 3705 sum,
2096 3632 2218 3708 parum

214 3707 318 3770 mium
339 3708 415 3772 fidei
436 3708 589 3773 effectum
610 3710 767 3793 explicari
787 3732 899 3777 omnes
921 3712 1076 3792 sentiunt,
1103 3712 1189 3794 quod
1241 3709 1349 3775 adhuc
1369 3709 1451 3774 mihi
1468 3730 1527 3791 pro
1544 3709 1614 3774 eius
1631 3708 1790 3793 dignitate
1808 3710 1928 3776 dixisse
1944 3711 2064 3776 videor.
2100 3709 2216 3791 Quan-

214 3794 399 3874 peripsam
427 3793 539 3859 fideles
566 3804 808 3878 consequuntur
834 3805 872 3861 ut
900 3797 1069 3863 Christum
1097 3799 1132 3862 in
1154 3819 1189 3863 se
1240 3817 1338 3877 quam
1377 3802 1486 3860 autem
1519 3795 1689 3878 cogitando
1722 3797 1853 3861 animus
1884 3796 1958 3879 plus
1998 3797 2099 3881 valet,
2116 3818 2216 3879 quam

214 3877 358 3942 habeant
378 3887 574 3949 manentem.
618 3882 660 3945 In
682 3882 770 3947 hune
797 3882 931 3948 modum
951 3883 1055 3950 voluit
1073 3884 1189 3948 Domi·
1242 3881 1357 3964 lingua
1368 3880 1589 3963 exprimendo,
1612 3881 1660 3945 rei
1683 3890 1794 3946 tamen
1812 3882 2038 3966 magnitudine
2056 3882 2111 3946 ille
2133 3904 2216 3968 quo·

213 3984 286 4040 nus,
309 3985 427 4045 panem
449 3966 536 4030 vitae
563 3988 598 4031 se
619 3969 854 4050 nuncupando,
884 3992 951 4035 non
979 3977 1109 4034 tantum
1132 3969 1188 4033 do·
1241 3988 1303 4049 que
1323 3967 1467 4032 vincitur
1485 3974 1519 4030 et
1535 3966 1691 4031 obruitur.
1725 3969 1841 4051 Itaque
1858 3967 1941 4032 nihil
1959 3967 2090 4033 demum
2101 3975 2216 4048 restat,

213 4050 343 4114 cerain
364 4051 478 4115 mortis
499 4054 809 4136 resurrectionisque
831 4076 911 4120 suae
927 4055 992 4120 fide
1013 4055 1187 4137 repositam
1241 4053 1303 4117 nisi
1327 4061 1364 4117 ut
1383 4052 1419 4115 in
1449 4053 1518 4117 eius
1546 4054 1695 4137 mysterii
1724 4053 1971 4119 admirationem
1992 4075 2216 4137 prorumpam,

214 4155 284 4199 esse
307 4136 400 4200 nobis
420 4137 559 4201 salutem
566 4160 574 4215 ;
597 4137 655 4202 sed
675 4161 755 4204 vera
776 4141 874 4205 etiam
897 4142 947 4206 sui
969 4141 1188 4208 communica·
1240 4138 1292 4202 cui
1319 4159 1380 4202 nec
1407 4159 1501 4204 mens
1528 4138 1627 4221 plane
1662 4138 1848 4222 cogitando,
1881 4162 1942 4206 nee
1969 4139 2084 4224 lingua
2111 4139 2217 4223 expli-

213 4220 300 4285 tione
317 4221 404 4299 fieri,
437 4229 475 4285 ut
502 4224 570 4287 vita
598 4245 657 4288 sua
683 4225 719 4288 in
746 4247 805 4291 nos
834 4234 981 4291 transeat
1006 4249 1043 4292 ac
1075 4236 1188 4291 nostra
1240 4223 1342 4289 cando
1374 4243 1434 4304 par
1471 4244 1541 4289 esse
1573 4232 1688 4306 potest.
1745 4223 1935 4290 Sententiae
1974 4233 2084 4291 tamen
2122 4247 2217 4290 meae

213 4306 279 4370 fiat.
323 4307 399 4371 Non
421 4329 514 4372 secus
532 4329 569 4373 ae
591 4310 694 4391 panis,
718 4312 797 4375 dum
819 4313 853 4375 in
877 4312 1069 4377 alimentum
1087 4312 1188 4377 sumi·
1240 4330 1402 4373 summam
1424 4330 1585 4393 exponam
1605 4317 1785 4394 utcunque:
1819 4333 1918 4394 quam
1939 4319 1977 4376 ιιι
1998 4311 2080 4375 nihil
2102 4309 2217 4376 dubito

211 4395 275 4469 tur,
297 4392 444 4476 vigorem
465 4395 590 4476 corpori
612 4394 827 4462 administrat.
1239 4416 1353 4459 veram
1374 4415 1454 4475 esse,
1481 4396 1528 4460 ita
1549 4395 1611 4477 piis
1633 4396 1817 4478 pectoribus
1838 4418 1906 4461 non
1926 4397 2144 4479 improbatum
2172 4397 2216 4461 iri

301 4481 349 4542 14.
392 4479 463 4544 Nec
484 4480 547 4543 alio
568 4502 667 4546 sensu
688 4483 910 4566 Augustinus,
937 4505 1035 4567 quem
1054 4482 1103 4545 illi
1130 4503 1188 4564 pa-
1238 4480 1372 4546 confido.

212 4569 343 4627 tronum
365 4565 427 4630 sibi
444 4563 613 4646 advocant,
634 4567 794 4632 credendo
805 4590 865 4632 nos
875 4569 1074 4634 manducare
1084 4569 1186 4651 scrip·
1329 4572 1376 4630 16.
1420 4567 1572 4631 Primum
1610 4568 1758 4632 omnium
1789 4590 1807 4632 e
1845 4569 2012 4651 seriphuis
2051 4568 2214 4649 docemur,

144 4684 148 4690 ·
212 4647 269 4726 sit,
293 4669 391 4731 quam
418 4659 456 4715 ut
482 4651 766 4717 manducationem
787 4653 883 4717 istam
911 4653 988 4717 fidei
1010 4674 1097 4731 esse,
1121 4675 1187 4717 non
1240 4651 1411 4717 Christum
1438 4654 1478 4718 ab
1510 4653 1602 4717 initio
1636 4654 1805 4720 vivificum
1835 4653 1918 4719 illud
1942 4655 2044 4736 patris
2075 4654 2215 4719 verbum

212 4734 286 4811 oris,
315 4734 483 4800 indicaret.
529 4735 626 4816 Quod
653 4757 757 4819 neque
784 4738 854 4820 ipse
880 4759 977 4821 neg03
1005 4738 1062 4804 sed
1089 4739 1186 4804 simul
1239 4738 1463 4818 ansearius
1487 4740 1610 4804 fontem
1638 4748 1672 4804 et
1697 4741 1873 4824 originem:
1910 4739 1994 4805 unde
2022 4741 2148 4818 omnia,
2176 4747 2216 4805 ut

211 4827 323 4883 tamen
345 4819 428 4884 addo
455 4843 515 4886 nos
543 4823 609 4887 fide
630 4822 799 4904 complecti
828 4822 997 4888 Christum
1018 4846 1085 4889 non
1106 4827 1186 4890 emi-
1238 4824 1401 4903 viverent,
1431 4845 1560 4908 semper
1580 4832 1784 4908 acceperunt
1829 4825 1940 4907 Quare
1961 4825 2102 4891 Ioannes
2126 4847 2216 4891 nune

211 4925 274 4969 nus
297 4914 518 4986 apparentem,
541 4909 599 4972 sed
620 4930 656 4973 se
677 4908 771 4974 nobis
793 4908 1096 4975 communicantem.
1125 4911 1188 4976 Ne-
1239 4930 1424 4975 sermonem
1443 4911 1532 4978 vitae
1549 4933 1661 4977 nuncu
1684 4919 1726 4991 at,
1750 4934 1838 4978 nunc
1855 4913 1977 4995 inipso
1995 4912 2098 4995 vitam
2114 4912 2216 4977 fuisse

212 5009 270 5070 que
290 4996 393 5055 tomen
413 4991 622 5072 ioquutiouem
642 4993 731 5058 ιῖῑαιιι
751 4995 937 5076 simpliciter
957 4995 1110 5090 inuno,
1133 4998 1188 5063 scd
1239 4995 1351 5061 scribit
1378 4995 1411 5080 (l
1430 4996 1520 5062 Ioan.
1547 5003 1573 5078 l,
1601 5002 1627 5062 l.
1660 4933 1755 5062 loun.
1773 5003 1799 5076 l,
1821 4997 1866 5083 4),
1900 4998 2087 5082 significans
2118 4998 2216 5062 illum
2238 5014 2254 5031 ·

212 5080 335 5139 mutum
356 5097 431 5158 nequ
446 5078 577 5157 pienum
598 5099 663 5145 esse
683 5081 985 5161 interpretationem
1006 5082 1036 5147 si
1057 5082 1187 5163 definire

213 5161 330 5240 uolunt,
360 5161 438 5243 quid
458 5162 502 5227 sit
524 5161 643 5231 Christi
663 5185 789 5230 urnam
817 5167 1015 5232 nunducure.
1054 5168 1187 5248 Alioqui

211 5245 299 5310 video
319 5247 537 5333 Auffitsiinwm
562 5249 619 5316 lule
647 5249 792 5332 loquendi
818 5251 923 5332 form
945 5271 1073 5334 taeptttt
1094 5271 1186 5318 tatum
1307 5267 1336 5334 1)
1353 5269 1453 5322 Homil.
1471 5271 1500 5324 in
1517 5272 1608 5324 Ioann.
1618 5267 1660 5334 31,
1681 5269 1744 5324 9et
1760 5270 1802 5336 40,
1821 5269 1838 5322 2
1856 5276 1884 5323 et
1901 5270 1975 5323 alibi.
2010 5268 2041 5339 2)
2058 5268 2214 5389 Romilio.
