4770 6030
222 317 285 377 831
794 305 1058 374 meriwido
1081 307 1185 372 Rau.
1209 305 1390 374 CHRIST.
1416 310 1647 371 lesa-1554.
2158 311 2222 372 832

224 503 355 566 aduentu
372 499 508 575 abolitas,
526 499 669 562 reducere
688 498 723 561 in
740 496 945 565 christianam
960 497 1119 562 ecclesiam
1136 517 1199 560 mo-
1250 518 1326 560 nem
1356 518 1391 560 66
1417 495 1538 559 1616116
1566 516 1658 578 posse
1686 407 2226 563 6111616111541111361111131131

225 587 385 651 liebautur.
438 583 552 647 Verum
573 584 616 647 ad
637 583 715 646 barn
744 584 950 662 quaestionem
976 582 1198 662 cupedieudam
1251 581 1313 645 hac
1336 602 1450 645 severa
1472 581 1553 664 legis
1575 583 1757 659 exactione,
1780 582 1833 645 vel
1855 582 1962 663 potius
1984 590 2051 645 toto
2073 582 2155 666 legis
2178 585 2224 648 ri·

94 715 96 719 ,
223 670 406 754 disputandi
438 674 525 733 eraut
557 669 681 733 altiores
709 669 780 746 loci,
808 670 841 731 in
867 669 980 747 quibus
1001 673 1062 731 tota
1084 672 1199 731 contre
1251 687 1334 749 gore¹
1354 667 1525 744 liberatae,
1553 676 1691 748 paterna
1715 667 1850 731 lenitate
1872 689 1906 732 se
1929 678 1949 731 a
1969 669 2040 732 Deo
2067 669 2226 751 appellari
2273 744 2278 750 1

224 758 326 821 cusia
340 756 448 837 posita
467 759 541 818 erat.
587 753 743 831 Primum,
766 754 843 833 quia
863 753 984 816 umbris
1005 753 1074 816 illis
1095 752 1199 816 iudai·
1251 751 1394 829 audiant,
1419 752 1538 816 hilares
1561 758 1594 816 et
1614 774 1735 836 magna
1756 753 1922 817 alacritate
1944 755 2073 817 vocanti
2090 776 2225 836 respon-

190 906 195 924 ,
223 844 269 907 cis
288 840 507 906 obscurabatur
526 840 675 922 eeanpelii
694 839 836 917 dardae,
866 839 994 903 ostendit
1015 840 1050 901 iu
1078 835 1199 901 Christo
1251 837 1374 902 debunt
1396 845 1429 901 et
1451 837 1621 902 dueentem
1643 846 1827 920 sequentur.
1871 838 1911 902 In
1934 861 2075 916 summa,
2099 842 2154 922 qui
2177 840 2225 904 le-

223 948 278 992 ues
298 927 431 990 solitam
453 946 557 989 eorum
578 926 717 989 omniruu
740 925 953 988 eabibdimnm
974 923 1096 1000 babere,
1120 944 1198 1003 quae
1252 925 1301 1005 gis
1332 924 1408 1006 iugo
1436 924 1677 1006 astringimtur,
1707 925 1809 988 servis
1838 932 1915 989 sunt
1943 925 2078 1001 similes,
2106 927 2225 1007 quibus

222 1013 368 1084 mosaicis
400 1012 601 1076 eaeremoniis
638 1010 911 1074 adumbrabantur.
967 1009 1089 1074 Deinde
1121 1009 1205 1090 quid
1251 1016 1358 1072 certae
1380 1010 1415 1071 11
1437 1009 1583 1090 singulos
1603 1007 1672 1073 dies
1694 1030 1810 1091 operae
1829 1032 1849 1074 a
1868 1010 2007 1074 dominis
2024 1010 2224 1076 indicuntur.

151 1160 156 1172 ,
223 1098 274 1163 illi
307 1100 485 1178 impostores
518 1098 660 1178 pessima
692 1098 834 1178 opinione
873 1094 1047 1158 imbuebant
1080 1095 1199 1176 plebem
1251 1094 1298 1157 Hi
1320 1095 1409 1158 enim
1430 1094 1513 1157 nihil
1540 1095 1693 1159 effectum
1724 1101 1840 1177 putant
1867 1117 1927 1160 noe
1954 1097 1989 1159 in
2016 1104 2226 1178 conspectum

224 1184 319 1268 (quod
338 1183 411 1247 baec
434 1182 546 1246 seilicet
568 1182 737 1246 obedientia
761 1182 874 1246 ualeret
895 1181 937 1245 ad
958 1181 1198 1262 proruercndam
1252 1179 1456 1243 dominorum
1483 1182 1596 1245 venire
1629 1179 1765 1258 audent,
1799 1182 1863 1245 nisi
1890 1188 2024 1246 exactus
2052 1203 2226 1265 operarum

224 1269 289 1334 Dei
308 1267 462 1352 qratiam)
484 1267 534 1332 1116
551 1267 1111 1349 616116161616616111666111616616
1132 1286 1198 1346 ope-
1251 1265 1367 1329 modus
1387 1266 1575 1330 constiterit.
1620 1265 1699 1329 Filii
1721 1287 1813 1343 vero,
1836 1268 1891 1348 qui
1912 1267 2079 1332 liberalius
2100 1274 2134 1331 et
2153 1291 2225 1334 ma-

224 1355 322 1433 ribus,
345 1354 458 1418 uedum
479 1355 611 1417 minutis
635 1353 700 1417 illis
722 1353 883 1430 dementis,
905 1353 1062 1422 iustitiam
1082 1372 1114 1416 se
1131 1371 1198 1414 cou-
1252 1351 1302 1434 gis
1323 1352 1466 1435 ingenue
1488 1372 1508 1414 a
1528 1351 1675 1433 patribus
1698 1359 1895 1430 tractantur,
1919 1353 1966 1416 eis
1987 1374 2054 1417 non
2073 1353 2227 1420 dubitant

224 1441 312 1520 sequi
332 1459 425 1521 posse
451 1459 555 1503 emam
581 1438 649 1503 Deo
674 1439 848 1503 existiment
872 1438 985 1518 sidetes
1035 1436 1078 1500 Et
1102 1436 1199 1501 simul
1251 1435 1404 1502 inchoata
1426 1443 1459 1499 et
1480 1435 1649 1501 dimidiata
1670 1457 1782 1519 66616,
1806 1437 1929 1520 aliquid
1950 1438 2049 1502 etiam
2072 1440 2143 1504 vitii
2165 1441 2226 1506 ha·

223 1526 305 1590 decet
325 1525 522 1613 damnatione
544 1525 620 1607 lepis
641 1545 720 1605 quae
740 1525 897 1587 uniuersis
917 1523 1093 1587 bominibus
1114 1523 1199 1586 alias
1252 1522 1377 1596 hentia,
1405 1522 1535 1586 offerre:
1565 1523 1677 1587 confisi
1705 1544 1798 1586 suam
1818 1523 2036 1588 obedientiam
2065 1532 2098 1589 et
2123 1528 2227 1591 animi

225 1611 390 1692 impendet,
423 1629 487 1673 esse
513 1632 573 1691 per
604 1627 722 1674 murem
753 1608 873 1673 Christi
898 1608 1023 1673 liberos:
1049 1612 1083 1671 ut
1102 1608 1199 1689 plena
1251 1606 1541 1689 promptitudinem
1566 1607 1630 1673 illis
1657 1615 1822 1690 acceptam
1850 1610 1933 1686 1616,
1962 1611 2089 1675 etiamsi
2116 1612 2227 1678 minus

159 1753 165 1763 .
225 1697 387 1761 securitate
400 1696 443 1758 ‘iu
464 1716 525 1758 uno
549 1694 670 1760 Obristo
698 1697 900 1776 acquiescant.
949 1695 1009 1774 Qui
1031 1694 1113 1757 loeus
1140 1694 1199 1756 buc
1252 1699 1365 1758 exacte
1398 1693 1566 1758 effecerint
1605 1693 1690 1775 quod
1722 1693 1882 1759 volebant.
1934 1696 2029 1760 Tales
2061 1719 2120 1761 nos
2153 1720 2227 1763 esse

218 1782 348 1864 proprie
364 1782 505 1863 pertinet.
552 1781 708 1845 Postremo
729 1780 922 1845 museieutiis
941 1780 1083 1860 fidelium
1106 1800 1199 1843 suam
1252 1785 1393 1861 oportet,
1423 1779 1478 1860 qui
1506 1785 1594 1843 66116
1621 1778 1821 1844 confidamus
1854 1781 2008 1863 obsequia
2032 1790 2143 1846 nostra
2172 1784 2226 1847 11-

225 1868 339 1932 asserit
364 1865 546 1944 libertatem,
575 1887 613 1930 ue
638 1887 702 1948 qua
729 1867 875 1949 relipiaue
903 1867 937 1929 iu
958 1866 1049 1930 rebus
1069 1885 1129 1929 neu
1150 1886 1200 1929 ue·
1252 1863 1499 1947 dulgentissimo
1531 1865 1617 1947 66111
1649 1865 1821 1948 probatum
1850 1867 1907 1945 iri,
1940 1867 2226 1951 quantulacunque

225 1953 373 2018 cessariis
394 1952 631 2034 obstringuntur.
1252 1951 1319 2013 sint
1347 1955 1381 2013 61
1408 1951 1618 2031 quantumvis
1645 1949 1739 2014 rudia
1766 1972 1803 2016 ae
1831 1951 2029 2034 imperfecta.
2074 1951 2227 2033 Qualiter

310 2044 341 2104 4.
391 2037 520 2115 111616,
548 2059 631 2120 quae
659 2059 700 2101 ex
728 2037 893 2119 superiore
920 2036 978 2100 1116
1004 2035 1139 2120 pendet,
1162 2042 1200 2099 ut
1252 2035 1351 2099 etiam
1377 2056 1437 2118 per
1460 2036 1654 2119 prophetam
1677 2035 1895 2122 (1111611)
1923 2039 2016 2104 nobis
2038 2041 2224 2106 confirmat:

225 2124 441 2189 conscientiae
463 2144 529 2186 161
549 2124 643 2206 quasi
669 2122 751 2205 legis
771 2123 964 2187 necessitate
986 2130 1114 2187 coactae
1134 2121 1199 2205 legi
1246 2141 1385 2203 parcam
1416 2121 1477 2200 616,
1507 2122 1628 2204 inquit,
1658 2123 1742 2186 sicut
1768 2122 1851 2187 solet
1876 2131 1969 2207 pater
2000 2125 2067 2189 fiho
2093 2146 2228 2207 parcere

125 2225 130 2235 ’
225 2209 459 2290 obsequantur,
489 2207 546 2272 sed
567 2208 648 2292 legis
674 2209 777 2290 ipsius
798 2208 875 2291 iugo
897 2208 1017 2271 liberae
1039 2206 1199 2272 voluntati
1252 2207 1409 2272 servienti
1436 2207 1511 2286 sibi;
1545 2208 1602 2271 ubi
1635 2228 1767 2290 parcere
1795 2229 1855 2291 pro
1881 2209 2051 2293 indulgere
2083 2212 2228 2293 positum

224 2295 290 2360 Dei
318 2295 403 2358 ultro
436 2293 597 2358 obediant.
650 2292 813 2373 Quoniam
848 2294 934 2357 enim
967 2295 1003 2357 in
1035 2294 1199 2375 perpetuis
1252 2296 1393 2370 6616161,
1427 2313 1527 2374 quum
1564 2293 1662 2358 simul
1700 2293 1843 2376 obsequii
1875 2296 2068 2361 meminerit.
2112 2296 2229 2380 Neque

225 2379 406 2444 terroribus
438 2387 626 2456 versantur,
660 2378 815 2460 quamdiu
847 2380 907 2443 sub
944 2378 1026 2462 legis
1058 2378 1199 2442 dominio
1253 2378 1334 2442 haec
1355 2377 1474 2443 fiducia
1505 2400 1622 2460 parum
1649 2379 1742 2444 nobis
1768 2382 1950 2444 necessaria
1972 2393 2035 2459 est,
2068 2383 2228 2465 sineque

226 2473 313 2543 sunt,
337 2464 435 2530 alacri
456 2463 712 2548 promptitudine
733 2465 768 2527 in
790 2463 1007 2529 obedientiam
1028 2464 1090 2528 Dei
1113 2486 1199 2527 nun·
1253 2464 1375 2527 frustra
1407 2465 1516 2527 611116
1554 2466 1744 2530 conabimur
1751 2488 1759 2542 ;
1797 2465 1956 2547 siquidem
1995 2466 2083 2532 nullo
2114 2477 2226 2534 nostro

226 2571 325 2634 quam
347 2551 541 2633 compositae
563 2557 674 2629 erunt,
698 2551 760 2615 nisi
783 2549 969 2616 huiusmodi
991 2551 1082 2631 prius
1101 2549 1200 2614 liber-
1253 2570 1348 2632 66616
1375 2571 1410 2613 se
1439 2549 1500 2614 coli
1530 2557 1660 2631 reputat
1680 2551 1786 2630 Deus,
1816 2552 1880 2615 nisi
1901 2552 1987 2633 quod
2008 2553 2043 2617 in
2065 2554 2134 2618 eius
2155 2555 2225 2619 cul·

226 2643 294 2701 1616
321 2635 468 2700 donatae.
519 2635 682 2718 Exemplo
710 2643 744 2700 et
774 2636 907 2701 brevius
936 2643 969 2699 et
996 2636 1100 2718 magis
1127 2657 1200 2718 per·
1253 2642 1323 2698 tum
1352 2656 1428 2699 vere
1455 2656 1474 2698 6
1502 2636 1594 2700 16116
1620 2637 1687 2699 fiat.
1735 2635 1776 2699 ld
1798 2644 1907 2700 autem
1934 2639 1988 2719 qui
2015 2640 2118 2720 possit
2137 2641 2225 2704 inter

226 2723 335 2806 spicue
357 2742 568 2804 assequemur
588 2743 651 2804 quo
668 2721 749 2787 haee
769 2722 960 2803 pertineant
989 2722 1090 2804 Legis
1106 2742 1200 2803 6166-
1252 2720 1325 2784 illos
1353 2727 1509 2799 terrores,
1532 2721 1587 2786 ubi
1610 2721 1793 2800 dubitatur,
1820 2723 2047 2789 offendaturne
2068 2726 2159 2790 Deus
2181 2747 2227 2790 61

226 2815 357 2890 ceptum
384 2812 449 2886 est,
483 2813 521 2870 ut
548 2806 723 2891 diligamus
751 2806 860 2871 Deum
887 2814 1035 2871 nostrum
1062 2828 1104 2871 ex
1133 2814 1201 2871 1616
1253 2806 1378 2872 colatur
1401 2814 1510 2871 nostro
1532 2806 1651 2889 opere?

226 2893 336 2971 corde,
366 2914 407 2956 ex
429 2893 645 2970 1616611116,
673 2914 715 2957 ex
736 2893 812 2957 totis
835 2893 967 2957 viribus.
1012 2892 1053 2956 Id
1074 2898 1113 2956 ut
1132 2894 1199 2972 fiat,
1340 2896 1367 2955 6.
1413 2892 1521 2974 Atque
1550 2913 1589 2956 ea
1610 2914 1708 2958 causa
1730 2903 1780 2958 661
1807 2915 1866 2959 eur
1886 2901 1980 2958 autor
2007 2895 2162 2978 epistolae
2184 2897 2228 2962 ad

227 2980 336 3043 anima
358 2979 450 3061 prius
472 2978 562 3042 omni
583 2978 646 3042 6116
668 3000 766 3043 66161
788 2985 821 3042 61
842 2979 1037 3063 cogitatione
1059 2986 1109 3043 est
1125 2999 1200 3043 eva—
1253 2977 1422 3041 Hebraeos
1443 2977 1600 3060 quidquid
1620 2979 1655 3042 11
1673 2979 1793 3043 6616116
1810 2981 1956 3061 patribus
1974 2981 2133 3046 bonorum
2150 3004 2227 3065 666-

226 3063 361 3141 6116116,
385 3085 441 3129 661
462 3062 611 3128 omnibus
634 3062 802 3129 desideriis
825 3063 1090 3149 expurgandum,
1114 3064 1201 3128 vires
1254 3084 1328 3126 rum
1349 3063 1448 3127 luisse
1469 3062 1590 3146 legitur
1612 3063 1653 3128 ad
1675 3063 1773 3128 fidem
1795 3065 1928 3143 reserat,
1951 3072 2044 3132 6166
2065 3067 2228 3134 duntaxat

225 3151 261 3213 in
294 3150 355 3214 hoc
387 3170 490 3212 unum
523 3148 724 3233 colligendae
762 3156 796 3214 et
835 3149 1083 3215 contrahendae.
1134 3148 1201 3230 Qui
1254 3169 1296 3212 ex
1326 3147 1392 3212 fide
1424 3149 1573 3213 aestimet
1599 3149 1791 3233 (Η6111.11,
1816 3154 1861 3214 2.
1900 3152 1953 3215 De
1983 3151 2060 3233 166,
2076 3153 2228 3220 libertate

227 3255 305 3318 prae
337 3234 410 3299 61116
441 3233 582 3299 multum
610 3236 773 3318 progressi
801 3242 878 3300 sunt
909 3237 945 3299 in
971 3236 1027 3300 via
1054 3235 1199 3314 Domini,
1253 3233 1391 3298 illustris
1413 3234 1626 3299 6611661611
1648 3235 1784 3317 epistola
1865 3237 2041 3318 Romanos,
2063 3240 2120 3304 ubi
2137 3240 2227 3305 Pau-

188 3398 190 3404 .
226 3319 416 3403 16161661116
443 3320 563 3385 absunt
589 3321 629 3386 ab
659 3319 721 3386 hac
747 3328 844 3385 meta.
888 3321 976 3385 Nam
1003 3322 1064 3385 6161
1090 3320 1200 3385 Deum
1252 3318 1303 3384 lus
1325 3320 1551 3398 ratiocinatur,
1582 3328 1751 3402 peccatum
1781 3343 1846 3385 non
1868 3322 1985 3388 debere
2007 3325 2100 3389 nobis
2122 3325 2228 3390 domi-

227 3427 268 3471 611
290 3407 398 3470 animo
420 3405 561 3489 diligunt
582 3413 615 3471 61
636 3407 761 3472 sincero
783 3406 888 3471 cordis
910 3407 1038 3486 affectu,
1060 3405 1200 3470 multam
1252 3405 1333 3483 nari,
1354 3406 1433 3487 quia
1455 3426 1520 3469 non
1539 3427 1651 3471 sumus
1669 3407 1729 3471 sub
1746 3406 1819 3490 1666
1836 3407 1893 3472 sed
1912 3408 1972 3472 sub
1990 3411 2096 3493 gratia
2114 3411 2226 3495 (Rom.

131 3522 135 3529 ·
226 3499 337 3557 tamen
365 3491 471 3557 adhuc
498 3492 603 3556 cordis
636 3499 669 3556 et
696 3492 823 3556 animae
855 3499 982 3574 partem
1010 3498 1200 3573 occupatam
1254 3491 1367 3574 616).
1414 3488 1526 3570 Quum
1546 3493 1636 3555 enim
1662 3491 1774 3557 fideles
1804 3492 1955 3558 hortatus
1977 3502 2063 3560 esset
2088 3519 2129 3560 ne
2151 3518 2228 3580 666-

227 3576 478 3642 161611661116
506 3577 737 3660 cupiditatibus
744 3601 752 3656 ;
781 3578 898 3660 quibus
931 3577 1144 3641 retrahuntur
1168 3583 1202 3640 et
1252 3585 1361 3641 catum
1383 3577 1419 3640 in
1440 3597 1552 3640 eorum
1573 3577 1704 3641 mortali
1724 3600 1858 3661 corpore
1879 3589 2041 3662 regnaret,
2064 3604 2147 3647 neve
2168 3604 2228 3648 ex-

227 3664 404 3739 sistuntur,
427 3664 598 3745 quominus
621 3665 717 3728 citato
740 3662 782 3727 ad
802 3665 912 3728 Deum
934 3677 1030 3728 cursu
1051 3672 1197 3746 pergant
1253 3662 1403 3726 hiberent
1429 3662 1577 3727 membra
1598 3684 1657 3728 sua
1679 3684 1770 3728 arma
1796 3665 1978 3746 iniquitatis
1998 3677 2145 3749 peccato,
2168 3669 2229 3734 sed

228 3748 334 3812 Multo
363 3748 493 3830 quidem
520 3756 638 3814 conatu
659 3749 873 3828 contendunt,
902 3749 960 3814 sed
982 3770 1057 3814 earo
1080 3749 1201 3830 partim
1251 3748 1324 3812 Deo
1352 3770 1387 3812 66
1415 3747 1625 3826 devoverent,
1653 3757 1809 3830 tanquam
1835 3771 1877 3814 ex
1904 3753 2040 3817 mortuis
2068 3754 2227 3834 viventes,

229 3853 341 3898 eorum
366 3834 450 3898 vires
468 3833 622 3912 debilitat,
645 3836 766 3917 partim
784 3835 826 3900 ad
843 3856 913 3900 sese
930 3834 1080 3918 applicat.
1111 3832 1201 3914 Quid
1253 3840 1285 3897 et
1313 3833 1461 3898 membra
1488 3855 1549 3898 sua
1578 3855 1670 3898 arma
1696 3835 1838 3900 iustitiae
1860 3837 1931 3900 Deo
1938 3859 1946 3915 ;
1974 3837 2022 3901 1111
2050 3861 2128 3904 vero
2150 3861 2229 3906 661-

229 3918 283 3983 hie
304 3918 438 3996 1661611,
467 3918 545 3983 dum
573 3921 719 3984 sentiunt
743 3920 826 3984 nihil
848 3943 883 3986 66
904 3921 1013 3985 minus
1034 3941 1132 4003 quam
1153 3919 1200 3983 le·
1252 3927 1305 3982 tra
1325 3919 1464 3984 obiicere
1486 3925 1632 4002 possent,
1661 3942 1696 3985 se
1717 3920 1824 3986 adhuc
1846 3943 1978 3986 carnem
1999 3945 2110 3989 secum
2130 3925 2228 4007 ferre,

229 4025 303 4087 gem
335 4004 523 4085 praestare?
573 4005 713 4084 Volunt,
731 4008 909 4088 66611611,
934 4013 1108 4071 conantur:
1143 4004 1201 4070 sed
1252 4004 1384 4087 plenam
1405 4005 1681 4087 concupiscentiis,
1702 4013 1735 4070 et
1756 4012 1926 4088 peccatum
1946 4009 1981 4071 in
2003 4031 2038 4074 se
2060 4010 2224 4078 habitare:

228 4088 310 4154 nihil
338 4110 391 4168 ea,
414 4110 478 4171 qua
500 4090 606 4168 decet,
633 4092 836 4174 perfectione.
882 4090 920 4157 Si
942 4092 1048 4175 legem
1070 4092 1200 4155 1111161-
1252 4090 2107 4176 611161166166166161161611616616111611616;
2136 4100 2227 4164 acsi

228 4181 297 4253 tur,
324 4175 480 4258 quidquid
502 4184 630 4241 tentant
651 4184 708 4240 aut
728 4177 929 4242 meditantur
948 4177 1069 4262 operis,
1098 4177 1200 4240 male·
1253 4174 1390 4253 diceret,
1419 4176 1547 4240 tametsi
1570 4176 1716 4241 nondum
1737 4178 1936 4242 exstinctum
1958 4187 2128 4261 peecatum
2148 4205 2226 4248 nec·

229 4259 351 4326 dictum
378 4282 448 4325 6666
478 4261 597 4327 vident.
647 4262 717 4329 Nec
745 4270 795 4328 est
821 4264 906 4347 quod
928 4263 1118 4346 aequisque
1140 4261 1200 4324 161·
1253 4260 1332 4324 dum
1352 4261 1511 4325 iustitiam
1537 4261 1572 4325 in
1595 4283 1629 4326 se
1650 4263 1762 4329 vivere
1783 4263 1880 4345 plane
1902 4266 2057 4345 sentiant,
2087 4288 2153 4331 non
2173 4276 2226 4331 ta·

228 4344 283 4424 lat,
307 4346 462 4430 colligens
484 4368 564 4429 opus
586 4370 623 4413 eo
646 4349 716 4431 ipso
738 4371 803 4413 non
824 4350 956 4413 omnino
978 4348 1101 4412 malum
1120 4367 1199 4423 6666,
1252 4367 1328 4410 men
1350 4367 1421 4410 esse
1443 4368 1501 4411 cur
1521 4346 1704 4427 formident,
1728 4356 1761 4413 et
1781 4350 1890 4413 animo
1908 4349 2108 4430 deliciantur,
2130 4355 2226 4433 quasi

228 4432 305 4513 quia
325 4433 567 4515 imperfectum,
595 4440 627 4498 et
648 4434 720 4499 ideo
741 4434 827 4517 quod
847 4435 882 4499 in
904 4457 942 4500 eo
963 4435 1040 4499 boni
1061 4439 1111 4497 est
1128 4433 1201 4496 Deo
1252 4432 1361 4497 Deum
1394 4452 1521 4513 semper
1552 4433 1713 4498 offensum
1746 4435 1890 4499 habeant
1922 4436 1962 4501 ob
1994 4437 2116 4519 peccati
2148 4438 2226 4503 reli·

230 4515 443 4582 nihilominus
465 4525 633 4601 acceptum
655 4541 734 4585 esse.
768 4521 855 4585 Nam
877 4521 931 4584 lex
952 4520 1129 4601 perfectam
1151 4517 1202 4581 di·
1252 4519 1360 4601 quias;
1389 4517 1518 4600 quando
1544 4539 1603 4601 per
1630 4521 1769 4603 gratiam
1792 4541 1811 4584 a
1832 4520 1904 4604 lege
1932 4523 1998 4586 6111
2024 4525 2226 4604 manumissi,

229 4601 401 4667 lectionem
428 4605 562 4686 exigens
595 4626 725 4670 omnem
752 4606 1028 4689 imperfectionem
1057 4601 1200 4666 damnat.
1253 4625 1295 4668 ne
1323 4604 1394 4668 eius
1421 4603 1536 4686 regula
1563 4626 1623 4669 sua
1649 4626 1747 4686 opera
1772 4608 2009 4672 examinentur.
2054 4607 2120 4689 Qui
2148 4632 2227 4675 vero

230 4687 323 4770 Opus
344 4689 445 4773 igitur
467 4711 563 4753 suum
585 4691 773 4768 consideret,
798 4691 882 4773 quod
904 4711 963 4773 pro
976 4694 1067 4771 parte
1080 4689 1202 4752 bonum
1253 4688 1452 4771 peccandum
1474 4689 1628 4768 inferunt,
1652 4691 1814 4772 quianon
1836 4692 1937 4758 simus
1959 4694 2117 4778 sublege,
2141 4697 2227 4762 hane

122 4838 123 4842 ,
229 4772 334 4838 videri
354 4774 496 4854 volebat;
519 4784 552 4840 et
575 4797 612 4840 eo
634 4778 703 4859 ipso
721 4776 1014 4859 transgressionem
1031 4773 1113 4857 16616
1131 4795 1201 4839 6666
1253 4775 1438 4840 libertatem
1469 4775 1554 4839 nihil
1581 4775 1623 4840 ad
1650 4777 1875 4858 sepertinere
1903 4778 2101 4863 intelligant:
2135 4783 2229 4848 ouius

229 4859 384 4937 inveniet,
407 4862 484 4941 quia
503 4863 728 4944 imperfectum
751 4873 807 4926 est.
892 4864 896 4871 '
1253 4862 1329 4926 finis
1351 4869 1402 4926 est
1424 4883 1483 4925 nos
1506 4860 1547 4926 ad
1568 4862 1690 4926 bonum
1712 4863 1866 4927 animare.

317 4949 344 5007 5.
389 4945 444 5009 En
465 4947 623 5028 quomodo
645 4948 755 5011 omnia
776 4954 888 5012 nostra
909 4966 1007 5027 opera
1028 4946 1110 5029 legis
1132 4967 1201 5010 ma·
1342 4951 1369 5010 7.
1415 4948 1539 5025 Tertia,
1574 4955 1611 5011 ut
1637 4948 1728 5012 nulla
1754 4969 1865 5012 rernm
1887 4957 2112 5030 externarum,
2145 4973 2228 5034 quae

229 5028 396 5094 ledictioni
424 5032 605 5109 subiacent,
633 5032 725 5097 eiad
751 5031 833 5116 legis
861 5031 995 5099 modum
1017 5032 1200 5115 exigantur.
1254 5053 1313 5115 per
1340 5053 1375 5097 se
1403 5041 1481 5098 sunt
1502 5030 1684 5115 1116166666,
1714 5033 1870 5115 16161616
1892 5056 2002 5100 eoram
2023 5036 2094 5100 Deo
2118 5043 2228 5102 tenea-
2318 5035 2322 5042 ’

231 5111 400 5193 Quomodo
432 5127 539 5181 autem
572 5124 643 5181 tum
675 5139 710 5182 66
743 5117 894 5183 alacriter
926 5117 1134 5202 accingerent
1160 5110 1203 5181 ad
1253 5139 1345 5196 mur,
1373 5120 1452 5201 quin
1475 5139 1529 5182 666
1552 5140 1639 5182 nune
1665 5139 1823 5200 usurpare
1849 5140 1938 5184 nunc
1961 5121 2108 5186 omittere
2129 5122 2229 5188 indif-

231 5217 312 5280 6616
337 5200 484 5266 infelices
512 5203 654 5280 animae,
682 5223 741 5285 pro
769 5224 831 5285 quo
853 5203 983 5267 nonnisi
1004 5202 1202 5268 maledictio·
1253 5202 1397 5268 ferenter
1417 5204 1521 5269 liceat.
1567 5204 1675 5286 Atque
1697 5203 1795 5267 huius
1817 5204 1915 5268 etiam
1936 5203 2096 5272 libertatis
2116 5210 2230 5293 cogni-
