4770 6030
182 449 243 510 mo
736 444 836 511 aar.
860 443 937 508 vn.
962 443 1053 527 (ιν.)
1098 441 1314 509 srusonr
1334 439 1631 509 nxrnrcxmo.
1864 440 1865 444 ‘
2124 448 2189 511 ao

182 544 561 633 A133;B150;0150.]

1208 630 1279 697 lent
1310 630 1484 697 obtrudere
1515 633 1571 713 qui
1601 652 1675 695 eam
1713 632 1799 696 tueri
1831 631 1956 697 volunt.
2006 633 2068 699 llle
2096 635 2187 699 enim

411 723 643 806 Descendit
674 723 728 805 ad
759 723 926 805 inferos,
1209 738 1312 799 quum
1333 716 1413 781 dicit
1434 716 1547 800 (Zach.
1568 721 1598 796 9,
1622 715 1675 801 ll)
1697 718 1878 782 Dominum
1903 740 1963 801 per
1990 720 2187 804 sanguinem

1209 803 1406 880 testamenti,
1425 802 1509 885 quod
1527 824 1603 869 oum
1620 803 1703 867 Zion
1720 804 1897 887 pepigerat,
1917 805 2041 869 orruisse
2057 806 2187 871 anates

268 894 318 955 25.
363 888 563 972 Quanquam
585 912 627 955 ex
647 897 797 975 veterum
819 891 963 972 scriptis,
989 891 1046 971 qui
1067 912 1157 974 sym·
1209 889 1323 954 elaou
1343 890 1464 970 inquo
1491 909 1558 953 non
1586 896 1636 953 est
1662 910 1761 971 aqua,
1789 911 1851 954 nec
1878 889 1919 954 de
1945 891 2097 970 mortuis,
2125 912 2188 958 nco

180 977 291 1044 bolum
312 983 518 1054 enarrarunt,
540 975 626 1041 hano
646 975 842 1058 particulam
864 996 930 1039 non
953 974 1033 1039 adeo
1054 976 1156 1041 husee
1209 974 1251 1039 de
1277 974 1377 1039 limbo
1406 974 1549 1056 loquitur
1556 998 1565 1053 ;
1598 973 1657 1039 sed
1688 995 1748 1057 per
1776 976 1884 1041 lacum
1913 997 1997 1058 aqua
2023 975 2187 1042 defectum

180 1064 258 1130 olim
279 1062 423 1128 ecclesiis
445 1062 602 1126 usitatam
623 1066 767 1143 apparet,
790 1081 851 1145 ego
874 1069 984 1125 tamen
1003 1062 1155 1126 omitten-
1207 1059 1497 1144 profundissimam
1534 1060 1685 1126 miseriae
1722 1062 1928 1144 voraginem,
1969 1083 2027 1144 per
2058 1063 2187 1129 vinctos

181 1149 265 1215 dam·
278 1170 346 1213 non
366 1168 495 1226 censeo,
518 1154 631 1231 utpote
648 1168 731 1228 quae
749 1147 796 1210 rei
814 1147 978 1211 maximae
995 1167 1063 1211 non
1080 1168 1155 1211 oon·
1208 1145 1366 1296 populum
1393 1152 1542 1211 exucma
1570 1145 1767 1212 calamitatis
1794 1169 1837 1211 an
1899 1148 1947 1211 tia
1972 1149 2186 1214 constrictum

180 1233 394 1300 temnendum
425 1235 618 1317 mysterium
645 1232 797 1297 continet.
850 1230 938 1296 Sunt
964 1230 1096 1314 quidem
1123 1239 1156 1297 et
1231 1232 1367 1315 asignat.
1412 1232 1534 1332 Petrus
1556 1238 1681 1311 autem,
1712 1232 1839 1298 dumC
1885 1234 1983 1297 'tum
2004 1235 2041 1297 in
2069 1234 2188 1316 spiritu

181 1343 222 1386 ex
244 1320 409 1386 veteribus
430 1319 596 1396 nonnulli,
620 1319 675 1401 qui
689 1324 770 1383 'eam
791 1338 859 1381 non
881 1319 1153 1400 praetermittant
1208 1319 1337 1383 venisse
1359 1338 1396 1383 ao
1418 1316 1622 1399 praedicasse
1643 1318 1684 1383 iis
1727 1319 1761 1382 ui
1786 1319 1822 1382 in
1845 1339 1973 1384 carcerc
1994 1326 2090 1383 erant
2118 1321 2186 1403 spi·

180 1406 277 1474 Unde
298 1405 455 1470 coniiccre
476 1405 566 1481 licet,
594 1411 668 1487 post
696 1404 899 1485 aliquantum
925 1406 1082 1486 temporis
1103 1405 1155 1467 in·
1208 1404 1324 1468 ritibus
1346 1403 1440 1470 docet
1461 1401 1493 1487 (l
1514 1403 1603 1468 Petr.
1624 1407 1652 1480 3,
1675 1339 1738 1489 lill,
1761 1404 1844 1468 nihil
1865 1405 1955 1470 aliud
1976 1405 2062 1483 vult,
2106 1427 2185 1470 uam

181 1499 303 1558 sertam
324 1511 391 1555 non
410 1491 560 1572 protinus
584 1490 641 1555 sed
664 1490 785 1554 sensim
803 1488 947 1554 ecclesiis
964 1490 1153 1556 insuevisse.
1208 1489 1366 1554 virtutem
1392 1487 1625 1571 redemptionis
1647 1511 1706 1572 per
1727 1488 1899 1555 Christum
1919 1498 2033 1572 partae
2055 1427 2184 1556 ellubi-

181 1577 221 1643 Id
243 1587 330 1643 certe
352 1584 447 1641 extra
468 1577 725 1642 controversiam
748 1583 812 1652 est,
836 1596 877 1639 ex
899 1576 1063 1679 comnpuni
1085 1577 1155 1658 pio·
1207 1581 1276 1639 tam
1303 1581 1336 1639 et
1363 1575 1460 1658 plane
1492 1575 1735 1640 manifestatam
1763 1597 1877 1641 eorum
1910 1577 2093 1658 spiritibus,
2128 1578 2185 1660 qui

181 1685 255 1729 rum
277 1663 424 1726 omnium
453 1683 552 1726 sensu
573 1662 673 1726 fixisse
698 1660 918 1742 desumptam;
945 1660 1076 1743 qnando
1097 1683 1155 1726 ne-
1209 1671 1286 1725 ante
1308 1659 1344 1724 id
1363 1667 1493 1743 tempus
1515 1660 1659 1726 defuncti
1681 1662 1821 1726 fuerant
1851 1661 1982 1727 Fideles
2005 1664 2102 1740 enim,
2127 1663 2184 1745 qui

182 1771 235 1814 mo
257 1756 308 1814 est
329 1756 477 1831 patrum,
501 1748 556 1829 qui
577 1768 643 1810 non
665 1747 702 1810 in
724 1748 790 1812 suis
812 1747 941 1828 scriptis
963 1746 1155 1812 descensum
1209 1767 1303 1811 suam
1331 1746 1372 1811 ab
1398 1747 1456 1812 illo
1477 1746 1618 1812 salutem
1641 1768 1769 1829 semper
1790 1755 2073 1831 exspectaverant,
2103 1756 2184 1814 tunc

183 1835 308 1901 Christi
328 1833 370 1898 ad
392 1834 513 1897 inferos
534 1840 778 1910 conmemorat,
806 1833 938 1897 tametsi
958 1833 1155 1915 interpreta-
1208 1832 1306 1914 plane
1333 1838 1366 1896 et
1390 1833 1555 1915 praesenti
1586 1839 1719 1915 aspectu
1747 1840 1985 1916 perspexerunt
2013 1835 2083 1899 eius
2104 1834 2185 1899 visi·

182 1922 270 1986 tione
299 1919 436 1984 diversa.
481 1919 608 1982 Verum
635 1926 694 1982 aut
715 1940 735 1983 a
761 1919 893 1999 quibua,
920 1928 977 1983 aut
1003 1940 1067 2001 quo
1088 1920 1155 2001 pri·
1209 1917 1375 1982 tationem.
1421 1917 1545 1983 Contra
1566 1919 1711 2000 reprobi,
1738 1920 1773 1983 in
1794 1920 1865 2002 ipso
1886 1921 2018 1984 unicam
2040 1942 2111 1985 esse
2132 1941 2185 1986 sa·

182 2029 274 2071 mum
295 2019 441 2087 tompore
463 2005 587 2069 inserta
608 2005 714 2081 fuerit,
738 2026 856 2087 parum
879 2003 922 2069 ad
939 2026 1010 2068 rem
1026 2006 1154 2069 attinet
1209 2003 1312 2067 lutam
1338 2024 1411 2068 sero
1437 2004 1654 2087 percipientes
1683 2026 1703 2069 a
1730 2026 1801 2087 qua,
1821 2005 1945 2071 exclusi
1971 2007 2038 2070 iam
2067 2013 2185 2083 essent,

181 2093 299 2158 Potius
327 2091 445 2156 hocin
474 2091 619 2174 symbolo
647 2090 977 2154 animadvertendum
998 2098 1036 2154 ut
1058 2091 1157 2173 plena
1210 2088 1336 2152 nullam
1365 2090 1425 2154 sibi
1452 2110 1544 2173 spem
1572 2090 1738 2155 residuam
1771 2097 1851 2156 tunc
1882 2092 2014 2176 planius
2043 2112 2186 2176 agnove-

183 2192 216 2244 et
248 2178 394 2242 numeris
427 2177 578 2241 omnibus
613 2176 760 2240 absoluta
792 2175 869 2239 fidei
907 2198 1035 2240 suinma
1062 2177 1156 2241 nobis
1210 2186 1298 2238 runt.
1350 2172 1447 2253 Quod
1479 2181 1589 2240 autem
1621 2176 1742 2242 Petrus
1774 2176 1865 2241 nullo
1897 2177 2083 2243 discrimine
2115 2178 2186 2260 pios
2309 2184 2313 2195 '

182 2270 397 2347 proponatur3
419 2263 456 2325 in
477 2283 576 2344 qnam
597 2261 682 2325 nihil
703 2262 883 2344 ingeratur,
907 2263 972 2327 nisi
990 2284 1032 2326 ex
1050 2262 1157 2344 puris·
1210 2259 1310 2325 simul
1330 2269 1363 2324 et
1382 2261 1501 2343 impios
1523 2282 1651 2326 carcere
1674 2262 1846 2340 concludit,
1869 2284 1934 2328 non
1956 2264 2004 2327 ita
2025 2264 2187 2346 accipien-

184 2352 265 2415 simo
292 2349 357 2413 Doi
378 2348 478 2412 verbo
507 2349 653 2429 petitum.
705 2348 802 2410 Tanti
826 2356 937 2412 autom
965 2348 1027 2413 hoc
1054 2369 1157 2412 mem·
1210 2345 1305 2424 dum,
1335 2347 1427 2429 quasi
1456 2347 1503 2428 pii
1531 2348 1693 2430 angustiis
1718 2348 1913 2430 quibusdam
1936 2350 2036 2419 vincti
2058 2368 2187 2432 preme-

183 2438 277 2501 brum
300 2436 458 2498 interesse
481 2433 522 2497 ad
543 2432 774 2514 redemptionis
791 2441 922 2498 nostrae
940 2434 1158 2515 complemen·
1210 2437 1339 2510 rentur;
1362 2454 1479 2497 verum
1500 2433 1577 2514 quia
1598 2432 1748 2512 obscure,
1772 2441 1806 2497 et
1825 2436 1919 2516 quasi
1940 2436 2001 2500 sub
2023 2436 2186 2500 umbrosis

183 2530 255 2585 tum
276 2520 413 2603 posthac
436 2519 604 2596 constabit,
627 2528 665 2581 nt
684 2520 902 2601 praetermitti
920 2519 1013 2583 nulla
1032 2521 1158 2584 rationo
1212 2517 1367 2597 nubibus,
1397 2517 1570 2583 Christum
1599 2519 1726 2583 eminus
1748 2520 2019 2601 conspicabantur
2039 2519 2186 2585 nondum

144 2626 150 2636 ·
183 2607 307 2672 debeat.
1212 2603 1411 2677 exhibituum,
1440 2603 1527 2670 hanc
1555 2625 1668 2668 eorum
1695 2605 1830 2669 anxiam
1854 2612 1888 2668 et
1914 2627 2106 2688 suspensam
2128 2628 2187 2672 ex·

269 2696 318 2756 26.
365 2689 453 2754 Sunt
485 2691 585 2754 ctiam
617 2712 748 2755 rursum
781 2691 835 2771 qui
869 2690 1055 2771 opinentur,
1090 2712 1159 2756 non
1212 2689 1446 2772 spectationem
1466 2711 1533 2754 non
1553 2689 1757 2773 ineleganter
1778 2711 1943 2756 carcerem
1964 2692 2115 2774 appellat

182 2777 305 2862 aliquid
327 2798 451 2842 novum
474 2777 527 2841 hic
549 2776 627 2853 dici,
651 2776 708 2840 sed
733 2776 805 2840 aliis
823 2776 932 2841 verbis
952 2778 1055 2859 repeti
1074 2776 1160 2859 quod
1299 2779 1349 2840 28.
1395 2773 1525 2840 Certior
1553 2797 1630 2860 orgo
1652 2777 1809 2858 expositio
1831 2776 2017 2859 quaerenda
2038 2786 2095 2842 cst.
2140 2779 2188 2842 Et

181 2866 272 2948 prius
293 2863 333 2927 de
353 2862 521 2945 sepultura
543 2861 667 2926 dictum
684 2863 800 2936 suerat,
828 2861 1091 2945 quandoquidem
1107 2865 1159 2927 in·
1212 2861 1305 2925 nobis
1337 2883 1379 2926 ex
1396 2860 1472 2926 'Dei
1500 2861 1601 2926 verbo
1633 2868 1760 2927 constat
1792 2883 1858 2926 non
1885 2862 1981 2927 modo
2013 2871 2127 2928 sancta
2153 2872 2188 2928 et

183 2951 268 3015 ferni
298 2948 491 3014 vocabulum
516 2949 644 3029 saepius
672 2949 708 3010 in
736 2948 907 3030 scripturis
928 2969 988 3030 pro
1010 2949 1159 3031 sepulcro
1211 2947 1275 3029 pia,
1298 2946 1356 3012 sod
1377 2947 1477 3029 plena
1496 2968 1622 3030 quoque
1649 2943 1789 3012 eximiae
1810 2948 2046 3013 consolationis.
2091 2949 2185 3014 Nihil

183 3043 368 3118 usurpatur.
415 3032 512 3114 Quod
534 3033 574 3097 de
595 3033 689 3098 verbi
717 3034 956 3117 significatione
978 3034 1160 3099 obtendunt
1212 3039 1322 3098 aetum
1355 3039 1443 3110 erat,
1476 3033 1505 3097 si
1533 3055 1686 3115 corporea
1716 3040 1846 3098 tantum
1877 3041 1982 3099 morte
2015 3034 2187 3101 defunctus

123 3182 127 3188 ,
183 3143 298 3187 verum
327 3141 398 3185 esse
420 3117 574 3198 concedo,
604 3140 670 3183 non
698 3140 771 3183 raro
800 3141 859 3202 pro
889 3121 1038 3202 sepulcro
1058 3121 1160 3203 accipi
1210 3119 1327 3184 fuisset
1349 3117 1518 3199 Christus,
1540 3119 1597 3185 sed
1619 3141 1736 3204 operae
1757 3120 1856 3185 simul
1876 3121 2020 3202 pretium
2041 3128 2125 3202 erat,
2148 3130 2187 3186 ut

182 3209 361 3284 infernum3
384 3204 441 3269 sed
463 3227 576 3268 corum
598 3206 742 3287 opinioni
769 3206 914 3270 rationes
936 3206 1019 3271 duae
1041 3228 1160 3290 repug·
1213 3203 1344 3269 divinae
1375 3205 1510 3270 ultionis
1541 3205 1749 3270 severitatem
1778 3207 1927 3283 sentiret,
1963 3228 2025 3289 quo
2057 3213 2092 3271 et
2117 3209 2187 3272 irae

184 3301 280 3371 nant,
304 3292 421 3374 quibus
449 3311 509 3374 ogo
536 3291 630 3356 facile
657 3291 800 3356 adducor
822 3300 860 3355 ut
883 3292 923 3356 ab
946 3292 1012 3358 illis
1035 3292 1160 3358 dissen-
1212 3290 1315 3372 ipsius
1336 3290 1553 3355 intercederet
1573 3297 1607 3356 et
1627 3291 1829 3357 satisfaceret
1849 3293 1936 3357 iusto
1952 3293 2087 3373 iudici03
2109 3300 2148 3356 ut
2160 3298 2186 3377 ¹)

184 3381 273 3444 tiam.
319 3376 472 3458 Quantae
495 3377 583 3440 enim
604 3377 795 3442 oscitantiae
817 3378 946 3455 fuisset,
970 3400 1040 3442 rem
1061 3379 1160 3442 mini-
1212 3398 1288 3441 cum
1316 3376 1497 3441 inferorum
1525 3377 1626 3460 copiis
1655 3383 1869 3461 aeternaeque
1897 3380 2012 3444 mortis
2040 3378 2184 3456 horrore,

182 3487 237 3530 me
259 3463 439 3541 difficilem,
469 3463 578 3528 verbis
600 3463 760 3545 expeditis
783 3474 815 3527 et
837 3463 934 3528 elaris
956 3464 1159 3545 demonstra
1212 3462 1305 3544 quasi
1327 3463 1484 3527 consertis
1512 3463 1678 3541 manibus,
1709 3464 1898 3529 luctaretur.
1943 3462 2188 3529 Correctionem

184 3558 260 3627 tam,
283 3550 468 3614 obscuriore
491 3547 608 3613 deinde
631 3551 805 3615 verborum
827 3550 998 3632 complexu
1015 3550 1160 3616 indicare
1211 3549 1300 3630 pacis
1327 3555 1459 3612 nostrae
1485 3547 1535 3612 illi
1562 3549 1749 3631 impositam
1777 3549 1878 3614 iniisse
1904 3548 2065 3633 propheta
2093 3549 2189 3615 docet

183 3637 290 3719 magis
322 3656 421 3717 quam
448 3633 635 3699 declarare?
690 3636 777 3700 Nam
804 3637 929 3717 quoties
957 3635 1176 3718 loquutiones*
1212 3633 1289 3716 (Ies.
1312 3637 1361 3710 53,
1382 3633 1431 3719 5):
1464 3635 1565 3699 finisse
1596 3644 1730 3717 propter
1758 3634 1881 3701 scelera
1908 3644 2020 3700 nostra
2047 3641 2187 3718 epatre

184 3722 267 3787 duae
289 3743 359 3786 rem
381 3721 520 3784 eandem
542 3722 761 3802 exprimentes
790 3721 886 3786 simul
909 3729 1158 3799 connectuntur,
1211 3740 1418 3801 percussum,
1458 3720 1608 3785 attritum
1641 3727 1774 3803 propter
1806 3727 1935 3785 nostras
1967 3721 2185 3787 infirmitates.

183 3808 396 3891 posteriorem
435 3828 505 3871 esse
543 3807 662 3889 prioris
702 3809 857 3891 exegesin
894 3808 1055 3873 convenit.
1112 3808 1160 3871 At
1212 3802 1341 3885 Quibus
1364 3805 1543 3889 significat,
1566 3807 1731 3872 inlocum
1752 3813 1958 3888 peccatorum
1987 3828 2186 3888 sponsorem,

183 3915 261 3959 vero
283 3892 389 3975 qualis
410 3894 474 3957 ista
496 3892 559 3955 erit
580 3894 741 3976 exegesis,
771 3894 798 3957 si
825 3894 896 3976 quis
923 3895 971 3958 ita
992 3894 1157 3975 loquatur:
1211 3890 1343 3969 vadem,
1373 3890 1516 3973 adeoque
1542 3893 1648 3956 instar
1676 3893 1723 3956 rei
1753 3892 1966 3971 submissum,
1996 3891 2038 3956 ad
2065 3892 2188 3976 depen-

183 3978 270 4062 quod
299 3977 452 4044 Christus
480 3978 626 4059 sepultus
653 4001 723 4044 esso
751 3979 885 4056 dicitur,
918 3980 1085 4069 significat
1118 3979 1160 4044 ad
1212 3976 1335 4041 dandas
1362 3977 1657 4060 persolvendasquc
1684 3998 1900 4060 omnesquae
1929 3979 1970 4043 ab
1997 3977 2064 4044 illis
2085 4001 2186 4062 expe-

183 4066 305 4130 inferos
338 4063 563 4130 descendisse?
618 4064 747 4129 Deindo
785 4086 851 4128 non
890 4072 941 4129 ost
972 4065 1158 4142 verisimile,
1211 4061 1328 4127 tondae
1357 4070 1452 4126 amnt
1480 4084 1601 4145 poenas
1608 4087 1616 4143 ;
1650 4084 1716 4128 uno
1749 4062 1810 4128 hoo
1844 4062 2006 4128 duntaxat
2038 4073 2184 4148 excepto,

184 4152 329 4234 irrepere
355 4151 500 4233 potuisse
528 4151 727 4232 superfluam
755 4150 913 4215 eiusmodi
946 4150 1159 4234 battologiam
1210 4147 1296 4230 quod
1319 4147 1483 4213 doloribus
1503 4150 1619 4213 mortis
1640 4170 1706 4214 non
1734 4156 1862 4231 poterat
1884 4149 2023 4214 detineri
2046 4151 2133 4235 (Act.
2154 4154 2184 4225 2,

185 4237 221 4301 in
244 4237 472 4318 compendium
494 4235 564 4315 hoc,
586 4236 643 4300 ubi
660 4236 857 4312 summatim,
881 4258 979 4318 quam
996 4236 1068 4302 fieri
1086 4243 1159 4319 pot·
1213 4233 1277 4318 24).
1322 4234 1413 4317 Ergo
1442 4235 1470 4299 si
1499 4234 1541 4299 ad
1573 4235 1693 4300 inferos
1724 4233 1928 4300 descendisse
1956 4235 2075 4302 dicitur
2101 4235 2186 4300 nihil

78 4318 87 4329 '
185 4328 237 4388 est
257 4323 459 4404 paucissimis
483 4323 599 4397 vorbis,
620 4322 794 4404 praecipua
814 4322 890 4386 fidoi
913 4324 1020 4404 capita
1041 4331 1158 4386 notan-
1211 4320 1333 4383 mirum
1354 4325 1412 4397 cst,
1436 4341 1539 4402 quum
1560 4342 1632 4385 eam
1654 4328 1793 4385 mortem
1810 4321 1991 4403 pertulerit,
2014 4343 2097 4404 quae
2116 4342 2185 4386 soe·

183 4416 248 4472 tur.
292 4407 363 4474 Neo
384 4407 497 4471 dubito
525 4409 605 4489 quin
633 4408 715 4471 mihi
743 4408 905 4473 accessuri
933 4409 1001 4473 sint
1021 4408 1159 4491 quicun-
1210 4405 1324 4470 ieratis
1345 4405 1385 4469 ab
1406 4407 1490 4469 irato
1511 4406 1584 4471 Deo
1604 4407 1774 4490 infligitur.

184 4514 340 4576 quarem
362 4494 468 4575 ipsam
490 4493 587 4575 paulo
609 4492 798 4578 diligentius
820 4493 1045 4576 expenderint.
1298 4495 1347 4556 29.
1393 4489 1467 4572 Quo
1500 4499 1611 4556 autem
1648 4491 1684 4556 id
1714 4493 1825 4558 verius
1857 4501 2068 4577 agnoscatur,
2104 4492 2186 4558 haee

272 4582 321 4643 27.
366 4579 435 4643 Alii
461 4601 520 4661 per
546 4580 712 4644 infernum
738 4579 846 4645 locum
867 4581 1009 4663 aliquem
1030 4579 1159 4644 subter·
1211 4577 1307 4643 valde
1334 4583 1384 4642 est
1411 4576 1568 4642 terribilis
1599 4577 1759 4662 longeque
1791 4579 1976 4642 miserrima
2006 4579 2186 4642 inferorum

184 4684 324 4729 rancum
343 4665 545 4748 intelligunt,
568 4667 620 4730 oui
643 4666 806 4748 affingunt
826 4665 917 4730 limbi
936 4686 1071 4743 nomen,
1095 4686 1159 4747 quo
1211 4665 1363 4748 abyssus,
1393 4665 1515 4728 sendra
1536 4671 1570 4728 te
1593 4685 1613 4728 a
1633 4665 1706 4729 Deo
1728 4663 1919 4728 derelictum
1941 4672 1975 4728 et
1996 4664 2185 4740 alienatum,

184 4757 310 4835 patres,
343 4751 399 4832 qui
427 4752 487 4816 sub
510 4752 612 4815 veteri
637 4756 834 4816 testamento
861 4752 1028 4829 vixerant,
1057 4752 1160 4816 veluti
1211 4757 1244 4814 ot
1265 4771 1366 4832 quum
1388 4751 1591 4815 invocaveris
1612 4771 1680 4815 non
1702 4748 1861 4828 exaudiri,
1882 4749 2018 4833 perinde
2040 4771 2078 4815 ao
2099 4750 2129 4814 si
2149 4750 2186 4813 in

175 4828 316 4903 ⁸corruere
337 4836 440 4902 clausi
462 4844 666 4915 tenerentur;
690 4836 731 4901 ad
752 4857 833 4919 quos
854 4836 1040 4903 liberandos
1061 4836 1159 4902 Chri·
1211 4843 1304 4900 tuam
1334 4836 1512 4919 perniciem
1549 4835 1620 4918 ipse
1651 4836 1876 4918 conspirasset
1930 4835 1981 4898 Eo
2014 4834 2187 4901 Christum

185 4929 274 4987 stum
301 4943 339 4987 eo
368 4921 572 4988 descendisse
598 4930 750 5003 narrant,
782 4930 957 5006 portasque
984 4944 1095 4989 aereas
1127 4929 1161 4987 et
1213 4921 1361 4987 videmus
1383 4921 1483 4987 rinae
1505 4920 1683 4999 deiectum,
1712 4928 1752 4986 ut
1774 4928 1904 4985 coactus
1925 4922 2025 4985 fixerit
2047 4928 2187 5006 urgente

184 5014 296 5073 vectes
317 5008 439 5073 femsos
461 5009 493 5071 vi
515 5009 718 5092 perfregisse.
764 5007 831 5073 Sed
853 5008 934 5075 hacc
956 5010 1081 5087 fabula,
1109 5016 1159 5073 ta·
1211 5009 1365 5090 angustia
1394 5007 1590 5073 exclamare:
1626 5007 1718 5072 Deus
1746 5027 1854 5082 meus,
1887 5006 1979 5071 Deus
2007 5028 2114 5086 meus,
2148 5014 2190 5071 ut

185 5094 284 5158 metsi
317 5115 453 5177 magnos
486 5102 615 5159 autores
644 5095 757 5170 habet,
798 5102 831 5159 et
863 5094 959 5160 hodie
986 5115 1112 5177 quoque
1140 5115 1160 5158 a
1212 5092 1290 5175 quid
1317 5115 1370 5158 me
1403 5092 1602 5176 dereliquisti
1631 5092 1733 5176 (Psal.
1755 5095 1810 5169 22,
1831 5094 1859 5156 2.
1895 5092 2015 5157 Matth.
2037 5097 2086 5174 27,
2107 5091 2187 5177 46)?

185 5179 299 5244 multis
330 5180 415 5244 serio
446 5201 505 5261 pro
533 5181 670 5245 veritate
700 5179 897 5260 defenditur,
931 5181 1016 5251 nihil
1048 5188 1187 5245 tamen·

185 5284 287 5349 (luam
307 5265 418 5330 fabum
438 5273 495 5330 est*
540 5266 711 5366 Noqueln
732 5287 809 5330 eum
827 5287 961 5331 ⁸⁰n⁸um
982 5266 1085 5348 milli
1104 5265 1160 5330 de·
1282 5297 1311 5364 l)
1334 5295 1402 5350 1553
1425 5313 1495 5367 aeq„-
1518 5298 1625 5352 iudicio.
1666 5296 1746 5351 Unde
1770 5298 1852 5350 ctiam
1877 5313 1940 5350 cum
1961 5299 2096 5368 oportuit,
2127 5315 2188 5353 cum

185 5350 257 5429 bet,
285 5357 343 5415 aut
363 5350 449 5433 quod
471 5373 513 5416 ex
534 5352 709 5431 Zacharia,
737 5359 796 5416 aut
816 5351 902 5435 quod
923 5374 965 5418 ex
986 5351 1087 5416 Petro
1109 5371 1160 5415 so-
1213 5366 1419 5420 ...‚lootari.

259 5451 370 5507 Caluini
382 5469 476 5522 opera.
513 5454 570 5510 Vol.
587 5454 611 5508 1.
1950 5448 1986 5504 34
