4770 6030
194 359 256 422 877
433 354 533 423 OAP.
553 352 650 558 iilis.
675 353 804 440 (vm)
845 352 909 419 DE
930 349 1404 419 PRAEDES'ffltfflONJl
1425 350 1831 418 ET‘PROVIDEN'HA
1850 353 1943 419 DEI.
2127 358 2190 420 878

192 466 436 539 A2553133593
455 467 555 523 caeo.

193 547 248 629 qui
274 544 580 626 praedestinationis
606 544 787 610 doctrinam
812 542 951 627 impuris
979 542 1050 607 istis
1079 539 1165 606 blas·
1217 540 1293 605 dam
1319 541 1385 605 iam
1413 542 1565 607 fruantur
1592 541 1758 608 electionis
1785 564 1864 608 suae
1891 544 2191 609 communicatione.

192 631 332 714 phemiis
354 637 583 714 conspureant,
614 638 711 712 atque
732 630 794 694 hoc
821 630 920 693 etiam
946 628 1080 692 obtentu
1107 626 1165 691 ad·
1218 625 1293 708 Qua
1312 628 1437 693 ratione
1458 629 1609 710 spiritum
1632 649 1728 710 quem
1750 630 1929 712 accipiunt,
1957 635 1992 711 et
2012 629 2193 711 adoptionis

192 717 387 782 monitiones
414 719 449 782 et‘
474 717 715 800 obiurgationes
743 715 903 798 quaslibet
924 714 1074 778 eludunt:
1104 713 1167 778 scit
1217 713 1381 796 spiritum,
1405 721 1438 778 et
1470 714 1629 797 sigillum,
1664 720 1697 778 et
1730 714 1945 779 arrhabonem
1983 714 2192 782 haereditatis

192 801 293 879 Deus,
322 802 399 885 quid
422 802 462 867 de
483 801 577 867 nobis
598 823 695 886 agere
717 801 815 865 semel
837 800 1000 879 statuerit3
1028 800 1055 864 si
1078 799 1165 863 salu·
1220 800 1350 863 arenae
1383 809 1479 865 vocat
1511 800 1636 864 Paulus
1669 796 1778 884 (Rom.
1798 807 1828 876 8,
1858 807 1905 865 15.
1933 802 2019 883 Eph.
2042 805 2073 878 1,
2103 805 2140 863 13
2159 811 2193 866 et

193 894 260 951 tem
282 887 440 966 decrevit,
469 887 608 953 adducet
629 909 688 952 nos
710 886 751 951 ad
772 908 846 951 eam
867 907 926 951 suo
947 894 1108 966 tempore;
1137 884 1165 949 si
1219 885 1320 968 alibi),
1350 886 1426 967 quia
1448 885 1570 951 scilicet
1591 907 1704 950 eorum
1726 887 1877 952 cordibus
1895 887 2025 951 futurae
2048 886 2193 968 adoptio-

192 981 331 1037 mortem
355 974 546 1052 destinavit,
576 974 698 1038 frustra
726 981 839 1038 contra
860 970 1074 1035 tenderemus.
1119 971 1167 1034 At
1218 971 1271 1035 nis
1294 971 1520 1036 certitudinem
1542 992 1600 1036 suo
1622 973 1808 1037 testimonio
1836 973 1959 1038 stabilit
1980 980 2014 1036 et
2034 973 2191 1055 obsignat.

192 1059 362 1142 scriptura,
386 1059 464 1123 dum
485 1060 644 1142 praecipit
660 1066 782 1141 quanto
801 1058 916 1122 maiori
934 1066 968 1121 et
984 1057 1168 1122 reverentia
1218 1056 1321 1120 Filios
1350 1078 1427 1140 ergo
1453 1057 1515 1121 sibi
1542 1057 1751 1141 designatae
1778 1065 1904 1141 patrem
1932 1080 1966 1122 se
1988 1060 2028 1123 iis
2051 1059 2194 1123 destinat

193 1151 227 1209 et
248 1145 404 1227 religione
425 1147 468 1211 sit
490 1145 530 1209 de
552 1151 642 1209 tanto
663 1145 820 1229 mysterio
842 1142 1065 1227 cogitandum,
1096 1150 1167 1205 tum
1218 1142 1311 1206 Deus
1338 1163 1417 1224 quos
1445 1143 1557 1227 elegit3
1587 1145 1733 1209 vocando
1762 1166 1858 1228 porro
1891 1145 1923 1207 in
1953 1144 2110 1208 familiam
2139 1165 2193 1209 eos

192 1231 263 1313 pios
284 1231 318 1295 in
340 1231 436 1315 longe
458 1232 624 1297 diversum
645 1251 778 1295 sensum
799 1229 950 1307 instituit,
974 1237 1045 1293 tum
1066 1229 1166 1294 scele-
1219 1248 1314 1292 suam
1335 1227 1486 1294 adsciscit
1507 1250 1545 1294 ao
1566 1251 1601 1294 se
1622 1230 1728 1313 ipsum
1751 1232 1792 1295 iis
1814 1231 2039 1295 communicat.
2081 1229 2193 1310 Quum
2286 1236 2294 1252 ¹

192 1323 278 1379 atam
312 1318 443 1381 illorum
477 1317 703 1400 intemperiem
738 1316 838 1398 probe
865 1314 1041 1397 redarguit.
1091 1314 1167 1378 Non
1219 1321 1329 1378 autem
1357 1314 1504 1380 electioni
1533 1317 1735 1381 vocationem
1763 1316 1940 1392 subnectit,
1970 1317 2004 1378 in
2027 1336 2101 1380 eum
2123 1336 2193 1379 mo-

194 1402 281 1465 enim
301 1402 630 1484 praedestinationem
651 1423 689 1465 eo
710 1407 942 1467 commemorat
957 1408 995 1464 ut
1011 1401 1046 1465 in
1067 1399 1167 1465 auda·
1219 1398 1298 1463 dum
1320 1401 1481 1482 scriptura
1502 1402 1581 1465 satis
1602 1401 1719 1478 innuit,
1742 1403 1778 1465 in
1800 1423 1839 1465 ea
1855 1402 1938 1465 nihil
1961 1400 2194 1482 requirendum

193 1487 278 1551 ciam
305 1489 485 1571 erigamur,
520 1495 553 1552 et
573 1489 739 1553 inaccessa
764 1488 828 1552 Dei
861 1495 986 1552 secreta
1014 1493 1167 1552 excutere
1218 1493 1348 1568 praeter
1365 1488 1542 1570 gratuitam
1554 1487 1618 1551 Dei
1636 1486 1900 1553 misericordiam.
1946 1485 1983 1551 Si
1996 1489 2082 1550 enirn
2095 1508 2193 1569 quao-

191 1574 317 1637 nefaria
338 1575 522 1638 temeritate
541 1581 704 1638 tentemus
711 1597 719 1652 ;
742 1573 799 1638 sed
820 1574 928 1655 potius
949 1578 987 1636 ut
1003 1572 1167 1638 humiliati
1218 1571 1321 1636 rimus
1353 1592 1432 1655 quos
1463 1578 1558 1638 vocet
1583 1585 1616 1637 et
1642 1594 1707 1655 qua
1738 1574 1880 1651 ratione,
1912 1572 2087 1654 respondet
2114 1594 2194 1655 quos

193 1677 232 1722 ac
254 1659 369 1724 deiecti
390 1659 545 1725 iudicium
563 1660 631 1724 eius
650 1667 799 1737 tremere,
819 1658 1075 1724 misericordiam
1094 1680 1166 1724 sus·
1219 1657 1369 1742 elegerat.
1415 1658 1468 1721 Ad
1491 1657 1680 1722 electionem
1710 1666 1820 1723 autem
1847 1652 1927 1723 dum
1947 1659 2094 1737 venitur,
2125 1659 2194 1722 sola

191 1743 299 1826 picere
312 1745 336 1829 ¹)
364 1744 535 1810 discamus.
580 1745 633 1809 Ad
660 1745 748 1810 huno
774 1766 907 1826 scopum
934 1744 1046 1809 fideles
1077 1746 1166 1811 oolli-
1218 1742 1285 1808 illie
1306 1743 1527 1809 misericordia
1555 1743 1768 1826 undecunque
1788 1754 1931 1827 apparet.
1975 1745 2084 1826 Atque
2111 1744 2191 1809 adeo

192 1830 337 1894 mabunt.
381 1831 443 1895 Ille
465 1839 575 1895 autem
601 1831 714 1895 foedus
741 1851 914 1915 porcorum
942 1831 1117 1914 grunnitus
1147 1854 1167 1897 a
1219 1849 1297 1894 vere
1319 1829 1372 1894 hic
1393 1829 1500 1894 locum
1522 1831 1621 1895 habet
1642 1830 1724 1894 illud
1744 1831 1850 1908 Pauli,
1873 1853 1938 1895 non
1961 1851 2031 1896 esse
2052 1830 2191 1895 volentis

191 1913 296 1979 Paulo
315 1917 376 1981 rite
393 1917 615 1999 compescitur.
661 1914 800 1982 Securos
819 1938 853 1981 se
870 1918 906 1980 in
924 1917 1012 1982 vitiis
1031 1937 1167 2001 pergere
1219 1936 1324 1997 noque
1353 1916 1530 1992 currentis,
1561 1915 1617 1980 sed
1644 1917 1829 1981 miserentis
1856 1917 1920 1982 Dei
1946 1917 2104 2000 (Romtl,
2127 1915 2191 2000 16).

192 1998 315 2081 dieunt,
338 2002 422 2084 quia,
447 2004 474 2067 si
497 2004 601 2067 sinte
624 2023 760 2066 numero
782 2001 972 2080 electorum,
1003 2002 1088 2067 nihil
1110 2005 1166 2068 ob·
1219 2000 1332 2082 Neque
1353 2000 1683 2082 idquemadmodum
1704 2003 1803 2086 vulgo
1826 2003 1999 2085 accipiunt,
2029 2003 2084 2083 qui
2106 2004 2193 2066 inter

192 2084 304 2151 futura
325 2089 391 2152 sint
412 2089 501 2166 vitia,
524 2090 696 2171 quominus
718 2087 850 2153 tandem
869 2089 1030 2154 advitam
1047 2089 1166 2171 perdu-
1218 2086 1282 2150 Dei
1311 2087 1464 2171 gratiam,
1493 2088 1697 2152 voluntatem
1724 2108 1919 2170 cursumque
1948 2088 2089 2152 hominis
2116 2108 2192 2171 par-
2287 2116 2288 2120 ¹

192 2178 316 2236 eantur.
372 2174 474 2256 Atqui
512 2175 547 2237 in
580 2175 667 2239 huno
707 2175 807 2238 finem
845 2175 965 2240 electos
1004 2195 1074 2239 esse
1107 2196 1167 2241 nos
1219 2172 1355 2236 tiuntur.
1410 2173 1593 2255 Exponunt
1624 2174 1711 2238 enim
1750 2173 1947 2238 desiderium
1980 2173 2122 2238 hominis
2155 2194 2193 2238 ao

192 2257 316 2323 Paulus
339 2257 439 2341 (Eph.
466 2260 546 2344 1,4)
569 2259 735 2337 admonet,
769 2268 808 2323 ut
833 2268 980 2326 sanctam
1003 2281 1041 2325 ao
1062 2261 1167 2326 incul-
1219 2265 1369 2323 conatum
1391 2258 1475 2322 nihil
1497 2280 1557 2341 per
1577 2279 1612 2324 se
1633 2259 1763 2342 quidem
1785 2258 1906 2325 habere
1927 2261 2099 2338 momenti,
2128 2260 2194 2324 nisi

192 2351 304 2428 putam
326 2346 427 2409 vitam
455 2345 672 2410 traducamus.
717 2343 756 2410 Si
777 2345 941 2412 electionis
968 2366 1084 2428 scopus
1118 2355 1168 2411 est
1218 2344 1282 2408 Dei
1363 2343 1410 2408 tia
1431 2353 1672 2428 prosperentur,
1692 2345 1753 2417 ,sed
1771 2366 1870 2426 quum
1890 2345 2089 2410 adiuvantur
2105 2345 2193 2410 illius

193 2431 280 2494 vitae
302 2432 517 2494 sanctimonia
538 2433 643 2514 magis
671 2431 712 2495 ad
734 2453 806 2496 eam
828 2432 979 2496 alacriter
1004 2431 1166 2497 meditan·
1218 2429 1301 2494 bene
1326 2429 1457 2510 ctione,
1487 2431 1608 2496 habere
1629 2452 1705 2496 suas
1727 2451 1854 2513 quoque
1875 2441 1985 2514 partes
2004 2432 2041 2493 in
2064 2451 2193 2513 eompa-

193 2514 269 2579 dam
291 2517 539 2600 expergefacere
561 2526 595 2581 et
616 2518 785 2582 stimulare
804 2537 865 2582 nos
884 2517 986 2597 debet,
1008 2518 1166 2601 quemad
1218 2515 1322 2580 rande
1353 2515 1459 2580 salute
1488 2517 1698 2583 contendunt.
1752 2515 1900 2597 Quorum
1934 2517 2087 2581 cavillum
2122 2518 2193 2582 Au·

193 2600 335 2666 desidiae
357 2609 563 2684 praetextum
585 2603 704 2668 valere.
750 2602 960 2686 Quantopere
979 2604 1067 2668 enim
1085 2604 1165 2670 haec
1218 2603 1342 2684 gustini
1354 2603 1378 2685 ¹)
1400 2603 1509 2668 verbis
1531 2603 1687 2678 refellere,
1709 2624 1807 2685 quam
1828 2604 1910 2666 meis
1930 2602 2030 2665 malo:
2059 2603 2087 2667 si
2109 2602 2194 2666 nihil

192 2687 278 2751 inter
309 2709 344 2753 se
378 2686 557 2753 dissident?
592 2711 612 2753 a
644 2690 727 2754 bene
758 2689 884 2773 agendo
916 2710 1056 2768 cessare,
1089 2692 1166 2774 quia
1218 2687 1307 2752 aliud
1328 2688 1434 2753 voluit
1460 2690 1638 2772 apostolus,
1665 2689 1728 2753 nisi
1751 2709 1817 2752 non
1837 2710 1908 2753 csse
1935 2687 2033 2752 solius
2053 2688 2194 2754 volentis

192 2772 306 2838 electio
327 2773 369 2838 ad
391 2774 530 2839 salutem
552 2775 706 2854 sufficiat,
741 2783 774 2840 ot
795 2775 943 2840 electioni
963 2779 1165 2858 pmpoaitum
1218 2781 1276 2837 aut
1296 2776 1469 2854 currentis,
1492 2777 1556 2841 nisi
1577 2775 1663 2841 adsit
1684 2774 1869 2840 misericors
1890 2774 2060 2849 Dominus,
2090 2780 2193 2837 retor-

192 2879 262 2922 esse
290 2861 405 2937 linem,
436 2861 530 2924 utin
557 2862 716 2926 bonorum
742 2861 887 2925 studium
913 2862 1163 2927 incumbamus?
1217 2880 1316 2941 quere
1338 2882 1534 2926 econverso
1556 2861 1681 2938 licebit,
1704 2882 1771 2924 non
1794 2860 1893 2925 solius
1921 2879 1992 2923 esse
2012 2859 2194 2923 misericor·

191 2943 372 3008 Facessant
382 2967 459 3027 ergo
470 2947 628 3011 eiusmodi
651 2947 835 3030 sacrilegia,
858 2969 941 3029 quae
952 2954 1058 3012 totum
1082 2948 1164 3014 elee—
1217 2945 1305 3024 diae,
1333 2947 1397 3010 nisi
1419 2947 1505 3011 adsit
1533 2948 1684 3012 voluutas
1712 2954 1746 3010 et
1767 2967 1898 3024 cursus3
1925 2944 2010 3028 quod
2033 2947 2060 3010 si
2083 2952 2194 3027 aperte

191 3029 289 3092 tionis
319 3030 466 3095 ordinem
499 3054 670 3115 perperam
702 3035 879 3098 invertunt.
925 3033 1022 3115 Quod
1055 3042 1165 3098 autem
1217 3034 1352 3115 impium
1371 3040 1430 3110 est,
1448 3055 1515 3097 non
1533 3033 1718 3098 dubitemus
1736 3033 1918 3114 apostolum
1935 3033 2045 3096 omnia
2066 3032 2194 3095 miseri·

191 3135 268 3179 suas
290 3115 509 3198 blasphemias
537 3119 665 3202 longius
688 3119 883 3197 extendunt,
914 3117 992 3184 dum
1014 3141 1089 3185 eum
1110 3121 1165 3202 qui
1218 3119 1345 3184 cordiae
1363 3119 1501 3182 Domini
1518 3119 1605 3197 dare,
1623 3120 1745 3184 nostris
1764 3126 1873 3183 autem
1890 3117 2114 3183 voluntatibus
2137 3123 2194 3180 aut

192 3200 235 3263 sit
256 3221 275 3262 a
296 3202 369 3265 Deo
390 3205 581 3286 reprobatus
603 3205 805 3286 perditurum
828 3226 960 3288 operam
983 3205 1108 3281 dieunt,
1137 3207 1164 3271 si
1217 3204 1338 3293 studiis·
1366 3204 1449 3268 nihil
1483 3205 1675 3287 relinquere.
1718 3205 1762 3269 In
1791 3205 1877 3270 hano
1908 3204 2105 3268 sententiam
2139 3203 2194 3268 ille

190 3285 375 3350 innocentia
403 3299 437 3352 et
457 3291 618 3371 probitate
644 3292 732 3355 vitae
760 3311 795 3354 se
823 3291 873 3356 illi
896 3293 1073 3374 approbare
1095 3299 1164 3357 stu·
1218 3291 1438 3356 sanctus-vir.
1483 3291 1552 3356 Nec
1567 3291 1639 3375 'pilo
1666 3292 1801 3356 aestimo
1829 3311 1928 3372 quam
1954 3289 2116 3354 inducunt
2141 3310 2193 3352 ar·

191 3369 280 3450 deat,
310 3373 344 3434 in
373 3393 410 3437 oo
432 3395 511 3440 vero
537 3376 810 3458 impudentissimi
842 3377 1003 3443 mendacii
1032 3378 1164 3443 convin-
1218 3376 1389 3460 gutiolam:
1413 3398 1479 3441 non
1501 3378 1602 3442 fuisse
1623 3377 1657 3441 id
1680 3377 1843 3442 dicturum
1865 3375 2024 3451 Paulum,
2047 3375 2111 3438 nisi
2134 3374 2194 3438 ali·

191 3472 318 3522 cuntur.
363 3458 460 3524 Unde
481 3462 568 3524 enim
596 3462 661 3526 tale
689 3463 833 3527 studium
855 3465 932 3527 oriri
957 3465 1072 3547 possit,
1099 3465 1165 3528 nisi
1218 3463 1290 3544 quis
1312 3464 1348 3526 in
1369 3463 1464 3529 nobis
1485 3463 1570 3528 foret
1587 3470 1729 3541 conatus,
1749 3469 1782 3526 et
1799 3462 1908 3543 aliqua
1923 3460 2084 3524 voluntas.
2118 3459 2194 3523 Non

191 3542 433 3608 exelectione?
467 3546 554 3610 Nam
582 3549 767 3631 quicunque
790 3555 867 3613 sunt
889 3571 930 3614 ex
951 3551 1163 3632 reproborum
1217 3549 1306 3612 enim
1327 3548 1406 3631 quid
1425 3555 1511 3615 esset
1531 3550 1566 3613 in
1588 3549 1720 3615 homino
1742 3547 1921 3630 reputavit:
1945 3546 2002 3610 sed
2024 3566 2126 3628 quum
2144 3546 2194 3608 vi-

190 3650 343 3706 numero,
371 3638 409 3693 ut
431 3639 508 3694 eunt
526 3654 607 3697 vasa
627 3635 663 3698 in
686 3635 913 3699 contumeliam
936 3635 1088 3713 formata,
1115 3636 1165 3700 ita
1217 3633 1309 3698 deret
1335 3635 1492 3716 quosdam
1520 3636 1633 3701 salutis
1660 3640 1787 3717 partem
1814 3632 1984 3696 hominum
2012 3631 2194 3696 industriae

189 3734 256 3777 non
279 3714 433 3780 desinunt
453 3720 619 3799 perpetuis
640 3721 775 3803 flagitiis
795 3721 879 3784 iram
896 3723 961 3786 Dei
978 3722 1014 3786 in
1036 3744 1070 3787 se
1087 3742 1164 3805 pro-
1217 3722 1393 3804 assignare,
1412 3721 1604 3804 simpliciter
1620 3742 1732 3785 eorum
1744 3739 1887 3784 errorem
1900 3718 2070 3782 damnavit
2085 3718 2194 3799 priore

189 3820 319 3879 vocare,
348 3809 381 3866 et
401 3802 607 3869 evidentibus
629 3806 731 3888 signis
754 3808 961 3885 confirmare,
989 3807 1076 3890 quod
1096 3808 1163 3872 iam
1216 3808 1377 3872 membro:
1401 3807 1518 3871 deinde
1539 3813 1641 3871 tetam
1663 3806 1779 3871 salutis
1801 3825 1964 3869 summam
1985 3803 2049 3867 Dei
2067 3803 2194 3868 miseri-
2240 3877 2241 3880 Ἴ

188 3885 224 3949 in
246 3907 280 3950 se
301 3886 406 3951 latum
428 3896 490 3968 est,
525 3890 589 3954 Dei
617 3891 781 3956 iudicium.
826 3894 969 3957 'fantum
1002 3894 1095 3959 abest
1125 3901 1165 3958 ut
1217 3892 1347 3958 cordiae
1369 3892 1557 3959 vindicavit.
1601 3892 1649 3957 Et
1666 3891 1745 3975 quid
1768 3890 1857 3955 aliud
1880 3898 1984 3974 agunt
2004 3888 2192 3972 prophetae,

189 3990 263 4034 cum
294 3973 365 4055 ipso
396 3974 518 4039 frustra
550 3977 755 4042 contendant.
801 3976 869 4044 Sed
896 3985 935 4042 ut
960 4001 1014 4044 res
1045 3980 1163 4046 melius
1215 3999 1314 4061 quam
1346 3986 1384 4043 ut
1417 3979 1594 4062 gratuitam
1620 3978 1686 4043 Dei
1717 3976 1921 4042 vocationem
1953 3985 2111 4058 perpetuo
2138 3974 2193 4038 de-

189 4056 358 4136 eluceseat,
388 4061 519 4124 tumde
541 4062 717 4127 electorum
738 4066 922 4142 vocatione,
951 4074 1021 4129 tum
1044 4065 1083 4130 de
1106 4087 1163 4131 ex·
1215 4063 1411 4147 praedicent.

188 4144 372 4207 caecatione
394 4152 428 4208 et
445 4146 653 4212 induratione
674 4151 849 4232 impiomm
876 4150 1040 4234 agendum
1062 4158 1120 4217 est
1304 4154 1353 4215 24.
1398 4151 1453 4215 Ad
1472 4150 1553 4216 haee
1574 4149 1646 4232 ipsa
1667 4169 1794 4232 quoque
1817 4148 1996 4213 vocationis
2023 4146 2192 4228 dispensa-

276 4231 324 4291 23.
368 4229 586 4311 Electionem,
617 4254 715 4316 quam
743 4236 778 4299 in
805 4258 840 4300 se
867 4237 937 4319 ipso
965 4237 1084 4320 alioqui
1106 4238 1164 4303 ab·
1217 4235 1263 4300 tio
1284 4236 1455 4319 perspicue
1483 4236 1517 4301 id
1546 4236 1761 4300 demonstrat:
1790 4233 1883 4298 verbi
1909 4232 2070 4316 siquidem
2098 4249 2194 4313 pras-

187 4312 371 4378 aconditam
403 4316 516 4397 habet,
552 4321 721 4385 vocatione
753 4321 884 4385 demum
911 4344 971 4387 sua
1002 4323 1165 4388 Dominus
1217 4321 1379 4387 dicatione
1408 4329 1441 4386 et
1466 4322 1600 4404 spiritus
1621 4320 1860 4385 illuminatione
1886 4327 2021 4384 constat.
2066 4314 2193 4395 Quibus

189 4400 379 4464 manifestat
386 4424 394 4480 3
422 4423 521 4484 quam
547 4405 620 4470 ideo
646 4407 810 4490 appellare
832 4408 918 4473 soleo
939 4408 1028 4472 illius
1049 4411 1165 4474 testifi-
1217 4408 1334 4472 offerat
1353 4408 1491 4472 verbum
1513 4429 1609 4473 suum
1630 4407 1809 4483 Dominus,
1832 4405 1990 4470 habemus
2011 4400 2097 4484 apud
2118 4421 2194 4482 pro-

189 4486 357 4549 cationem.
401 4488 488 4552 Nam
506 4511 586 4572 quos
607 4494 791 4574 praescivit,
813 4514 867 4558 eos
884 4495 1072 4576 praefinivit
1089 4514 1165 4560 eon-
1216 4492 1351 4576 phetam
1373 4494 1450 4579 (les.
1471 4497 1521 4573 65,
1545 4493 1593 4579 1);
1615 4499 1765 4576 repertus
1787 4512 1860 4557 sum
1882 4512 1902 4555 a
1923 4510 1990 4553 non
2008 4487 2194 4569 quaerenti·

189 4570 308 4635 formes
330 4573 402 4637 fieri
424 4574 577 4659 imaginis
599 4577 658 4641 filii
680 4580 746 4658 sui;
777 4600 856 4661 quos
879 4587 989 4644 autem
1011 4582 1165 4664 praefini·
1216 4578 1278 4643 bus
1289 4601 1342 4644 me
1349 4602 1357 4659 ;
1379 4579 1489 4663 palam
1500 4580 1637 4662 apparui
1653 4579 1694 4643 iis
1711 4579 1766 4660 qui
1782 4599 1836 4656 me
1853 4573 2192 4655 noninterrogabant3

188 4656 246 4735 vit,
269 4677 323 4721 eos
346 4666 379 4722 et
400 4664 546 4741 vocavit;
567 4685 647 4745 quos
668 4665 811 4742 vocavit,
835 4686 889 4729 eos
911 4672 945 4729 et
965 4666 1164 4746 iustifioavit,
1216 4667 1334 4747 populo
1355 4667 1411 4749 qui
1439 4687 1506 4730 non
1533 4665 1697 4730 invocavit
1725 4685 1844 4728 nomen
1869 4681 1979 4725 meum
2005 4658 2089 4734 dixi,
2119 4678 2193 4722 ecee

188 4750 226 4805 ut
257 4742 335 4806 olim
365 4744 524 4827 glorificet
552 4748 661 4833 (Rom.
682 4753 716 4830 8,
742 4749 807 4836 30).
853 4749 964 4831 Quum
997 4773 1073 4817 suos
1107 4752 1165 4817 eli-
1216 4749 1340 4816 adsum.
1385 4752 1436 4816 Ae
1456 4772 1498 4815 ne
1517 4751 1632 4816 Iudaei
1654 4750 1696 4814 ad
1718 4748 1830 4831 gentes
1849 4746 1944 4811 modo
1961 4765 2034 4808 cam
2050 4743 2192 4808 elemen-

189 4828 294 4926 gendo
328 4830 395 4893 iam
422 4833 457 4895 in
483 4833 626 4898 filiorum
654 4836 766 4911 ,locum
792 4836 956 4917 Dominus
989 4836 1165 4920 adoptarit3
1217 4837 1298 4900 tiam
1314 4838 1478 4921 pertinere
1501 4837 1671 4913 ducerent,
1694 4835 1773 4918 ipsis
1796 4853 1922 4915 quoque
1942 4831 1976 4894 in
1999 4830 2192 4893 memoriam

188 4912 339 4978 vrdemus
361 4923 487 4997 tamen,
516 4927 554 4983 ut
580 4921 614 4985 in
636 4923 720 4986 tanti
746 4923 822 4987 boni
843 4924 1079 5006 possessionem
1099 4946 1165 4989 non
1216 4922 1344 4987 reducit
1361 4922 1438 5009 (Ios.
1459 4927 1508 5002 24,
1530 4923 1573 5005 3),
1596 4921 1684 4985 unde
1701 4917 1914 5001 assumpserit
1930 4923 2057 4998 patrem
2079 4934 2192 4979 eorum

188 5000 332 5077 veniant,
353 5002 417 5067 nisi
438 5002 518 5068 dum
541 5015 712 5089 vocantur3
740 5014 870 5088 contra,
897 5015 937 5073 ut
956 5011 1065 5076 vocati
1084 5031 1165 5093 qua·
1216 5007 1402 5087 Abraham,
1425 5030 1526 5092 quum
1548 5009 1655 5090 ipsum
1675 5005 1738 5069 sibi
1760 5003 1935 5069 conciliare
1957 5001 2111 5086 dignatus
2132 5007 2190 5066 est
2254 5006 2260 5021 '

260 5270 288 5339 1)
305 5276 443 5345 sarapta
463 5277 537 5332 1539.
557 5278 631 5334 1543.
1165 5362 1175 5375 .
1287 5283 1316 5351 1)
1333 5282 1470 5337 sucum
1488 5281 1524 5334 aa
1542 5281 1669 5334 uacant.
1688 5298 1709 5334 ι.
1728 5279 1770 5333 aa.
