4770 6030
203 319 263 379 sa
781 309 1046 391 Issffluslo
1068 269 1173 375 REL.
1194 305 1376 376 offlelss.
1403 313 1635 377 nse-1554.
1833 377 1834 383 ,
2144 315 2207 375 572

1973 427 2083 493 3173,
2103 424 2208 480 0174.

202 503 354 570 oomnmrn
373 502 515 566 ccclesiae
537 501 606 565 iurc
633 521 669 565 ac
694 500 829 564 libertate
853 499 1046 563 imminuant.
1090 497 1177 563 Bene
1230 498 1380 562 incertum
1407 504 1463 576 cst,
1498 520 1540 563 an
1567 500 1677 581 plures
1704 523 1823 585 sennper
1850 414 1974 567 alanni
1994 502 2208 582 imposuerint,

202 610 273 672 erpo
297 587 483 669 Opprienns,
496 585 522 669 ¹)
551 587 627 651 dum
648 586 799 651 contendit
824 607 862 650 ce
883 586 993 650 divina
1015 586 1178 649 eumne
1230 604 1328 649 neem.
1374 583 1466 649 Illud
1486 585 1611 664 quidem
1631 589 1664 650 in
1686 588 1834 667 dmconis,
1860 588 1970 666 Paulo,
1993 591 2021 650 et
2043 585 2207 666 Bannatia,

201 675 385 752 descnrdne,
418 677 453 735 ut
474 673 623 750 mardes,
645 672 733 753 plebe
756 676 933 754 praesente,
961 670 1018 735 sub
1039 671 1178 735 omniurn
1231 675 1259 733 et
1274 670 1390 751 paucis
1412 670 1597 750 quibusdam
1619 672 1693 737 eliis
1720 674 1836 755 facturn
1855 675 1957 756 fuisse
1976 678 2099 736 constet.
2145 672 2208 737 Sed

202 761 298 826 oculis
319 759 487 841 delipetur,
515 759 677 843 etdipnus
697 763 787 838 atque
807 758 935 822 maneus
950 757 1073 838 publico
1095 756 1178 820 iudi-
1234 753 1357 819 Paulus
1384 756 1451 838 ipse
1473 756 1563 835 alibi,
1584 777 1629 836 sc,
1652 780 1714 823 run
1735 760 1815 825 alies
1836 760 2020 842 complures,
2052 758 2208 823 Tincotbeo

201 848 247 911 cio
269 865 305 910 ac
331 845 499 908 testimonio
520 843 734 925 comprobetur.
781 842 943 924 Siquidem
964 842 1019 908 boc
1039 841 1179 906 uidemus
1230 861 1344 904 omniu
1377 841 1562 924 imposuisse
1595 851 1808 909 mimenmrat
1839 846 1873 930 (2
1893 847 1975 909 Tim.
2000 849 2026 921 1,
2047 843 2090 929 6).
2140 844 2210 908 Ad-

200 932 292 996 iussu
313 929 447 994 Domini
475 931 510 993 in
535 929 744 995 sacerdotibus
773 929 902 992 leviticis
920 930 1021 1009 tuisse
1041 928 1179 992 observa
1230 946 1336 991 monce
1362 931 1404 1005 te,
1430 928 1543 1008 inquit,
1561 935 1607 1011 ut
1630 932 1768 1012 pratiam
1789 932 1932 1010 suscites,
1961 931 2095 1011 quaein
2116 935 2144 994 te
2164 935 2210 996 est
2294 1004 2299 1012 ¹

200 1023 276 1094 tum,
298 1020 333 1078 ut
352 1021 421 1080 ante
441 1017 691 1080 consenetionem
713 1017 960 1096 inconspectum
976 1012 1088 1096 populi
1104 1034 1179 1094 pre-
1226 1032 1286 1094 per
1311 1013 1536 1094 impositionem
1560 1036 1710 1080 marinum
1742 1037 1889 1081 mearum.
1948 1016 2034 1080 Nam
2061 1016 2142 1096 quod
2172 1017 2208 1080 in

201 1105 380 1169 ducerentur
416 1101 511 1185 (Iron.
532 1105 577 1180 8,
604 1104 631 1165 s.
665 1101 762 1164 Nune
788 1104 843 1179 20,
870 1099 935 1183 26).
987 1099 1060 1164 Nea
1088 1099 1179 1163 aliter
1231 1097 1331 1161 abac
1358 1099 1486 1179 epistola
1512 1101 1549 1164 de
1570 1101 1764 1183 impositione
1784 1124 1937 1167 manuum
1953 1101 2138 1183 presbyterii
2159 1102 2207 1166 di-

201 1188 368 1256 eseribllur
399 1186 554 1251 Matlbias
587 1187 794 1269 apostolorum
828 1186 967 1268 callepio,·
1005 1206 1057 1250 nec
1089 1185 1179 1249 aliter
1230 1183 1370 1281 citurll
1392 1184 1524 1263 Time,
1546 1184 1615 1270 14),
1643 1209 1703 1252 non
1731 1189 1777 1252 ita
1803 1190 1935 1271 acerpio,
1964 1189 2056 1268 quasi
2084 1187 2208 1251 Paulus

201 1279 314 1358 septem
342 1273 465 1338 bacani
493 1278 651 1351 neaman,
682 1293 777 1352 quam
800 1273 917 1355 populo
937 1272 1055 1335 ridendo
1076 1275 1104 1335 et
1125 1291 1179 1351 ap
1230 1269 1267 1332 de
1288 1289 1446 1333 senrernm
1468 1271 1588 1354 callepio
1609 1272 1767 1353 loquatur,·
1793 1276 1848 1340 sed
1866 1275 1921 1338 boc
1941 1275 2062 1338 minine
2083 1274 2208 1338 ordina

136 1430 138 1437 ‚
197 1361 354 1444 probante.
399 1357 487 1423 Haeo
507 1358 785 1439 completoque
808 1357 998 1439 Cyprianus,
1021 1357 1180 1421 edendum
1230 1355 1340 1419 tionem
1369 1355 1473 1435 ipsam
1501 1357 1649 1440 intellipo,
1684 1360 1777 1439 quasi
1804 1362 1931 1425 diceret:
1963 1359 2015 1440 feo
2043 1364 2078 1422 ut
2101 1360 2211 1440 pratia·

201 1446 369 1512 sacerdotis
396 1445 619 1508 ordinationem
646 1445 772 1508 nonnisi
793 1443 850 1508 sub
870 1443 984 1524 pepuli
1005 1442 1178 1507 assistentis
1231 1458 1325 1520 quem
1347 1461 1408 1522 per
1440 1463 1591 1506 manum
1622 1446 1847 1525 inpositionem
1872 1445 2028 1528 recepisti,
2057 1465 2153 1529 quum
2182 1449 2209 1509 te

201 1531 384 1597 mnscierdia
408 1530 479 1611 fieri
500 1535 651 1611 oportere:
681 1535 715 1593 ut
741 1531 783 1593 sit
811 1530 965 1594 ordinatio
986 1529 1070 1592 iusta
1092 1533 1119 1592 et
1140 1528 1179 1592 le·
1225 1526 1438 1610 presbyterum
1459 1548 1603 1609 crearem,
1626 1551 1686 1593 non
1707 1532 1750 1594 sit
1770 1532 1872 1595 irrita.

199 1619 341 1702 pilima,
366 1637 446 1698 quae
483 1617 621 1679 omnium
657 1616 826 1680 testimonio
863 1615 961 1697 fuerit
991 1615 1178 1679 eraminata.
1319 1616 1368 1674 51.
1414 1613 1573 1678 Hactenus
1590 1616 1628 1680 de
1644 1616 1751 1680 ordine
1766 1617 1981 1699 merendae
2001 1615 2149 1693 eulesiee,
2173 1619 2209 1680 ut
2251 1666 2256 1680 .

114 1714 117 1720 '
203 1703 364 1768 Hebenus
384 1723 468 1784 erpo,
491 1722 556 1766 esse
576 1701 656 1765 berec
676 1722 713 1766 erc
736 1701 822 1765 nubo
844 1699 907 1765 Dei
934 1700 1102 1783 lepitimam
1120 1700 1179 1762 mi-
1230 1696 1317 1760 nebis
1337 1717 1376 1761 ee
1391 1720 1476 1780 puro
1497 1699 1561 1764 Dei
1582 1701 1669 1766 ocrbo
1687 1703 1823 1767 traditus
1840 1707 1892 1781 est,
1914 1708 1942 1766 et
1958 1703 1995 1767 de
2012 1702 2206 1780 ministeriis,

201 1790 295 1854 nistri
322 1789 506 1854 necationem
533 1786 587 1850 ubi
609 1808 646 1850 ec
667 1787 779 1869 populi
805 1791 1000 1850 consensuet
1029 1785 1179 1868 approba
1230 1788 1265 1846 ut
1286 1788 1359 1847 sunt
1386 1805 1407 1846 a
1431 1783 1553 1850 Obristo
1580 1788 1737 1866 instituta,
1764 1788 1982 1853 disseruimus.
2033 1786 2126 1851 Nunc
2147 1807 2207 1868 quo

203 1876 283 1940 tione
304 1877 454 1951 creantur,
477 1874 532 1953 qui
552 1873 614 1936 cisi
629 1873 747 1955 fuerim
763 1873 874 1937 aaut.
911 1871 1060 1936 Precesse
1078 1876 1179 1936 autern
1231 1871 1293 1933 iste
1313 1870 1417 1933 omnia
1438 1871 1555 1936 clarius
1575 1893 1611 1936 ae
1630 1873 1830 1954 familarius
1850 1875 2017 1956 patefiant,
2039 1893 2075 1938 ae
2095 1873 2208 1936 nulius

202 1961 339 2026 electioni
361 1959 465 2023 debere
486 1959 566 2022 alios
590 1963 747 2040 pastores,
777 1979 814 2022 ree
836 1958 912 2039 quid
933 1958 979 2022 cel
994 1978 1054 2038 per
1076 1957 1179 2021 buda
1231 1955 1326 2019 etiam
1354 1955 1528 2021 inanimis
1548 1960 1663 2023 nostis
1687 1960 1840 2042 bpantur,
1867 1959 1943 2024 utile
1964 1961 2021 2023 erit
2041 1960 2076 2023 in
2097 1960 2139 2022 iis
2161 1979 2209 2022 re-

202 2052 277 2125 tem,
305 2045 351 2110 cel
366 2065 426 2126 per
447 2044 533 2108 mala
553 2044 674 2123 studia,
703 2043 749 2107 nel
770 2065 830 2125 por
851 2043 1015 2107 tumultum
1036 2065 1056 2107 a
1077 2043 1180 2106 multi-
1232 2041 1289 2104 bus
1317 2041 1427 2105 neuris
1449 2043 1591 2108 ccclesiae
1616 2045 1752 2126 ferulam
1776 2066 1997 2128 recopnoscere,
2019 2066 2098 2126 quae
2120 2044 2209 2109 nobis

70 2137 71 2140 ’
202 2132 310 2197 tudine
326 2134 475 2212 peccetur.
1231 2126 1356 2194 diurne
1377 2127 1582 2194 institutionis
1602 2131 1770 2214 imepinem
1791 2132 1951 2213 mandam
1972 2131 2070 2195 oculis
2086 2151 2210 2211 reprae-

291 2220 341 2280 50.
388 2216 534 2297 Superest
554 2215 637 2279 ritus
656 2215 833 2293 ordinandi,
854 2215 905 2279 cui
921 2214 1066 2278 utimum
1083 2214 1180 2278 bourn
1230 2211 1368 2276 sentabit.
1416 2213 1553 2279 Tametsi
1574 2217 1656 2281 enirn
1677 2216 1789 2282 multos
1810 2238 1940 2282 canones
1961 2217 2122 2282 ediderunt
2141 2216 2210 2280 illo-

203 2306 239 2369 in
271 2302 422 2368 omatime
448 2300 598 2366 dedimus.
650 2300 774 2366 Constet
808 2305 909 2364 autem
937 2301 1087 2381 apostoles
1119 2321 1180 2363 uon
1230 2318 1303 2362 rum
1333 2301 1503 2380 temporum
1530 2303 1679 2383 episcopi,
1713 2302 1826 2384 quibus
1847 2304 1926 2384 plus
1954 2303 2131 2367 Mactatur
2158 2322 2209 2367 ec·

203 2390 271 2456 elia
299 2387 488 2454 communie
514 2407 588 2450 uses
614 2407 694 2465 esse,
722 2408 819 2467 quum
846 2387 981 2466 aliquem
1008 2387 1180 2450 minutam
1225 2384 1365 2466 primore
1386 2405 1480 2465 quam
1501 2388 1601 2450 saeris
1623 2388 1722 2452 literis
1742 2393 2085 2470 apamaenum
2106 2393 2210 2452 tamen

203 2474 408 2552 admonebant,
430 2493 525 2554 quam
547 2493 697 2537 mertuum
718 2473 919 2554 impositione.
963 2472 1057 2536 Hunc
1078 2475 1180 2536 auum
1231 2470 1371 2534 sautiare
1391 2475 1485 2534 lotam
1502 2493 1594 2537 mam
1610 2476 1813 2539 cuorumiarn
1830 2479 2063 2556 composuerunt
2079 2475 2121 2539 ad
2137 2474 2209 2538 nni-

202 2563 300 2627 ritum
317 2560 448 2640 tinuisse
468 2557 603 2650 arbitrer
623 2558 663 2622 ab
683 2557 894 2622 Hebraeorum
915 2578 1005 2636 more,
1024 2558 1079 2639 qui
1099 2557 1180 2639 qued
1232 2575 1300 2620 cam
1325 2555 1416 2619 illem
1442 2557 1526 2622 uerbi
1547 2558 1612 2623 Dei
1632 2580 1787 2638 normam,
1810 2565 1844 2623 ut
1863 2560 1956 2641 facile
1976 2560 2097 2637 oidees,
2125 2559 2208 2623 nibil

203 2647 391 2713 benedictum
415 2665 452 2709 ac
473 2649 679 2709 nomenoium
699 2643 847 2723 celebant,
875 2665 1026 2708 manuum
1054 2644 1181 2725 imposi·
1230 2641 1295 2723 fere
1315 2640 1372 2706 bae
1387 2648 1479 2722 perte
1500 2644 1645 2709 imbuisse
1667 2668 1687 2709 a
1708 2646 1794 2711 uerbo
1816 2645 1881 2710 Dei
1900 2646 2045 2710 eliemm.
2092 2645 2208 2708 Verum

202 2735 282 2799 tione
303 2731 371 2796 Deo
398 2731 493 2813 quasi
518 2730 793 2811 repraesentabant.
845 2729 899 2793 Sic
927 2729 1019 2794 Iacob
1048 2729 1180 2794 benedic
1231 2728 1325 2792 diam
1346 2729 1376 2791 si
1402 2729 1479 2809 qued
1499 2732 1602 2812 possit
1629 2732 1664 2794 in
1690 2731 1831 2814 ipserum
1852 2731 2004 2796 imbuis
2025 2730 2207 2810 desiderem

202 2825 293 2884 turus
322 2816 481 2901 prrairn
509 2821 537 2880 et
562 2814 730 2895 Manasse,
759 2835 863 2879 mrum
889 2815 1041 2897 capitibus
1067 2834 1181 2879 manen
1232 2814 1309 2895 quia
1330 2817 1432 2879 tamen
1453 2816 1570 2881 ducere
1591 2816 1694 2882 dudio
1715 2819 1909 2882 sanctisunt
1929 2816 2062 2883 Domini
2083 2816 2208 2881 indnu-

203 2901 638 2989 iunposnillGen.48,14).
681 2902 768 2984 Quod
790 2905 937 2983 sequutus
959 2907 1002 2965 est
1023 2900 1181 2965 Dominus
1232 2900 1345 2965 tionem
1372 2920 1564 2981 consumre,
1595 2909 1622 2968 et
1648 2902 1686 2967 ab
1717 2924 1753 2967 ea
1774 2925 1834 2970 non
1859 2903 1991 2968 mutum
2013 2903 2207 2982 norman,

68 3051 71 3058 ,
203 2995 311 3069 noster,
329 3010 426 3070 mum
442 3009 537 3071 super
552 2988 687 3070 infantes
695 2989 902 3070 precatum
916 2987 1028 3070 feruet
1045 2986 1180 3071 (March.
1227 2985 1405 3066 plurimum
1426 2988 1568 3053 mnducet
1587 2988 1637 3053 bic
1664 2988 1792 3054 beuter
1812 2990 1949 3072 collipere
1969 2990 2091 3070 qualern
2111 2988 2210 3054 obser-

207 3073 343 3160 19,15).
387 3073 505 3138 Εοάερι
530 3079 565 3138 ut
588 3073 724 3139 arbitror
748 3074 925 3156 sipnificetu
949 3073 1063 3138 Iudaei
1084 3094 1121 3138 er
1143 3072 1182 3137 le
1232 3072 1384 3136 oetmnem
1409 3071 1579 3139 babuerint.
1631 3075 1894 3157 Quemadmodum
1920 3076 2125 3154 tradidimus,
2154 3075 2210 3138 tri·

202 3162 255 3248 pis
288 3160 481 3244 praescripto
518 3161 588 3223 siris
630 3161 794 3241 sacrificiis
830 3179 943 3224 manus
981 3158 1181 3242 imponebant.
1227 3157 1327 3239 plices
1353 3159 1514 3225 ministros
1539 3159 1627 3226 nobis
1657 3161 1864 3226 commendari
1897 3161 2129 3243 inscriptura,
2162 3161 2210 3225 ita

207 3248 312 3330 Quare
331 3245 461 3327 apostoli
476 3266 537 3327 per
553 3267 703 3310 moenum
720 3245 955 3328 inpositionem,
977 3266 1047 3310 cum
1065 3265 1097 3309 se
1114 3243 1182 3309 Deo
1233 3243 1387 3324 quidquid
1414 3246 1628 3312 ministrorum
1654 3245 1762 3311 babuit
1792 3252 1878 3312 vetus
1909 3247 2047 3326 culnia
2080 3247 2116 3310 in
2147 3251 2210 3311 tres

205 3334 314 3416 offerre
341 3331 571 3414 sipnificebant,
600 3352 689 3412 mern
715 3331 881 3395 initiabant
902 3333 937 3396 in
963 3332 1180 3396 ministerium.
1233 3330 1357 3395 ordines
1377 3331 1530 3396 distincti.
1576 3332 1663 3396 Nam
1683 3354 1721 3396 ec
1741 3333 1849 3398 ordine
1866 3331 2116 3415 presbyterorum
2130 3352 2209 3415 par-

209 3420 396 3502 Quenquam
423 3419 477 3483 usi
497 3422 570 3482 sunt
594 3419 688 3482 etiem
710 3438 808 3498 super
827 3437 890 3496 eos,
913 3417 1025 3499 quibus
1045 3416 1182 3482 risibiles
1233 3416 1289 3480 tim
1311 3416 1497 3499 stipabantur
1511 3422 1656 3500 pastores
1676 3440 1712 3483 ac
1732 3420 1883 3499 naua,
1902 3419 2025 3500 reliqw
2040 3437 2124 3501 pars
2144 3439 2209 3483 cen-

205 3507 339 3589 spiritus
363 3505 485 3587 pretias
512 3503 701 3587 conferebant
731 3502 819 3589 (Act.
847 3508 900 3581 19,
925 3502 969 3589 6).
1027 3503 1182 3584 Utcunque
1233 3521 1327 3566 surae
1358 3523 1481 3567 morum
1519 3509 1547 3568 et
1582 3504 1815 3569 correctionibus
1845 3510 2000 3587 praeerat.
2054 3504 2211 3570 Diaconis

205 3593 262 3670 sit,
284 3592 349 3673 snit
368 3590 418 3654 bic
438 3590 573 3656 solennis
593 3591 687 3666 ritus,
710 3590 827 3670 quoties
848 3589 890 3653 ed
911 3590 1118 3654 ministerium
1138 3610 1181 3654 ec·
1234 3589 1397 3654 commissa
1424 3595 1491 3655 eret
1518 3610 1595 3654 cure
1615 3611 1795 3673 pauperum
1817 3596 1845 3655 et
1865 3591 2123 3673 deernospnarurn
2145 3590 2210 3654 dis-

205 3677 409 3741 clesiasticnon
436 3677 571 3758 alicuem
597 3676 750 3740 uocabant.
796 3674 850 3739 Sic
870 3680 1011 3757 pastores
1034 3680 1060 3739 et
1086 3676 1182 3740 docto-
1228 3676 1380 3756 pensatio.
1434 3675 1572 3740 Lectores
1608 3681 1711 3741 autem
1745 3681 1773 3741 et
1803 3675 1950 3754 acolulbi,
1988 3676 2115 3740 mmina
2147 3695 2209 3739 non

205 3781 269 3839 res,
298 3763 345 3826 sic
373 3762 518 3827 diemnos
546 3761 767 3827 mnseuabent.
819 3761 905 3826 Dicet
932 3767 1035 3827 eutem
1061 3762 1182 3826 nullum
1233 3765 1322 3824 mant
1347 3766 1495 3825 udaium
1522 3783 1700 3840 munerum;
1733 3783 1840 3827 oerum
1866 3782 1943 3844 quos
1967 3761 2090 3826 clerims
2121 3780 2209 3825 oeca-
2248 3774 2252 3780 ·

205 3851 299 3912 cedet
337 3852 452 3910 cenum
485 3853 684 3931 praeceptum
721 3849 758 3912 de
790 3868 942 3912 manuum
979 3848 1181 3930 impositione,
1234 3846 1317 3927 bant,
1350 3867 1400 3912 eos
1425 3847 1463 3912 ab
1490 3847 1698 3912 adulescentia
1726 3849 1816 3913 certis
1844 3847 1997 3913 exactiis
2023 3847 2209 3928 assuefacie-

205 3933 283 4015 quia
304 3936 405 3996 temen
431 3933 532 4013 fuisse
553 3936 587 3997 in
608 3939 757 4017 perpetue
783 3954 845 3998 usn
865 3933 1012 4016 apostolis
1032 3933 1180 4012 ridemus,
1234 3933 1306 3996 berit
1327 3932 1370 3996 ed
1390 3934 1585 3999 sariendam
1607 3934 1757 4013 cadesim,
1781 3955 1840 4016 que
1861 3934 1972 3999 melius
1998 3932 2209 4016 intelliperent,

205 4018 264 4083 ille
285 4022 348 4081 tam
371 4024 514 4083 emunata
536 4041 640 4083 eorum
662 4019 829 4085 observatio
840 4020 999 4102 praecepti
1016 4020 1080 4084 eice
1096 4019 1183 4084 nobis
1234 4039 1381 4100 quorsum
1402 4023 1500 4084 essent
1525 4020 1694 4098 destinati,
1717 4025 1744 4084 et
1759 4022 1942 4101 paratiores¹
1958 4020 1994 4083 in
2013 4024 2145 4101 tempore
2166 4019 2210 4083 ad

205 4125 271 4170 csse
292 4102 381 4167 debet.
431 4104 476 4168 Et
501 4110 578 4170 certe
602 4105 677 4170 utile
697 4110 742 4171 est
766 4106 917 4169 eiusnmdi
937 4105 1085 4188 sprnbolo,
1113 4126 1182 4170 cum
1226 4105 1370 4185 effluam
1391 4106 1577 4169 merent:
1605 4110 1640 4168 ut
1659 4107 1814 4187 copiosius
1842 4126 1913 4171 mec
1934 4105 2099 4170 ostendam.
2144 4104 2211 4169 Ite·

205 4189 375 4254 ministerii
395 4190 574 4271 dipnitatem
585 4191 700 4272 populo
722 4191 937 4270 nummulari,
959 4196 1024 4255 tum
1041 4212 1111 4255 eum
1127 4192 1182 4273 qui
1233 4210 1291 4272 qne
1313 4189 1531 4272 Hieronymus,
1546 4190 1570 4275 ¹)
1592 4190 1647 4254 ubi
1667 4192 1801 4273 quinque
1816 4192 1982 4274 proposuit
2002 4190 2142 4255 ecciesiae
2162 4211 2210 4255 or-

206 4277 370 4342 ordinatur
402 4274 576 4354 admoneri,
611 4278 716 4358 ipsum
744 4279 809 4341 iam
836 4297 896 4341 non
922 4297 987 4342 esse
1014 4278 1067 4340 sui
1088 4278 1180 4355 iuris,
1233 4277 1330 4355 dines,
1357 4281 1514 4341 munerat
1535 4277 1704 4359 episcopos,
1727 4277 1934 4360 presbyteros,
1957 4277 2116 4354 diaconos,
2135 4275 2211 4358 nde

88 4415 90 4417 .
205 4363 260 4427 scd
277 4361 346 4426 Deo
368 4360 551 4426 eteoclesiae
575 4363 609 4424 in
626 4363 800 4427 seruitutem
814 4363 980 4428 addictum.
1017 4362 1182 4426 Praeterea
1233 4363 1290 4440 les,
1324 4363 1567 4442 cateobumenos3
1604 4363 1722 4443 celime
1755 4363 1832 4429 clero
1863 4368 1891 4428 et
1924 4361 2083 4427 monacbis
2110 4362 2210 4426 leuem

206 4468 266 4512 non
293 4448 353 4512 erit
380 4447 474 4511 inane
495 4448 634 4530 sipnurn,
662 4449 693 4511 si
714 4448 748 4511 in
772 4469 954 4530 permenam
974 4468 1067 4512 suem
1087 4449 1182 4529 eripi·
1228 4450 1396 4531 proprium
1415 4448 1536 4512 nubum
1557 4448 1673 4514 tribuit.

206 4554 276 4599 nem
295 4535 470 4598 restitutum
494 4533 598 4616 fuerit.
645 4532 731 4596 Nam
757 4535 787 4598 si
807 4533 888 4597 nibil
905 4536 1029 4616 trustra
1049 4534 1182 4614 spiritus
1321 4539 1370 4598 52.
1420 4535 1538 4616 Quibus
1558 4556 1627 4617 erpo
1653 4535 1779 4600 mundi
1801 4555 1916 4599 marius
1937 4535 2112 4599 iniunctum
2133 4537 2209 4611 eret,

207 4618 271 4684 Dei
291 4620 326 4683 in
348 4619 472 4684 ecclesie
495 4618 645 4697 instituit,
670 4617 749 4682 berec
768 4620 1004 4702 meranonram,
1026 4639 1122 4700 quum
1143 4619 1182 4683 ab
1233 4640 1282 4685 eos
1310 4641 1413 4685 annus
1438 4619 1639 4686 nominabant
1663 4620 1862 4703 presbyteros.
1918 4620 1980 4684 Illi
2008 4640 2045 4684 er
2071 4640 2127 4684 sue
2153 4638 2209 4682 nu·

206 4725 240 4770 eo
255 4705 394 4786 profecta
415 4705 471 4784 sit,
497 4705 662 4774 sentiemus
682 4724 743 4768 non
769 4724 834 4768 esse
854 4705 1011 4785 inutilem,
1039 4704 1126 4769 niodo
1147 4705 1183 4770 in
1233 4727 1316 4771 mero
1337 4707 1372 4770 in
1397 4706 1532 4790 sinpulis
1558 4705 1734 4783 dodaibns
1757 4727 1856 4770 unum
1877 4706 2038 4790 dipebant,
2066 4706 2119 4770 cui
2142 4724 2210 4788 spe

205 4792 454 4872 superstitiosum
486 4790 618 4856 dmum
642 4811 707 4856 non
739 4795 882 4855 oenum.
933 4791 1000 4854 Hoc
1028 4795 1182 4873 postremae
1234 4792 1353 4857 addar
1373 4792 1488 4856 dabam
1508 4792 1631 4856 titulum
1658 4793 1809 4874 mucepi:
1837 4813 1875 4856 ne
1896 4813 1933 4857 ec
1955 4791 2154 4873 aequalitate,
2176 4793 2211 4854 ut
2343 4825 2346 4831 ·

206 4875 379 4942 babendum
395 4882 455 4942 est:
476 4897 537 4941 non
553 4877 734 4942 unicusem
751 4875 977 4942 multitudinem
994 4898 1107 4943 manus
1124 4878 1182 4949 im-
1231 4878 1303 4958 ficri
1323 4878 1410 4957 solet,
1433 4878 1572 4943 dissitie
1591 4883 1794 4943 nascerentur.
1841 4878 1949 4958 Neque
1970 4883 2073 4942 tamen
2093 4878 2139 4942 sic
2159 4875 2212 4941 bo·

145 5039 149 5057 ¹
201 4963 346 5044 posuisse
366 4963 436 5028 suis
456 4962 620 5041 ministris,
643 4962 697 5028 sed
718 4962 798 5029 solos
812 4967 963 5046 pastores.
997 4963 1182 5046 Quanquam
1233 4983 1307 5028 nore
1326 4969 1354 5028 ct
1373 4964 1521 5047 dipnitate
1541 4965 1684 5045 superior
1704 4969 1772 5028 eren
1791 4964 1960 5046 eqnscopus,
1982 4967 2018 5027 ut
2037 4962 2212 5028 mminium

278 5234 307 5301 l)
324 5237 383 5290 Lib.
403 5236 426 5289 1.
446 5239 533 5307 Epist.
551 5237 576 5292 3.
1306 5236 1334 5304 1)
1352 5238 1385 5290 In
1402 5238 1518 5289 Ieseiem
1535 5253 1557 5291 a.
1575 5236 1599 5290 9.
