4732 6030
179 359 241 425 sn
727 352 826 420 one.
849 355 946 420 vm
968 355 1060 440 (Ν.)
1103 352 1318 423 §mom
1338 354 1635 423 sxemoffla
1677 384 1679 388 >
2117 359 2181 423 seo

74 538 77 543 ’
177 452 525 614 ἓνῖννινῗνόοοοῖοιεζὲοννονο
544 542 648 624 defert,
670 543 706 607 id
723 547 819 608 totum
835 563 896 607 nou
911 545 1040 626 proprie
1058 543 1154 609 borni·
1205 563 1274 608 οενο
1300 549 1327 608 et
1346 501 1435 626 pur'o
1455 545 1523 609 illis
1544 545 1629 610 labio
1647 546 1790 628 fuerunt,
1813 566 1909 627 quum
1928 546 2061 629 spiitus
2081 546 2182 613 sanai

177 633 269 699 nibus
290 632 380 713 ipsis,
403 630 456 694 sed
473 629 645 693 ministerio
662 629 713 693 cui
728 630 879 711 praefecti
899 635 973 694 sunt
993 630 1075 709 dari,
1097 629 1151 710 uel,
1204 637 1361 710 οοεοενννννο
1392 650 1457 695 esse
1488 652 1614 714 arpano.
1672 631 1734 698 Ubi
1770 631 1829 696 bae
1864 631 2010 715 rdiqione
2046 631 2182 697 obstricti

176 725 212 784 ut
239 717 413 800 expeditius
438 716 614 796 loquamur,
640 714 727 779 uerbo
748 716 840 779 cuius
860 717 1068 779 ministerium
1088 715 1154 780 illis
1204 721 1277 780 sunt
1291 716 1473 798 prophetae,
1502 738 1540 782 ne
1561 718 1638 798 quid
1658 718 1785 782 uadunt
1810 718 1877 782 nisi
1897 718 1979 798 quod
2004 719 2180 800 omepaint,

178 811 222 872 est
241 803 446 869 commissum.
498 800 537 865 Ut
558 801 640 865 enim
660 801 767 866 orduu
793 821 896 865 munes
916 821 1152 882 persequamur,
1205 805 1276 866 tuno
1297 803 1416 886 insipni
1430 807 1577 883 potestate
1594 823 1630 868 ao
1647 804 1773 868 nimiis
1789 803 1890 868 titulis
1906 810 2065 868 curantur.
2097 803 2183 869 Nam

105 962 108 967 ,
177 912 238 957 non
263 889 451 972 reperiemus
478 887 547 951 ulla
572 887 698 950 ᾱοεεννᾱνῗ
726 893 781 951 aut
806 887 1010 968 respondendi
1038 888 1154 951 ouon'-
1204 907 1301 968 quum
1321 886 1478 952 Dominus
1498 893 1625 953 testatur
1638 889 1716 973 (Ier.
1732 894 1758 968 l,
1775 888 1838 973 10),
1859 909 1893 953 se
1904 890 2093 971 praefecisse
2111 889 2183 955 illos

178 983 238 1043 tote
257 976 359 1057 fuisse
375 973 549 1056 praeditos,
571 973 637 1036 nisi
658 973 692 1034 in
713 973 834 1037 nomine
854 979 883 1037 et
902 971 990 1036 uerbo
1011 971 1153 1038 Domini.
1202 971 1342 1055 pentibus
1362 994 1400 1038 oc
1420 975 1537 1057 roqnis,
1560 980 1596 1038 ut
1615 976 1743 1040 evellant
1763 980 1791 1039 ct
1809 977 1982 1057 exstirpent,
1999 975 2134 1057 perdam
2154 980 2182 1040 et

186 1062 246 1130 Ubi
272 1061 354 1125 onim
375 1064 521 1123 emantur
542 1058 584 1123 ad
604 1078 733 1136 munus,
761 1059 857 1122 simsd
884 1058 950 1121 illis
977 1058 1154 1141 iuiunqitur
1205 1059 1379 1138 dedruout,
1414 1060 1572 1140 aedificent
1602 1081 1638 1125 ao
1664 1060 1820 1142 plantent,
1854 1062 1993 1126 eordirmo
2025 1060 2183 1146 subiunqit

178 1171 216 1214 ne
244 1148 321 1229 quid
349 1146 481 1227 afferant
513 1164 550 1208 εν
577 1164 610 1208 se
636 1144 732 1224 ipsis,
766 1144 821 1207 sed
846 1143 1013 1223 loquantur
1040 1165 1078 1209 ea
1103 1163 1154 1208 ονε
1205 1164 1349 1208 oausam:
1369 1146 1446 1226 quia
1466 1145 1557 1210 ouba
1578 1167 1640 1211 sua
1661 1148 1696 1210 in
1717 1167 1822 1211 eorum
1844 1167 1895 1211 ονε
1910 1148 2060 1229 posuerit.

178 1235 319 1300 Domini.
365 1231 430 1295 Nec
451 1251 501 1295 eos
522 1234 591 1293 ante
606 1230 752 1311 producit
772 1228 932 1294 Dominus
951 1230 987 1293 in
1007 1231 1152 1308 medium,
1286 1230 1364 1294 140.
1416 1231 1442 1315 ¹)
1450 1230 1524 1295 Iam
1544 1232 1575 1295 si
1596 1234 1631 1296 in
1648 1233 1799 1314 apostolos
1813 1234 1973 1315 respicias,
1991 1233 2098 1296 multis
2115 1232 2182 1314 qui·

178 1326 213 1386 ut
234 1342 255 1384 a
270 1319 386 1401 populo
409 1317 589 1394 audiantur,
612 1334 707 1396 quam
721 1317 881 1397 proecepit
897 1316 1048 1395 quidnam
1069 1316 1153 1396 loqui
1205 1314 1275 1378 ἀεννν
1296 1321 1324 1380 ct
1345 1316 1520 1400 iusipieibus
1540 1317 1648 1401 etoqiis
1665 1318 1929 1395 commendantur:
1950 1319 2031 1400 quod
2047 1318 2103 1382 lua
2119 1319 2184 1383 sint

179 1406 313 1483 debeant,
334 1403 469 1484 nequid
484 1407 611 1482 practer
627 1400 750 1465 verbum
768 1422 860 1465 urum
877 1401 1050 1482 loquantur.
1084 1400 1154 1465 Mo-
1205 1401 1323 1479 mundi,
1346 1406 1374 1465 et
1394 1403 1443 1467 sal
1464 1407 1564 1468 terroe
1585 1404 1719 1487 (Manh.
1741 1408 1768 1483 5,
1792 1406 1863 1487 13);
1884 1404 1964 1484 quod
1979 1424 2040 1485 pro
2060 1403 2183 1470 consu

178 1512 227 1558 ses
258 1492 337 1572 ipse,
365 1488 588 1571 prophetorum
618 1487 757 1550 omnium
784 1488 945 1568 princeps,
978 1488 1154 1552 audiendus
1205 1487 1956 1574 mediurdi(Lue.10,16);quodquoecunque
1983 1491 2017 1553 in
2039 1494 2123 1554 terra
2145 1489 2183 1554 li-

173 1599 255 1662 proe
275 1576 351 1641 aliis
370 1575 449 1656 fuit,·
479 1575 533 1638 sod
554 1578 624 1637 ante
642 1573 812 1636 instruitur
831 1574 901 1638 suis
921 1574 1093 1652 mandatis
1115 1594 1154 1638 ne
1203 1575 1346 1654 paverint
1366 1579 1419 1638 aut
1439 1573 1598 1655 solverint,
1621 1574 1720 1658 liqato
1741 1581 1830 1640 eruent
1850 1581 1905 1640 aut
1925 1575 2025 1640 soluta
2047 1577 2081 1639 in
2104 1575 2182 1640 coelo

179 1664 255 1745 quid
275 1662 398 1726 omniuo
423 1660 569 1723 nurdiare
591 1663 694 1739 queat,
724 1660 790 1723 nisi
812 1680 833 1722 o
853 1658 997 1723 Domino.
1042 1658 1154 1740 Itaque
1206 1657 1341 1741 (Manh.
1370 1664 1494 1738 16,19.
1523 1660 1613 1724 Ioan.
1634 1665 1689 1738 20,
1713 1661 1778 1745 23).
1836 1660 1950 1726 Verum
1977 1681 2033 1726 suo
2060 1661 2183 1727 nomuu

173 1747 320 1832 populus,
342 1747 513 1811 doctrinam
535 1746 603 1808 eius
624 1743 801 1824 amplexus,
823 1745 858 1808 iu
877 1743 1050 1809 Dominum
1070 1750 1098 1809 et
1118 1746 1154 1808 in
1199 1763 1331 1825 praese
1349 1745 1455 1826 ferunt
1475 1751 1623 1826 mantum
1644 1747 1706 1811 sibi
1727 1749 1761 1810 in
1778 1767 1835 1811 suo
1851 1767 1976 1811 munere
1990 1748 2183 1828 permissum

54 1847 57 1850 '
178 1837 246 1901 eius
266 1853 390 1898 sernum
413 1831 533 1896 Mosom
554 1831 670 1895 dicitur
690 1831 856 1894 credidisse
877 1829 996 1914 (Exod.
1019 1836 1066 1908 14,
1087 1831 1153 1915 31).
1205 1830 1255 1893 sit.
1301 1829 1419 1912 Nempe
1446 1833 1476 1895 si
1504 1831 1633 1912 apostoli
1664 1837 1750 1910 sunt,
1783 1853 1822 1897 ne
1851 1833 1998 1915 parrioni
2028 1831 2183 1914 quidquid

180 1920 379 1986 Sacerdotum
399 1937 517 1998 quoque
537 1917 690 1981 autoritas
710 1936 749 1979 ne
769 1917 950 1997 contemptui
969 1915 1061 1996 foret,
1081 1936 1154 1999 pra·
1205 1914 1371 1979 collibitum
1390 1918 1501 1998 (mut,
1531 1918 1585 1981 sed
1612 1919 1762 1982 mandata
1783 1920 1851 1983 eius
1873 1940 1894 1982 o
1915 1938 1974 1999 quo
1988 1920 2085 1995 ,missi
2106 1921 2180 1982 sunt

177 2005 318 2071 cissimis
346 2005 457 2085 pomis
492 2004 613 2066 sonato
642 2007 686 2067 est
713 2000 982 2086 (Deut.17,12).
1039 2000 1155 2067 Verum
1205 2000 1282 2064 borsa
1302 2001 1363 2082 fide
1378 2004 1547 2084 perferant.
1576 2002 1622 2066 Et
1641 2005 1722 2068 satis
1741 2004 1829 2069 doro
1849 2009 1922 2068 sunt
1944 2001 2061 2068 Cbristi
2078 2004 2177 2082 uerba,

112 2089 115 2094 ’
177 2093 274 2157 simul
302 2091 432 2157 ostendit
464 2089 635 2166 Dominus,
675 2107 739 2168 qua
771 2087 832 2170 lepe
865 2088 1016 2152 audiendi
1048 2092 1165 2167 essent·
1205 2086 1317 2167 quibem
1345 2108 1450 2151 eorum
1477 2088 1656 2171 lopationem
1681 2090 1873 2154 terminarit:
1901 2110 1997 2171 quum
2017 2089 2180 2154 mandavi

176 2199 273 2260 quum
294 2178 370 2242 dicit
391 2174 485 2259 (Mal.
505 2179 534 2252 2,
553 2179 582 2237 4.
602 2172 637 2256 6)
660 2193 692 2238 se
707 2173 901 2254 percussisse
919 2174 1028 2255 foedus
1059 2192 1154 2238 sirum
1204 2171 1270 2236 illis
1290 2173 1371 2237 irent
1391 2194 1428 2238 aa
1448 2175 1585 2238 docerent
1604 2193 1707 2238 omines
1726 2181 1841 2258 pentes,
1872 2195 2069 2257 quaecunque
2084 2195 2179 2258 proo-

176 2285 246 2328 cum
269 2263 345 2327 Leoi
366 2267 401 2325 ut
421 2261 471 2325 teu
492 2260 631 2324 unitatis
651 2263 728 2323 esset
747 2260 782 2322 iu
801 2279 853 2323 ονε
874 2260 949 2324 eius.
993 2258 1040 2322 Et
1054 2259 1153 2341 paulo
1205 2263 1325 2339 ceperat
1339 2259 1473 2343 (Manh.
1488 2263 1537 2337 28,
1554 2256 1617 2340 19).
1662 2260 1746 2340 Quin
1767 2262 1833 2342 ipse
1854 2281 1971 2342 quoque
1992 2261 2071 2325 banc
2091 2263 2128 2324 in
2146 2279 2180 2326 se

171 2355 244 2432 post
265 2349 368 2413 addit:
389 2346 474 2410 lobia
494 2346 660 2411 sacerdotis
681 2345 848 2409 custodient
868 2346 1042 2423 scientiam,
1065 2350 1092 2410 et
1113 2345 1164 2417 le,
1204 2342 1297 2426 lepem
1319 2342 1371 2427 (ne
1391 2345 1442 2409 oui
1462 2366 1531 2410 eam
1552 2345 1714 2410 demutare
1732 2346 1786 2427 fas
1806 2348 1896 2429 esset)
1918 2348 2037 2427 recepit,
2060 2346 2180 2428 sibique

175 2456 244 2519 qem
264 2434 419 2515 requirent
440 2453 478 2497 eo
499 2452 550 2497 ore
569 2432 653 2510 eius,·
674 2431 751 2512 quia
772 2430 900 2513 ariqelus
921 2429 1053 2495 Domini
1070 2451 1153 2495 euer-
1203 2429 1359 2511 imposuit.
1407 2430 1574 2510 Doctrina,
1605 2431 1709 2512 inquit
1735 2430 1839 2515 (Iosn.
1860 2435 1888 2510 7,
1914 2431 1984 2515 16),
2007 2453 2090 2511 ineo,
2118 2451 2180 2498 non

176 2522 293 2585 cituum
315 2525 366 2583 est.
380 2516 405 2602 1)
454 2517 540 2600 Depo
561 2519 591 2582 si
613 2517 721 2581 audiri
745 2516 817 2581 velit
836 2516 978 2581 sacerdos
985 2565 993 2596 ,
1016 2521 1153 2598 praestet
1203 2519 1249 2579 est
1268 2535 1354 2597 meo,
1380 2516 1435 2580 sed
1455 2516 1524 2581 eius
1545 2518 1600 2598 qui
1619 2537 1667 2581 νννε
1692 2517 1792 2595 misit
1813 2517 1928 2598 patris.
1974 2516 2011 2580 Is
2032 2519 2088 2598 qni
2108 2519 2180 2584 uni·

176 2628 209 2671 se
230 2605 294 2670 Dei
314 2605 473 2681 nuntium,
496 2604 531 2668 id
552 2607 609 2680 est,
635 2603 785 2667 mandata
805 2621 885 2683 quae
904 2623 926 2666 a
947 2601 1083 2667 Domine
1104 2622 1153 2667 oo
1204 2619 1258 2664 cus
1279 2621 1317 2665 oc
1333 2607 1475 2667 adernus
1490 2605 1598 2685 patris
1618 2602 1819 2667 consiliarius
1835 2622 1953 2683 semper
1970 2603 2042 2684 fuit,
2065 2605 2179 2685 quique

177 2693 261 2774 cepit,
281 2691 412 2772 fidditer
428 2690 551 2771 referat.
583 2689 686 2769 Atque
708 2687 762 2752 ubi
782 2689 820 2752 de
840 2688 883 2752 iis
905 2688 1070 2752 audiendis
1087 2710 1108 2751 a
1134 2689 1153 2737 '·
1203 2686 1348 2751 dominnm
1375 2708 1412 2752 ae
1439 2690 1586 2772 mopister
1612 2690 1749 2754 munium
1776 2693 1821 2752 est
1841 2689 2020 2752 constitutus
2040 2710 2061 2751 a
2077 2695 2177 2769 patre,

177 2784 240 2856 tur,
269 2776 453 2841 ruminatim
478 2775 533 2838 boc
554 2775 698 2855 ponitur,
731 2779 766 2837 ut
785 2774 953 2839 secundum
974 2773 1067 2857 lepem
1124 2775 1153 2838 ei
1203 2772 1279 2851 quio
1291 2777 1393 2838 tomen
1412 2775 1539 2839 docendi
1550 2775 1722 2839 ministerio
1740 2774 1891 2858 funqitur,
1913 2774 2068 2838 ministris
2083 2776 2180 2838 muni·

176 2863 376 2946 respondeant
398 2861 511 2945 (Dout.
533 2864 581 2938 17,
603 2858 666 2944 10).
783 2894 785 2899 ·
1189 2857 1338 2922 xbussuo
1359 2860 1494 2942 exemplo
1509 2860 1705 2942 manniti,
1723 2880 1818 2940 quam
1838 2861 1874 2924 in
1891 2860 2020 2925 decemo
2039 2861 2180 2943 reputem
2212 2925 2216 2931 ,

266 2952 335 3012 139.
382 2944 411 3031 2)
420 2945 647 3028 Prophetarum
671 2945 776 3026 qualis
802 2945 838 3009 in
858 2945 1038 3010 universum
1056 2944 1152 3026 fuerit
1203 2944 1291 3025 sequi
1316 2943 1450 3010 debeant.
1501 2947 1575 3009 Non
1601 2950 1645 3010 est
1672 2947 1771 3029 iqitur
1790 2945 1931 3010 ecclesiae
1954 2951 2089 3027 potestas
2109 2946 2182 3028 ind·

171 3040 321 3118 potestas,
357 3033 507 3117 eleqanter
535 3032 622 3113 apud
648 3030 839 3096 Ezechielem
865 3030 1048 3096 describitur
1078 3029 1149 3116 (En.
1203 3031 1280 3109 nito,
1303 3031 1357 3095 sed
1373 3031 1508 3096 sciliceta
1524 3031 1612 3096 oerbo
1629 3030 1769 3110 Domini,
1792 3032 1872 3096 etin
1889 3051 1922 3096 eo
1939 3033 2032 3112 quasi
2049 3032 2178 3100 incluso.

179 3120 299 3204 3,17).·
326 3120 375 3200 fili
403 3118 552 3196 luminis,
575 3118 621 3181 uit
641 3117 815 3196 Dominus,
843 3116 1060 3197 spendetorem
1081 3115 1152 3180 dedi
1292 3119 1360 3180 141.
1406 3118 1520 3198 Atqui,
1547 3137 1643 3199 quum
1669 3116 1723 3181 boo
1750 3116 1789 3182 ab
1815 3119 1905 3182 initio
1926 3119 1961 3181 iu
1983 3118 2108 3183 ecclesm
2127 3140 2180 3185 oo-

179 3207 334 3272 tedomui
356 3204 476 3268 Israd:
498 3204 609 3267 audies
629 3203 727 3287 iqitur
748 3223 785 3267 eu
806 3222 857 3266 ore
877 3223 942 3268 meo
964 3202 1152 3282 verbum,et
1203 3200 1296 3266 luerit
1324 3201 1471 3284 boduque
1497 3203 1598 3268 uatem
1627 3202 1745 3282 eam,
1777 3223 1815 3267 ne
1843 3204 1922 3287 quid
1948 3204 2075 3268 doceant
2097 3205 2180 3271 serui

180 3291 380 3356 anriuntiabis
407 3289 474 3354 illis
502 3309 540 3354 eu
565 3309 621 3353 one.
668 3289 731 3371 Qui
755 3289 867 3353 audire
894 3289 1015 3354 iubetur
1035 3309 1073 3354 eu
1100 3307 1152 3353 ore
1204 3286 1282 3366 Dei,
1310 3289 1392 3370 quod
1417 3309 1478 3354 non
1498 3288 1537 3354 ab
1565 3290 1633 3370 ipso
1659 3288 1836 3368 didicerint,
1860 3308 1922 3372 pro
1942 3294 2113 3371 temporum
2134 3296 2179 3356 ta·
2218 3304 2221 3320 ¹
2351 3259 2356 3268 Ι

124 3411 127 3424 ·
181 3378 320 3455 Domini,
337 3396 436 3440 nonno
451 3376 622 3456 quidquam
638 3395 677 3439 eu
696 3396 730 3439 sc
747 3375 937 3440 comminisci
949 3373 1153 3457 prohibetur?
1203 3392 1273 3437 men
1305 3376 1451 3440 uarietde
1487 3376 1627 3440 diversas
1664 3374 1835 3440 babuerunt
1866 3374 2004 3439 discendi
2035 3377 2177 3441 rationes.

184 3465 267 3546 Quid
292 3483 363 3527 οενο
384 3467 441 3540 est,
469 3462 615 3524 reurdiare
636 3482 657 3524 a
678 3459 813 3524 Domino
839 3461 904 3524 nisi
925 3462 971 3524 sic
995 3461 1091 3542 loqui,
1118 3463 1154 3523 ut
1204 3458 1258 3523 Ea
1279 3480 1349 3524 οενο
1369 3481 1449 3542 quae
1468 3482 1551 3526 nunc
1572 3466 1623 3540 est,
1643 3462 1821 3542 plurimum
1841 3480 1863 3524 a
1883 3461 2096 3542 superioribus
2117 3462 2179 3546 dif-

181 3549 359 3630 confidenter
390 3549 505 3611 iactare
532 3548 631 3624 ausit,
657 3566 719 3609 non
738 3566 832 3611 suum
853 3565 926 3625 esse,
949 3546 1003 3610 sed
1022 3544 1153 3611 Domini
1202 3545 1269 3626 fert.
1299 3543 1470 3628 Principio,
1486 3548 1517 3612 si
1534 3568 1639 3613 oerum
1657 3553 1701 3612 ast
1717 3548 1798 3627 quod
1815 3547 1861 3611 ait
1880 3544 2025 3611 Oloristus
2041 3547 2176 3631 (Manh.

180 3635 304 3699 nubum
320 3635 400 3714 quod
418 3633 578 3697 attulerit?
609 3632 803 3696 Tantundem
820 3637 865 3696 est
882 3630 1153 3713 opudRIeremiam
1208 3636 1256 3710 ll,
1276 3631 1349 3717 27),
1373 3633 1454 3714 quod
1478 3654 1565 3699 nemo
1587 3638 1712 3714 patrem
1735 3633 1848 3698 uiderit
1866 3632 1932 3696 nisi
1950 3632 2053 3712 filius,
2082 3635 2180 3701 etcui

180 3721 254 3785 aliis
279 3720 388 3785 uerbis.
440 3717 606 3799 Propbeto,
634 3717 738 3800 iuquit
764 3716 831 3803 (23,
851 3718 922 3802 28),
952 3718 1038 3799 apud
1064 3737 1153 3799 quem
1204 3718 1334 3782 noluerit
1358 3719 1447 3800 filius
1472 3720 1619 3797 revelare,
1647 3719 1780 3800 oportuit
1807 3724 1883 3783 certe
1910 3717 1949 3782 ab
1977 3724 2101 3785 acurio
2122 3718 2181 3787 illa

180 3811 224 3872 est
248 3807 418 3883 somnium,
451 3809 558 3867 narret
584 3805 752 3884 somnium,
785 3809 813 3868 et
840 3805 896 3885 qui
921 3803 1008 3867 babet
1028 3803 1152 3868 uerbum
1204 3805 1360 3886 sapientia
1381 3823 1500 3887 semper
1519 3806 1627 3888 diripi,
1649 3805 1705 3888 qui
1727 3803 1769 3868 ad
1785 3803 1850 3868 Dei
1865 3805 2007 3868 notitiam
2017 3807 2180 3886 peruenire

180 3910 289 3971 meum,
311 3892 454 3972 loquatur
473 3889 596 3953 νενοννννν
617 3910 719 3953 meum
739 3910 853 3953 ouum.
896 3888 982 3954 Certe
1000 3889 1066 3953 illis
1083 3890 1154 3954 uni·
1204 3890 1318 3954 uellem.
1365 3892 1518 3971 quondo
1539 3892 1621 3955 enim
1642 3890 1706 3955 Dei
1733 3891 1879 3972 mysterio
1901 3895 1956 3953 orel
1977 3892 2082 3956 aniuio
2103 3913 2185 3958 cous·-

180 3978 279 4043 oersis
298 3976 391 4060 lepem
410 3976 492 4040 dicit.
537 3974 597 4038 Est
618 3980 719 4040 οννίεον
740 3975 898 4053 eiusmodi,
921 3975 1002 4056 quod
1020 3995 1081 4039 non
1093 3996 1153 4057 po-
1199 3975 1445 4057 prdiendiss'eul,
1474 3981 1530 4041 aut
1550 3977 1683 4058 eloquuti
1704 3980 1817 4054 esseut,
1845 3977 1912 4040 nisi
1933 3976 2054 4042 dooente
2074 3999 2108 4042 εο
2128 3980 2184 4044 oui

180 4065 256 4127 titur
280 4063 456 4144 quempiam
477 4061 555 4142 plus
581 4061 685 4125 docere
705 4082 799 4142 quom
823 4063 931 4125 iussus
955 4061 1059 4143 fuerit.
1109 4060 1154 4126 Et
1204 4062 1263 4126 soli
1286 4065 1395 4143 patent
1425 4082 1543 4127 arcana
1573 4063 1704 4145 patris?
1750 4060 1855 4126 Deum
1881 4063 1980 4146 ipitm
2004 4083 2064 4128 non
2090 4063 2184 4129 aliter

176 4155 285 4231 postea
301 4149 428 4230 paleam
450 4153 535 4211 oocat
554 4147 709 4227 quidquid
729 4169 750 4211 a
771 4167 804 4211 se
825 4167 886 4210 uno
900 4147 1072 4228 profectum
1092 4167 1154 4212 non
1205 4152 1405 4230 oopnoverunt
1424 4147 1498 4212 olim
1518 4149 1619 4213 sancti
1639 4146 1784 4226 homines,
1809 4168 1903 4230 quam
1923 4149 2031 4231 ipsum
2050 4151 2086 4213 in
2103 4150 2179 4230 flio,

182 4240 233 4299 est.
277 4234 388 4316 Itaque
413 4254 499 4298 inemo
527 4253 565 4296 εν
586 4233 667 4313 ipsis
687 4232 848 4315 prophetis
869 4252 902 4297 os
925 4234 1060 4316 aperuit,
1089 4233 1153 4298 nisi
1205 4233 1286 4297 odut
1317 4234 1352 4297 in
1383 4234 1517 4314 speculo,
1549 4235 1664 4298 intuiti.
1715 4233 1782 4298 Hoc
1808 4254 1905 4316 quum
1929 4235 2013 4314 dico,
2046 4235 2181 4318 intelliqo

181 4320 319 4386 Domino
339 4320 430 4384 verba
450 4322 626 4400 maeeuritc.
659 4318 768 4384 ‘Unde
794 4318 852 4383 illa
877 4319 964 4382 toties
992 4319 1079 4400 apud
1104 4338 1154 4384 cos
1205 4319 1311 4384 Deum
1330 4338 1392 4382 non
1412 4319 1479 4384 alia
1499 4340 1532 4385 se
1551 4339 1690 4401 unquam
1711 4321 1830 4385 ratione
1849 4321 2065 4402 manifestasse
2084 4320 2180 4385 bomi-

181 4411 357 4471 occurrunt:
376 4405 501 4469 verbum
522 4403 662 4482 Domini,
685 4424 763 4469 onus
783 4403 923 4484 Domini,
944 4405 1025 4470 cisio
1047 4425 1068 4468 o
1088 4404 1154 4469 Do
1204 4405 1304 4484 nibus,
1326 4425 1421 4486 quam
1436 4426 1496 4487 per
1514 4406 1626 4488 filium,
1649 4406 1703 4471 boo
1723 4410 1777 4484 est,
1797 4407 1924 4471 ονενεοννν
1944 4426 2036 4471 uram
2056 4406 2182 4488 sapien·

179 4492 276 4570 mino,
304 4493 351 4556 sic
372 4492 417 4555 ait
439 4491 610 4570 Dominus,
632 4510 667 4554 os
687 4488 819 4554 Domini
838 4490 996 4571 loquutum
1014 4496 1066 4554 est.
1109 4489 1154 4554 Et
1204 4491 1297 4570 tiam,
1330 4491 1427 4556 lucem
1453 4493 1679 4557 macritatem.
1728 4489 1784 4556 Eu
1817 4491 1871 4557 boc
1899 4493 1981 4573 fonte
2009 4491 2180 4557 hauserunt

179 4579 294 4642 merito.
339 4576 544 4641 Declamabat
570 4576 652 4640 enim
670 4576 794 4640 Iesaias
817 4576 861 4660 (6,
883 4575 932 4661 5),
948 4576 1072 4656 polluta
1092 4575 1153 4640 sibi
1205 4577 1321 4656 Adam,
1346 4576 1421 4657 Noe,
1441 4576 1612 4658 Abrabam,
1635 4578 1739 4657 Isaac,
1762 4577 1863 4657 Iacob,
1885 4583 1912 4641 et
1933 4576 2004 4656 alii,
2027 4576 2182 4658 qumquid

180 4683 243 4728 esse
270 4663 370 4742 labia;
397 4662 546 4727 Ierunias
572 4681 605 4726 se
629 4663 744 4727 nescire
770 4662 853 4743 liqui
879 4661 1048 4742 fatebatur,
1076 4662 1153 4742 quio
1205 4662 1380 4728 babuerunt
1415 4664 1547 4729 eoelestis
1585 4664 1747 4730 doctrinae.
1802 4662 1856 4727 Eu
1887 4663 1987 4727 uelem
2011 4662 2181 4744 propbotot

174 4770 257 4831 puer
283 4754 360 4814 esset
388 4748 432 4832 (1,
453 4746 496 4833 6).
550 4747 633 4829 Quid
659 4747 698 4812 ab
724 4748 813 4812 itlius
834 4747 967 4828 polluto,
997 4747 1037 4811 ab
1058 4747 1154 4811 buius
1205 4767 1308 4813 omnies
1332 4749 1504 4816 bausuunt
1529 4754 1558 4815 et
1583 4751 1647 4831 ipsi
1680 4769 1798 4831 quoque
1828 4747 1980 4828 quidquid
2008 4747 2179 4814 coelestium

179 4836 265 4917 fatuo
292 4857 343 4900 ore
363 4834 492 4917 prodire
517 4839 640 4916 poterat
664 4834 728 4899 nisi
757 4835 952 4898 immundmu
974 4839 1029 4896 aut
1054 4833 1154 4898 insul·
1206 4834 1399 4899 oraculorum
1426 4836 1594 4900 ediderunt.
1645 4835 1813 4899 Enimuero
1842 4833 1916 4896 baec
1942 4834 2097 4914 sapientia
2117 4854 2179 4899 uon

180 4942 262 5001 sum,
289 4922 319 4986 si
341 4941 435 4985 suum
455 4920 520 5002 ipsi
548 4940 715 4985 sermonem
736 4921 854 5001 umenti
873 4919 993 4984 essent?
1039 4918 1154 4984 Sancto
1205 4939 1267 4984 uno
1288 4921 1376 4985 modo
1401 4941 1519 5004 semper
1544 4941 1576 4985 se
1600 4921 1743 4984 easuuit.
1786 4919 1886 5000 Apud
1906 4920 2110 5001 patriarchas
2128 4941 2182 4985 or·

181 5064 385 5071 ffl—
1206 5007 1294 5070 oanis
1313 5006 1546 5071 revelationibus
1566 5011 1611 5071 est
1629 5025 1721 5083 usus,
1744 5004 1798 5068 sed
1818 5005 1915 5068 umul
1935 5006 1979 5071 ad
1998 5025 2052 5070 eos
2072 5007 2181 5088 confir·

252 5144 280 5210 1)
298 5123 375 5198 'Vide
393 5143 431 5197 ad
453 5144 519 5196 baec
542 5143 581 5196 ed.
600 5142 669 5196 1539
687 5143 703 5196 l.
722 5161 743 5198 ο.
765 5160 792 5212 p.
807 5142 866 5196 362.
953 5142 983 5211 2)
1008 5141 1155 5263 Sequentia
1207 5146 1229 5152 ‘⁹

179 5212 238 5278 fere
259 5212 368 5266 totidem
390 5213 479 5266 uerbis
496 5211 544 5264 sed
566 5213 622 5266 olio
646 5213 742 5266 ordisse
764 5227 798 5266 eu
815 5211 906 5266 eodem
926 5211 992 5281 Gap.
1013 5209 1042 5263 X
1067 5211 1095 5266 V.
1114 5211 1155 5266 ed.
1277 5210 1306 5277 1)
1334 5211 1422 5264 Plura
1439 5227 1473 5265 εον
1496 5212 1533 5264 iis
1646 5209 1689 5263 tiis
1730 5211 1752 5275 ξ.
1772 5208 1918 5262 140-146
1940 5213 2099 5267 inseruntur
2119 5202 2181 5280 ful·

178 5281 284 5348 prioris
301 5281 353 5335 buc
370 5281 515 5345 translata,
530 5297 558 5349 p.
573 5279 634 5334 361.
1207 5285 1273 5333 runt
1289 5281 1347 5333 iam
1362 5282 1395 5333 iri
1411 5280 1452 5333 ed.
1471 5297 1496 5333 a.
1515 5227 1624 5333 ΜΗ
1636 5279 1652 5333 l.
1669 5295 1696 5347 p.
1712 5211 1764 5333 lbi
1776 5294 1844 5349 seqq.
2007 5306 2017 5321 ι

1919 5366 1976 5419 401
