4770 6030
226 340 289 404 963
699 367 700 370 “
802 335 1068 424 INSTI'I'UTIO
1089 339 1194 403 REI..
1219 335 1399 402 CHRIS'P.
1426 340 1656 401 1539-1554.
1724 413 1725 416 ¹
2169 338 2237 400 964

1289 501 1291 505 ,
1432 480 1434 487 v
1868 447 2239 519 A30831341230412.

227 533 438 609 assequutum
472 532 529 591 cst.
586 524 660 589 Iam
694 545 771 589 vero
805 533 881 590 ante
915 524 1117 608 disputatum
1146 532 1204 604 est,
1257 524 1379 589 tionem
1401 523 1510 589 carnis
1526 531 1666 602 nostrae,
1690 545 1773 608 quae
1791 546 1811 589 a
1827 436 1988 608 biptismo
2009 525 2045 589 in
2069 524 2162 588 nobis
2182 525 2240 588 in·

227 619 398 696 peceatum
419 610 577 694 originale
600 630 670 675 esse
692 617 830 675 natiuae
857 619 988 676 nostrae
1010 612 1207 693 pravitatem
1257 609 1408 688 choatur,
1429 630 1528 692 quam
1545 609 1687 692 quotidie
1704 612 1945 693 prosequimur;
1970 610 2156 693 perficietur
2177 631 2240 675 au·

229 719 267 764 ao
296 697 552 779 corruptionem,
581 717 664 779 quae
690 695 835 778 pritnum
857 718 929 762 roos
957 698 1036 763 facit
1057 718 1116 761 nos
1138 698 1206 762 irae
1258 703 1333 773 tem,
1357 716 1458 778 quum
1475 717 1516 759 ex
1538 695 1601 761 hab
1623 697 1692 760 vita
1712 697 1926 780 migrabimus
1948 696 1990 760 ad
2011 695 2203 760 Dominum.

226 784 308 861 Dei,
336 791 408 846 tum
429 783 528 847 etiam
555 802 654 864 opera
672 782 707 846 in
729 783 823 847 nobis
849 783 973 864 profert
1000 802 1083 865 quae
1105 784 1206 865 scrip-
1348 785 1395 846 12.
1448 781 1472 865 ¹)
1484 781 1548 846 Hie
1568 781 1651 845 uitii
1671 783 1762 846 aliud
1783 783 1926 860 dicimus,
1948 802 2043 862 quam
2065 781 2146 861 quod
2164 801 2240 863 apo·

227 875 303 932 tura
324 877 420 933 vocat
441 888 540 950 opera
561 867 677 932 carnis.
722 867 815 933 Haec
837 868 946 950 itaque
969 867 1033 932 duo
1055 868 1207 933 distincte
1260 866 1359 931 stolus
1388 865 1512 932 Paulus
1539 867 1667 947 septimo
1693 869 1735 933 aei
1758 864 1917 932 Raiaauos
1943 869 2041 949 capite
2062 866 2240 932 clarum

229 953 445 1019 observanda:
474 974 591 1035 nempe
617 953 704 1036 quod
732 955 778 1018 sie
797 955 956 1029 ¹omnibus
984 960 1121 1018 naturae
1147 975 1207 1018 no-
1260 952 1392 1034 apuu.
1444 952 1616 1033 Postquam
1643 955 1725 1017 errim
1751 955 1788 1018 de
1813 955 1952 1037 pratuita
1978 953 2102 1017 iustitia
2128 953 2240 1035 dispu-

230 1045 318 1104 strae
349 1038 496 1121 partibus
530 1040 638 1104 vitiati
674 1041 899 1122 perversique,
938 1041 1005 1103 iam
1037 1039 1078 1103 ob
1107 1040 1208 1105 talem
1260 1041 1387 1115 iuverat,
1409 1039 1486 1118 quia
1507 1037 1650 1103 nonaulli
1671 1040 1764 1120 impii
1786 1039 1858 1103 iude
1878 1039 2050 1119 inferebant
2070 1039 2239 1104 uveam

229 1123 393 1189 duntaxat
419 1126 660 1207 corruptionem
688 1125 835 1190 damnati
861 1126 978 1189 merita
1006 1126 1208 1207 convictique
1260 1143 1325 1188 esse
1346 1145 1408 1204 pro
1434 1122 1576 1200 libidine,
1610 1125 1687 1204 quia
1714 1145 1775 1189 uari
1801 1145 1937 1190 asemas
1963 1144 2090 1206 operum
2116 1124 2240 1189 mauis

230 1231 340 1276 coram
371 1211 446 1275 Deo
477 1216 643 1291 tenemur,
671 1211 723 1276 cui
751 1210 835 1275 nihil
864 1219 915 1275 est
941 1216 1111 1292 acceptum
1143 1211 1209 1276 nisi
1261 1209 1381 1290 auepti
1396 1208 1479 1288 Dea,
1501 1209 1662 1292 suhiuupit
1683 1230 1733 1275 eos
1754 1231 1872 1290 omues,
1894 1211 1951 1291 qui
1971 1210 2095 1274 iustitia
2118 1208 2239 1276 musa

230 1296 369 1376 iustitia,
403 1296 604 1374 innocentia,
637 1298 772 1379 puritas.
823 1298 933 1378 Atque
962 1295 1041 1361 adeo
1068 1296 1209 1361 infantes
1260 1295 1448 1373 inducatur,
1476 1294 1572 1358 simu
1592 1296 1709 1375 spiritu
1736 1297 1925 1380 regenerari,
1955 1301 1983 1359 et
2002 1295 2100 1359 buius
2120 1315 2239 1379 regene-

231 1383 593 1549 {sttuite-ut
620 1402 751 1531 ssu
766 1381 1062 1549 {Daritis}
1084 1382 1209 1533 etth
1260 1381 1477 1546 {idisti
1503 1379 2239 1550 uffuttrtbsluutulu

229 1552 377 1632 nondum
402 1552 613 1635 protulerint,
643 1552 767 1617 habent
793 1559 904 1617 tamen
933 1554 969 1616 in
991 1573 1025 1616 se
1046 1553 1209 1618 inclusum
1260 1550 1413 1616 cumbris.
1461 1551 1533 1616 lam
1559 1553 1636 1633 quia
1661 1559 1788 1617 uwaat
1812 1574 1932 1635 seraper
1957 1552 2080 1633 aliqmd
2104 1573 2169 1618 asse
2188 1555 2239 1617 iu·

232 1657 352 1704 semen.
403 1639 475 1702 Ima
503 1645 571 1702 tcta
597 1659 711 1702 eorum
732 1645 852 1703 natura
873 1636 1035 1721 quoddam
1063 1644 1114 1703 est
1133 1660 1209 1721 pec-
1259 1636 1421 1718 firmitatis
1436 1638 1471 1701 ia
1490 1637 1642 1718 fidelibus,
1658 1659 1697 1702 ue
1712 1643 1877 1720 propterea
1896 1637 2241 1718 atramentarii

232 1725 297 1790 cati
325 1745 452 1801 semen;
479 1723 551 1788 ideo
580 1745 649 1787 non
680 1723 790 1789 odiosa
823 1734 857 1788 et
885 1723 1111 1789 abominabilis
1137 1726 1209 1789 Deo
1261 1723 1512 1787 resolutionem:
1540 1725 1621 1803 quod
1646 1743 1709 1789 aaa
1734 1726 1797 1788 siat
1822 1725 1881 1788 sub
1903 1724 1972 1807 iepe.
2019 1725 2103 1805 Quia
2121 1726 2239 1789 iterum

233 1831 303 1876 esse
330 1830 396 1873 non
423 1815 538 1892 potest.
588 1809 685 1874 Hanc
712 1808 956 1874 damnationem
982 1808 1147 1874 sublatam
1177 1818 1210 1874 et
1261 1809 1362 1872 rideri
1378 1813 1513 1890 poterat,
1542 1809 1721 1874 insolescere
1741 1830 1836 1890 posse
1859 1809 2070 1888 Christianos,
2096 1830 2128 1874 eo
2154 1810 2239 1891 prod

232 1917 252 1959 a
285 1917 320 1960 se
353 1895 523 1978 depulsam
559 1915 630 1959 esse
663 1897 744 1960 certi
775 1916 834 1977 per
866 1896 1065 1976 baptismum
1096 1894 1209 1960 fideles
1260 1914 1322 1958 aaa
1342 1895 1405 1958 siut
1425 1894 1482 1958 sub
1504 1896 1577 1977 iupa
1599 1894 1684 1977 lepis,
1706 1899 1818 1960 tractat
1839 1896 1947 1976 quotis
1967 1897 2010 1960 sit
2031 1896 2239 1979 illaabropa-

231 1983 323 2046 fiunt.
369 1979 511 2060 Quando
534 1979 588 2064 (ut
609 1979 732 2045 dioturn
752 1981 829 2063 fuit)
846 1981 1010 2045 Dominus
1031 1979 1094 2045 hoa
1115 1982 1209 2065 signo
1261 1980 1317 2057 tic,
1351 1985 1378 2043 et
1399 1980 1496 2044 simut
1521 1981 1594 2060 quis
1620 1982 1662 2045 sit
1688 1981 1763 2064 lepis
1790 2002 1883 2060 usus,
1911 2002 2006 2062 quam
2033 1983 2240 2062 quaestinem

232 2067 325 2132 nobis
347 2066 518 2149 pollicetur
535 2066 666 2147 plenam
683 2065 883 2148 solidamque
901 2066 1125 2130 remissionem
1143 2068 1209 2131 fae·
1260 2065 1327 2128 iam
1354 2067 1484 2130 seeundo
1510 2066 1682 2130 distulerat.
1729 2065 1860 2130 Samara
1880 2073 1938 2146 est,
1966 2087 2021 2131 aas
2043 2087 2107 2132 esse
2128 2067 2240 2133 libera·

232 2160 301 2215 tam
321 2174 406 2230 esse,
435 2159 468 2216 et
488 2151 602 2233 eulpae
624 2172 708 2233 quae
728 2151 919 2234 imputanda
946 2150 1041 2216 nobis
1063 2160 1148 2231 erat,
1177 2159 1210 2215 et
1260 2154 1307 2214 tos
1327 2170 1349 2213 a
1368 2151 1470 2234 ripere
1491 2151 1576 2234 tegis,
1599 2156 1635 2215 ut
1652 2150 1774 2217 Olrristo
1796 2152 2020 2218 misecamus.
2053 2154 2148 2237 Legis
2168 2173 2239 2218 aero

232 2258 356 2321 poenae
383 2258 466 2319 qnae
493 2236 534 2300 ob
560 2237 690 2319 culpam
716 2236 845 2302 luenda.
895 2237 1060 2302 Iustitiam
1082 2257 1209 2319 quoque
1260 2234 1398 2315 officium
1429 2257 1508 2315 esse,
1541 2241 1577 2300 ut
1596 2237 1770 2318 maauaie
1795 2242 1917 2303 noerae
1949 2240 2076 2304 muniar?
2101 2244 2240 2304 nostum

234 2323 493 2406 apprehendunt,
515 2320 573 2387 sed
596 2323 725 2404 qualem
747 2324 781 2387 in
804 2323 867 2388 hac
890 2324 960 2387 rita
981 2321 1128 2387 obtinere
1151 2343 1224 2404 po-.
1261 2322 1473 2402 iatpotcuiam
1507 2327 1535 2386 et
1567 2324 1729 2387 miseram
1761 2323 1967 2405 oeufitmmur.
2007 2324 2135 2404 -Porro,
2162 2326 2239 2407 quia

233 2409 330 2492 pulus
366 2409 431 2473 Dei
462 2414 581 2492 potest:
622 2430 740 2491 nempe
779 2409 994 2492 imputatione
1033 2408 1209 2488 duntaxat;
1256 2407 1403 2504 promtus
1430 2407 1488 2472 illa
1514 2413 1647 2477 saurae
1672 2429 1734 2473 uera
1759 2415 1824 2474 tam
1852 2410 1944 2490 facile
1971 2412 2163 2492 apparetis
2188 2409 2240 2476 hc

106 2548 110 2555 .
231 2495 309 2577 quia
335 2515 394 2577 pro
420 2494 515 2559 iustis
541 2501 574 2558 et
602 2495 829 2560 innocentibus
852 2516 922 2574 eos,
946 2515 1009 2574 sua,
1027 2494 1210 2559 misericor·
1261 2513 1345 2557 meuc
1367 2494 1516 2575 profana,
1546 2496 1603 2575 qui
1624 2495 1693 2560 siue
1713 2496 1821 2559 timore
1842 2495 1906 2559 Dei
1927 2496 2149 2577 cupiditatibus
2168 2497 2240 2562 aa

233 2579 295 2658 dia,
317 2581 480 2645 Dominus
502 2578 610 2644 hebet.
1261 2578 1412 2662 indulget,
1440 2580 1613 2661 exemptum
1639 2581 1675 2643 iu
1701 2581 1821 2646 tramine
1854 2586 2028 2664 regenerato
2048 2584 2150 2664 parit,
2181 2582 2239 2648 hcc

320 2671 368 2746 ll.
412 2665 551 2744 Deinde,
564 2667 590 2748 ¹)
613 2665 701 2748 quod
721 2665 804 2732 haec
820 2666 1018 2747 perversitas
1040 2686 1210 2747 nunquam
1261 2669 1319 2742 est,
1346 2665 1381 2728 iu
1407 2685 1440 2729 se
1464 2665 1542 2746 ipso.
1586 2665 1675 2729 Dicit
1703 2668 1802 2749 ipitw
1823 2673 2008 2749 perpetuam
2033 2667 2094 2732 sibi
2121 2669 2238 2732 luctam

231 2752 266 2815 in
288 2752 381 2817 nobis
402 2758 523 2830 cessat,
547 2751 604 2815 sed
625 2773 727 2816 novos
749 2750 878 2816 assiduo
900 2751 1025 2816 tructus
1048 2752 1147 2834 parit,
1171 2772 1211 2816 ea
1261 2769 1326 2814 esse
1346 2770 1417 2815 eum
1437 2750 1581 2832 reliquiis
1607 2752 1715 2816 sarria
1734 2772 1825 2831 arae,
1853 2773 1944 2834 seque
1964 2755 2099 2818 uadum
2119 2755 2238 2817 misera

231 2837 366 2916 scilieet,
395 2858 478 2920 quae
501 2844 576 2902 ante
599 2835 843 2920 descripsimus,
871 2857 972 2920 opera
993 2838 1116 2916 carnis;
1143 2859 1210 2901 non
1260 2837 1405 2901 seruitute
1425 2837 1563 2915 detirmi
1588 2838 1754 2918 qrrcmim
1772 2857 1806 2902 se
1826 2842 1921 2902 toturn
1937 2839 2063 2905 diciuae
2081 2839 2155 2921 lepis
2171 2839 2237 2904 che

231 2943 324 2989 secus
357 2930 455 3005 atque
485 2923 618 2988 incensa
649 2924 767 2988 fornax
794 2925 963 2988 flammam
989 2929 1022 2987 et
1049 2923 1208 2988 suintillae
1261 2923 1396 2987 duuiae
1422 2926 1578 2987 earsemt
1632 2922 1744 3003 Itaque
1764 2915 1840 2988 cum'
1857 2925 1975 3008 pauiu
2000 2925 2117 3008 eapitur
2138 2923 2238 2989 erola

229 3016 387 3093 perpetuo
410 3010 515 3087 efflat,
544 3017 601 3072 aut
621 3009 784 3093 seahmgo
811 3029 931 3092 aquam
953 3009 1024 3074 sine
1045 3010 1111 3073 fine
1134 3029 1209 3092 ege-
1260 3027 1365 3072 mare:
1393 3008 1505 3090 tutelis
1519 3008 1605 3092 epo!
1637 3010 1710 3090 quis
1735 3030 1784 3073 me
1808 3010 1948 3075 liberabat
1973 3011 2011 3075 de
2036 3030 2158 3092 capae
2183 3009 2240 3076 boc

230 3096 282 3159 rit.
328 3095 416 3159 Nam
438 3095 699 3178 concupiscentia
726 3117 897 3179 nunquam
923 3094 1022 3177 plane
1043 3096 1080 3159 in
1101 3093 1209 3158 homi-
1260 3094 1354 3159 morti
1373 3094 1524 3160 obrosio?
1570 3095 1658 3176 Quart
1688 3096 1718 3159 si
1743 3095 1807 3176 filii
1833 3095 1898 3160 Dei
1923 3098 2038 3178 captiui
2063 3097 2099 3160 ia
2120 3115 2240 3161 earcere

224 3178 327 3247 'nibus
353 3180 469 3245 interit
495 3190 530 3245 et
558 3180 794 3264 exstinguitur,
824 3181 926 3247 donec
948 3202 1008 3263 per
1029 3187 1209 3245 morteme
1260 3180 1433 3245 camur
1454 3181 1607 3261 quaudiu
1628 3182 1745 3260 cinara,
1766 3202 1948 3266 magnopere
1969 3183 2083 3248 auxios
2103 3202 2169 3247 esse
2188 3202 2240 3247 ue·

231 3276 366 3348 corpore
387 3267 502 3332 mortis
522 3265 652 3331 liberati
672 3267 861 3350 semetipsos
890 3287 1024 3350 prorsus
1046 3267 1207 3331 exuerint.
1260 3285 1341 3331 cesse
1368 3270 1412 3330 est
1430 3266 1568 3347 nauali
1594 3268 1647 3332 sui
1667 3268 1860 3350 capitatione,
1886 3269 1952 3332 uisi
1973 3269 2045 3333 huie
2065 3269 2171 3332 timori
2191 3268 2241 3332 ab

230 3352 423 3436 Baptismus
446 3351 579 3436 quidem
604 3353 767 3435 promittit
794 3353 889 3418 nobis
911 3353 1118 3417 submersum
1138 3372 1209 3417 esse
1261 3352 1347 3416 ciam
1378 3356 1476 3416 eatam
1520 3350 1641 3416 Atreu
1666 3374 1737 3437 erpo
1764 3355 1800 3417 ia
1826 3353 1907 3418 haue
1934 3374 2028 3419 usum
2060 3353 2240 3420 usuale

231 3446 383 3505 nostrum
415 3439 642 3518 Pharaonem,
682 3444 716 3503 et
752 3440 877 3522 peceati
910 3437 1207 3518 mortificationem
1261 3457 1345 3502 uem:
1373 3437 1453 3501 aaa
1479 3457 1544 3503 esse
1568 3438 1782 3505 manationis
1801 3439 1939 3520 anplius
1958 3440 2009 3504 bis
2030 3441 2087 3521 qui
2109 3444 2184 3504 suat
2204 3439 2241 3503 iu

231 3547 299 3590 non
320 3533 433 3591 tamen
455 3526 501 3589 ita
522 3531 560 3589 ut
582 3524 722 3606 amplius
743 3546 810 3589 non
832 3526 890 3605 sit,
916 3530 974 3589 aut
995 3524 1088 3589 nobis
1110 3544 1209 3607 nego·
1263 3521 1386 3588 Christo
1413 3522 1496 3588 Iesu.
1559 3524 1622 3590 Ubi
1650 3526 1745 3604 daea,
1775 3544 1840 3604 eos,
1870 3545 1947 3607 quos
1967 3526 2059 3591 seruet
2078 3524 2241 3590 Dominus

230 3611 317 3676 tium
345 3631 413 3676 non
441 3611 594 3689 facessat,
625 3609 683 3675 sed
711 3616 844 3674 tantum
867 3633 910 3676 ne
937 3616 1078 3693 superet.
1122 3609 1210 3674 Nam
1260 3610 1371 3692 recepit
1396 3609 1432 3673 iu
1456 3610 1608 3694 pratum,
1637 3611 1673 3674 ia
1697 3609 1815 3675 aaut
1841 3613 1895 3674 sui
1923 3611 2165 3676 ammuuiouem
2191 3612 2240 3675 iu·

232 3697 388 3780 quamdiu
414 3698 451 3760 in
479 3697 541 3761 hoc
568 3717 697 3762 carcere
724 3698 867 3779 eorporis
895 3698 1000 3761 nostri
1029 3696 1131 3761 clausi
1153 3695 1209 3759 de-
1260 3697 1367 3774 seruit,
1389 3696 1425 3759 ia
1445 3696 1587 3760 uacuae
1606 3697 1776 3762 soaaatem
1794 3717 1852 3778 per
1873 3697 2061 3778 baptismum
2080 3696 2239 3778 eaapwut,

232 3803 360 3866 gemus,
389 3780 584 3846 habitabunt
610 3783 646 3845 in
678 3783 773 3848 nobis
800 3783 959 3864 reliquiae
985 3781 1123 3865 peccati;
1152 3780 1209 3845 sed
1261 3782 1337 3845 dum
1356 3783 1391 3845 ira
1415 3779 1533 3845 Christi
1550 3782 1613 3862 fide
1628 3787 1841 3863 pascuam,
1863 3784 1987 3847 amasi
2009 3806 2030 3848 a
2045 3787 2172 3864 peccato
2190 3781 2240 3847 ab·

233 3868 262 3932 si
293 3868 543 3948 promissionem
574 3869 609 3931 in
636 3868 797 3951 baptismo
825 3869 919 3934 nobis
949 3889 969 3931 a
997 3868 1070 3933 Deo
1098 3865 1210 3930 datam
1261 3868 1437 3946 adeantur,
1471 3873 1562 3949 atque
1594 3868 1670 3933 adeo
1695 3873 1857 3949 peccatura
1888 3870 1924 3932 ia
1951 3890 1984 3933 se
2010 3869 2239 3950 circumferant,

233 3952 297 4018 fide
330 3960 495 4031 tenemus,
527 3974 594 4018 non
627 3952 882 4019 dominabuntur
922 3975 982 4018 nec
1015 3951 1208 4037 regnabunt.
1261 3957 1352 4016 reatu
1383 3959 1485 4018 tamea
1517 3953 1770 4019 adamantinae
1797 3974 1862 4018 esse
1889 3954 2049 4020 absolutm.
2094 3954 2181 4019 Haec
2208 3954 2241 4018 si

232 4038 338 4103 Nemo
360 4045 472 4103 autem
495 4060 529 4103 se
550 4038 653 4118 fallat,
675 4061 772 4105 nemo
794 4041 856 4105 sibi
876 4041 914 4104 in
935 4061 994 4105 suo
1011 4040 1098 4104 malo
1116 4037 1209 4102 blan·
1261 4038 1393 4119 supter
1420 4043 1464 4103 est
1491 4059 1527 4103 ae
1551 4040 1689 4122 amariae
1720 4039 1820 4105 Pauli
1851 4041 2073 4121 interpretatio,
2106 4061 2168 4104 rrou
2194 4043 2241 4105 est

233 4124 356 4203 diatur,
385 4145 486 4207 quum
514 4124 606 4188 audit
625 4133 796 4208 peceatum
823 4147 952 4208 semper
977 4127 1012 4190 in
1034 4124 1127 4189 nobis
1149 4124 1210 4188 ha·
1261 4125 1343 4206 quod
1362 4126 1546 4190 inusitatius
1567 4124 1690 4205 dauid
1712 4126 1831 4190 badae
1852 4127 2023 4205 curamur.

232 4208 346 4275 bitare.
397 4210 472 4274 Non
493 4211 530 4274 in
551 4210 613 4276 hoc
635 4211 789 4277 dicuntm
810 4213 889 4291 ista,
919 4221 959 4275 ut.
979 4211 1119 4293 peccatis
1141 4210 1209 4274 suis
1351 4215 1399 4274 13.
1444 4210 1647 4276 Confessioni
1675 4219 1785 4277 autem
1815 4219 1946 4278 nostrae
1973 4213 2059 4295 apud
2087 4214 2239 4279 homines

233 4317 346 4362 secure
377 4296 580 4361 indormiant
609 4305 809 4379 peecatores;
843 4297 901 4362 sed
933 4306 1065 4361 tanturn
1092 4318 1134 4359 ne
1161 4294 1209 4358 la
1261 4297 1308 4362 sic
1330 4298 1440 4362 servit.
1474 4295 1644 4380 Siquidem
1664 4306 1743 4363 nota
1764 4306 1815 4362 est
1835 4319 1899 4381 qua
1917 4299 2026 4381 palam
2047 4301 2241 4382 profitemur

233 4380 383 4460 bascant,
412 4389 446 4447 et
468 4383 615 4464 animum
642 4382 880 4465 despondeant,
909 4383 964 4466 qui
988 4405 1008 4446 a
1029 4403 1128 4448 earne
1150 4401 1211 4445 sua
1261 4404 1320 4448 nos
1347 4384 1466 4465 populo
1491 4384 1556 4448 Dei
1583 4385 1749 4450 accenseri
1775 4383 1873 4463 velle;
1902 4405 1967 4467 qua
1993 4392 2152 4450 testamur
2178 4405 2240 4450 nos

233 4468 421 4546 titillantur,
452 4468 684 4552 exercentur2)
713 4478 747 4533 et
767 4476 970 4551 punguntur.
1015 4467 1125 4549 Magis
1157 4487 1209 4530 oo·
1260 4469 1297 4532 in
1316 4470 1413 4533 unius
1424 4469 1489 4533 Dei
1509 4469 1641 4547 cultum,
1666 4472 1701 4534 in
1723 4490 1825 4534 unam
1842 4470 1903 4534 reli
1929 4472 2123 4536 'onemeum
2140 4469 2240 4535 chri-

236 4555 341 4638 gitent
368 4575 402 4619 se
431 4555 465 4618 in
492 4555 547 4620 via
575 4552 683 4618 adhuc
705 4575 791 4632 esse;
819 4562 852 4617 et
880 4555 1024 4618 multum
1046 4574 1080 4618 se
1102 4551 1210 4635 profe·
1261 4555 1376 4619 stianis
1404 4555 1554 4620 omnibus
1581 4557 1765 4621 consentire
1772 4579 1779 4634 ;
1808 4577 1873 4638 qua
1921 4558 2038 4639 enique
2058 4556 2159 4620 fidem
2179 4577 2240 4621 no-

235 4639 317 4705 cisse
346 4639 496 4719 credant,
527 4659 669 4722 quume
696 4660 756 4703 sua
777 4640 1039 4720 concupiscentia
1061 4637 1209 4719 aliquan·
1261 4647 1365 4705 stram
1393 4641 1522 4723 publice
1552 4643 1762 4707 affirmamus.
1813 4642 1861 4708 Ut
1886 4664 1953 4706 non
1982 4641 2077 4707 modo
2105 4641 2238 4707 laudem

234 4725 342 4789 tulum
362 4727 467 4789 minui
489 4727 524 4788 in
547 4722 1210 4806 diessenserint3doneceopertige1int
1261 4726 1327 4790 Dei
1357 4728 1481 4808 spirent
1513 4727 1611 4792 corda
1643 4735 1770 4806 nostra,
1806 4727 1863 4792 sed
1896 4728 2027 4812 linguae
2059 4729 2173 4807 etiam,
2205 4736 2241 4793 et

235 4831 301 4892 quo
323 4810 476 4875 tendunt:
507 4831 625 4893 nempe
652 4811 693 4874 ad
721 4804 876 4874 ultimum
903 4810 1075 4873 interitum
1102 4810 1210 4874 carnis
1261 4815 1371 4877 omnia
1393 4814 1535 4895 corporis
1556 4814 1712 4893 membra,
1734 4814 1851 4896 quibus
1872 4821 2009 4896 possunt
2030 4815 2241 4898 significatio-

235 4916 322 4974 suae,
345 4898 400 4978 qui
422 4897 456 4958 in
479 4895 576 4960 huius
594 4897 681 4961 vitae
697 4895 845 4962 mortalis
862 4896 998 4960 interitu
1014 4896 1208 4978 perficietur.
1262 4898 1358 4962 nibus
1379 4906 1563 4980 personent.
1608 4900 1662 4965 Ite
1683 4901 1785 4978 enim,
1808 4907 1846 4962 ut
1866 4899 1970 4977 decet,
1994 4907 2107 4965 nostra
2128 4900 2241 4964 omnia

235 4977 292 5045 Sia
319 5001 398 5064 ergo
425 4980 613 5046 habendum
645 4988 707 5047 est:
740 4983 944 5064 baptizamur
975 4983 1010 5045 in
1035 4982 1210 5048 mortifica·
1261 4985 1297 5048 in
1318 4985 1508 5068 obsequium
1530 4986 1652 5069 gloriae
1669 4987 1733 5050 Dei
1756 4986 1975 5064 conferuntur,
1999 5007 2062 5068 qua
2079 4985 2163 5049 nihil
2180 5006 2240 5051 ra-

236 5155 381 5162 -—·—.—.....
417 5154 439 5161 ..-
1264 5159 1304 5165 -..
1331 5159 1467 5164 ,--......-

305 5253 333 5319 l)
352 5255 477 5305 Alterum
496 5266 536 5306 ost
555 5253 624 5307 1543
641 5271 709 5324 seqq.
756 5254 788 5325 2)
804 5263 965 5309 exercentur
980 5259 1062 5311 omitt.
1076 5254 1143 5309 1553
1156 5270 1208 5326 seq.
1331 5257 1359 5324 1)
1383 5257 1462 5311 Haec
1476 5258 1673 5326 paragraphus
1691 5259 1718 5310 in
1737 5259 1778 5311 ed.
1797 5276 1820 5310 a.
1841 5255 1909 5310 154³
1926 5258 2056 5311 inseritur
2073 5267 2136 5329 post
2153 5260 2177 5326 ξ.
2196 5258 2239 5312 le.
