4770 6030
192 329 274 390 1049
298 424 313 513 ]
668 322 782 405 (oar.
805 293 927 408 xiva
954 324 1018 388 nn
1040 320 1312 388 romanam
1334 269 1712 388 ruroonnsntsrros.¹
2111 291 2192 387 10'50

190 437 216 491 A
229 439 297 492 367.

191 525 241 578 est
269 513 348 595 quin
375 532 450 576 cum
473 510 607 576 eeclesia
628 514 750 594 optime
771 512 962 578 consensuri
983 532 1110 590 sumus,
1139 511 1167 575 si
1192 511 1196 655 Ι
1219 510 1431 594 plenitudinis
1454 508 1579 576 Christi
1601 509 1702 593 (Eph.
1727 515 1761 587 4,
1792 509 1855 591 13).
1876 508 1900 591 ¹)
1944 509 2070 581 Verum
2092 531 2196 593 quum
2252 531 2256 537 ·

191 619 251 663 nos
272 599 417 664 Domino
439 618 498 679 per
519 598 628 662 omnia
650 598 835 663 obedientes
856 605 1068 679 praestemus.
1219 596 1381 678 primitias
1399 605 1433 660 et
1449 595 1624 678 quemdam
1642 595 1804 659 duntaxat
1820 603 1953 677 gustum
1973 595 2043 660 cius
2060 597 2196 679 spiritus

284 683 309 768 ¹)
322 683 448 747 Verum
470 682 569 747 habet
590 683 724 749 eeclesia
745 683 961 765 amplissimas
983 683 1167 764 promissio·
1219 683 1401 765 percipiant
1422 683 1456 745 in
1479 681 1542 746 hae
1564 703 1661 745 earne
1682 681 1812 757 fideles,
1836 681 1935 744 etium
1956 682 2013 762 qui
2034 683 2196 747 excellen-

190 791 250 834 nes
279 769 364 851 qnod
392 790 560 850 nunquam
582 789 607 834 a
633 791 750 851 sponso
773 791 831 833 suo
851 768 984 835 Christo
1011 768 1054 831 sit
1076 766 1167 832 dese-
1220 769 1355 832 tioribus
1377 767 1442 830 illis
1460 767 1574 850 gratiis
1596 789 1674 849 prae
1697 767 1769 831 aliis
1791 765 1902 830 donati
1920 776 2006 844 sunt,
2029 767 2113 831 nihil
2131 768 2196 834 illis

190 855 307 933 renda,
336 855 416 937 quin
445 855 516 918 eius
538 854 656 937 spiritu
679 855 817 918 ducatur
836 855 870 917 in
893 875 1024 917 omnem
1045 855 1167 916 verita-
1220 854 1328 935 potius
1355 861 1457 917 restat
1477 874 1577 934 quam
1597 852 1827 918 imbecillitatis
1855 875 1933 916 suae
1960 855 2104 918 conscios
2126 875 2196 920 sese

190 950 269 1006 tem.
324 940 492 1023 Principio
523 961 732 1023 quascunque
764 940 994 1021 promissiones
1026 938 1167 1021 allegare
1218 941 1307 1003 intra
1328 940 1410 1003 fines
1428 939 1519 1003 verbi
1537 939 1601 1003 Dei
1625 938 1759 1003 sollicite
1781 938 1955 1014 continere,
1979 960 2030 1015 ne,
2052 939 2081 1003 si
2098 960 2211 1007 sensu.

191 1027 315 1104 solent,
360 1047 427 1089 non
459 1026 569 1089 minus
601 1026 739 1109 singulis
771 1024 922 1090 fidelibus
960 1023 1055 1087 datae
1088 1031 1167 1088 sunt
1219 1047 1278 1088 suo
1310 1025 1438 1108 longius
1472 1035 1669 1107 evagentur,
1702 1046 1722 1087 a
1755 1032 1844 1088 reeta
1874 1025 1929 1087 via
1955 1026 2104 1107 protinus
2139 1025 2196 1091 ab·
2294 1086 2298 1090 ,

191 1133 291 1196 qnam
311 1112 371 1210 toti
393 1111 539 1175 fidelium
563 1112 691 1195 populo.
725 1110 821 1209 ⁸Nam
843 1110 973 1208 tametsi
997 1108 1167 1174 duodecim
1192 1150 1194 1225 1
1220 1120 1339 1207 errent.
1362 1111 1421 1206 'Et
1443 1131 1521 1174 sane
1542 1111 1677 1208 minime
1700 1130 1834 1208 quoquc·
1850 1108 1986 1174 dubium
2008 1131 2079 1175 esse
2102 1109 2197 1209 debet

191 1197 347 1281 apostolis
368 1196 563 1279 loquebatur
580 1219 683 1279 quum
701 1195 830 1261 dicebat
847 1196 1012 1260 Dominus
1030 1194 1164 1278 (Matth.
1219 1218 1313 1278 qurn,
1343 1217 1371 1260 s1
1395 1217 1414 1259 a
1443 1194 1541 1259 verbo
1562 1196 1625 1259 Der
1655 1194 1707 1260 vel
1735 1195 1920 1276 pauxillum
1942 1194 2131 1275 deflectant,
2159 1219 2196 1261 1n

98 1360 100 1367 Ι
192 1288 242 1363 28,
263 1282 333 1367 20):
363 1304 436 1348 ecce
460 1304 519 1365 ego
540 1283 707 1348 vobiscum
732 1303 806 1345 sum
829 1303 932 1364 usque
954 1280 995 1344 ad
1017 1300 1166 1345 consum·
1218 1281 1331 1345 multis
1359 1279 1424 1345 labi
1446 1283 1627 1364 contingat,
1657 1290 1819 1364 quatenus
1846 1281 1969 1346 scilicet
1995 1283 2111 1364 spiritu
2139 1282 2195 1347 illo

190 1370 369 1434 mationem
395 1368 529 1442 saeculi3
557 1368 637 1431 item
659 1368 762 1453 (Ioan.
786 1373 840 1444 14,
862 1366 929 1450 16);
958 1387 1018 1450 ego
1044 1367 1166 1450 rogabo
1219 1364 1326 1432 adhuc
1358 1367 1453 1432 vacui
1482 1380 1559 1430 sunt
1590 1388 1654 1449 quo
1685 1367 1753 1431 solo
1787 1364 1923 1432 docente
1951 1368 2108 1450 mysteria
2131 1367 2196 1433 Dei

191 1463 318 1538 patrem
347 1462 380 1517 et
406 1453 507 1517 alium
537 1454 771 1518 consolatorem
799 1452 891 1517 dabit
919 1451 1011 1517 vobis
1037 1463 1075 1515 ut
1095 1473 1166 1517 ma-
1217 1453 1466 1534 perspiciuntur.
1520 1455 1548 1536 2)
1560 1453 1647 1516 Nam
1681 1452 1768 1534 quod
1794 1452 1921 1517 Paulus
1952 1454 2065 1519 scribit
2094 1453 2196 1536 (Dph.

190 1548 266 1604 neat
283 1538 452 1603 vobiscum
472 1540 508 1602 in
527 1550 706 1615 aeternum,
728 1538 881 1620 spiritum
904 1538 1051 1602 veritatis
1069 1559 1166 1619 quem
1219 1543 1247 1618 5,
1267 1538 1333 1622 26),
1356 1537 1526 1603 Christum
1548 1538 1722 1602 mundasse
1744 1538 1913 1604 ecclesiam
1935 1538 2064 1604 lavacro
2084 1560 2195 1621 aquae,

190 1624 333 1689 mundus
361 1646 427 1687 non
450 1632 557 1706 potest
584 1625 743 1714 accipere,
778 1624 856 1705 quia
883 1645 950 1688 non
972 1622 1063 1687 videt
1090 1644 1166 1687 eum
1218 1626 1251 1688 in
1279 1624 1378 1689 verbo
1405 1624 1507 1701 vitae,
1549 1634 1587 1687 ut
1615 1624 1785 1688 exhiberet
1816 1625 1880 1690 sibi
1906 1624 2096 1707 gloriosam,
2130 1647 2196 1691 non

189 1731 250 1775 nec
272 1710 334 1774 soit
352 1731 436 1787 eum,
458 1722 650 1778 vosautem
672 1709 866 1794 cognoscitis
887 1730 962 1773 eum
985 1709 1062 1790 quia
1079 1706 1166 1790 apud
1218 1710 1393 1774 habentem
1426 1710 1588 1775 maculam
1615 1720 1673 1775 aut
1699 1731 1816 1794 rugam
1846 1719 1904 1774 aut
1932 1710 2054 1793 aliquid
2082 1712 2196 1776 huius·

190 1817 248 1861 vos
267 1808 381 1859 manet
402 1797 488 1859 etin
505 1797 598 1861 vobis
616 1797 692 1860 erit:
717 1817 782 1859 non
801 1803 911 1859 tamen
929 1814 1065 1858 numero
1084 1793 1165 1857 duo·
1217 1793 1320 1868 modi,
1342 1794 1398 1858 sed
1420 1802 1458 1858 nt
1476 1797 1519 1860 sit
1541 1809 1653 1861 sancta
1675 1805 1708 1860 et
1730 1796 1953 1873 immaculata,
1976 1799 2082 1880 magis
2104 1797 2197 1863 docet

191 1880 325 1946 denario
358 1880 393 1945 id
425 1882 647 1963 promittebat,
681 1882 738 1946 sed
770 1880 836 1944 illis
867 1880 1004 1963 singulis
1032 1888 1065 1943 et
1094 1879 1166 1945 aliis
1217 1880 1295 1962 quid
1317 1879 1466 1962 quotidie,
1487 1882 1521 1945 in
1550 1883 1619 1946 suis
1640 1890 1793 1964 operetur
1815 1880 1968 1947 Christus
1996 1903 2094 1965 quam
2118 1883 2197 1965 qnid

191 1968 290 2030 etiam
309 1966 487 2050 discipulis,
510 1966 563 2031 vel
583 1988 663 2050 qnos
680 1967 745 2030 iarn
763 1975 992 2048 assumpserat,
1015 1965 1069 2030 vel
1086 1987 1166 2047 quos
1217 1967 1283 2030 iam
1304 1965 1483 2047 perfecerit.
1529 1967 1615 2030 Nam
1643 1969 1670 2030 si
1698 1989 1752 2032 eos
1774 1969 1809 2032 in
1833 1968 1902 2033 dics
1924 1970 2114 2046 sanctificat,
2138 1991 2195 2033 ex·

191 2061 303 2134 postea
329 2063 400 2117 erat
426 2061 655 2135 assumpturus
682 2054 717 2116 in
740 2074 836 2116 suum
859 2073 1007 2134 regnum.
1054 2049 1166 2131 Quum
1217 2062 1347 2134 purgat,
1371 2051 1503 2133 expolit,
1526 2051 1663 2117 maculis
1686 2054 1853 2138 abstergit,
1877 2064 1965 2119 certe
1987 2055 2094 2119 adhuc
2117 2077 2194 2119 nae-

191 2146 303 2202 autem
320 2137 509 2202 huiusmodi
526 2140 757 2222 promissiones
778 2138 918 2202 eximiae
935 2135 1165 2202 consolationis
1217 2137 1269 2202 vis
1292 2158 1329 2202 ac
1351 2159 1389 2200 ru
1416 2137 1442 2202 's
1464 2137 1658 2220 quibusdam
1676 2159 1823 2221 aspersos
1841 2161 1921 2216 esse,
1945 2161 2057 2204 eorum
2075 2135 2195 2205 san‘cti·
2231 2207 2232 2210 ,

190 2223 305 2306 plenas
332 2225 378 2288 sio
404 2225 666 2307 interpretantur
696 2223 790 2307 quasi
813 2223 938 2289 nemini
961 2221 1165 2287 Christiano-
1217 2224 1360 2288 ficationi
1416 2244 1505 2288 cesse
1537 2223 1689 2287 nonnihil
1722 2233 1857 2288 constat.
1902 2225 2085 2290 Ecclesiam
2118 2247 2195 2291 vero

191 2330 267 2372 rum
289 2309 384 2380 datae
406 2310 481 2389 sint,
510 2309 567 2375 sed
588 2310 759 2375 universae
781 2308 878 2373 simul
901 2307 1062 2387 ecclcsiae,
1087 2307 1166 2390 quid
1217 2317 1365 2373 sanctam
1382 2316 1415 2372 et
1431 2308 1674 2373 immaculatam
1692 2310 1758 2373 iam
1776 2331 1918 2388 censore,
1937 2313 2031 2376 euius
2049 2313 2196 2377 membra

191 2395 281 2459 aliud
308 2416 408 2477 qnam
428 2393 628 2460 Christianis
655 2395 806 2459 omnibus
828 2394 1081 2460 consolationem
1103 2393 1166 2458 tol-
1217 2394 1328 2459 omnia
1344 2394 1509 2460 maculosa
1527 2404 1560 2458 et
1577 2394 1725 2458 nonnihil
1744 2396 1874 2477 impura
1887 2397 1961 2472 sint,
1981 2418 2078 2479 quarn
2097 2399 2195 2462 inane

190 2480 266 2544 lunt
292 2501 374 2563 quae
401 2479 477 2545 inde
505 2479 547 2546 ad
577 2483 665 2564 ipsos
694 2479 800 2545 redire
828 2479 1005 2544 debuerat?
1051 2480 1165 2562 Neque
1219 2501 1256 2545 ae
1277 2479 1460 2545 fabulosum
1482 2479 1552 2544 est?
1586 2480 1712 2544 Verum
1734 2488 1785 2545 est
1805 2481 1914 2562 itaque
1933 2481 2020 2564 qnod
2043 2482 2196 2548 Christus

190 2565 244 2631 hie
266 2588 350 2650 nego
372 2567 452 2650 quin
473 2567 652 2644 Dominus,
680 2566 770 2631 dives
792 2567 828 2629 in
850 2587 962 2630 omnes
984 2566 1166 2630 misericor·
1218 2566 1388 2631 ecclesiam
1409 2565 1540 2631 lavacro
1562 2587 1664 2647 aquae
1685 2565 1895 2631 mundaverit
1919 2567 1953 2631 in
1976 2570 2075 2634 verbo
2098 2570 2194 2648 vitae,

191 2650 245 2716 dia
265 2661 299 2717 et
320 2652 474 2729 bonitate,
497 2653 533 2716 in
554 2653 710 2736 quosdam
734 2660 846 2715 tamen
867 2651 1079 2734 singulariter
1100 2651 1166 2714 lar·
1218 2651 1279 2716 hoo
1302 2659 1370 2731 est,
1398 2653 1587 2717 remissione
1609 2661 1816 2733 peccatorum
1842 2652 1995 2729 abluerit,
2025 2655 2117 2719 cuius
2139 2654 2195 2719 ab·
2258 2659 2261 2668 '

190 2738 265 2821 gius
292 2759 327 2802 se
354 2747 387 2801 et
412 2738 607 2821 locupletius
629 2737 792 2815 effundat,
818 2744 855 2800 ut
877 2758 1008 2802 neccsse
1030 2746 1080 2800 est
1101 2758 1165 2816 eos,
1216 2736 1353 2802 lationis
1379 2738 1563 2822 symbolum
1591 2744 1642 2802 est
1662 2738 1860 2820 baptismns;
1888 2746 1985 2821 atque
2007 2737 2041 2802 id
2063 2739 2195 2821 quidem

189 2824 246 2905 qui
267 2823 339 2888 aliis
361 2823 508 2888 doctores
530 2823 697 2888 constituti
724 2831 815 2898 sunt,
845 2823 1023 2888 maioribus
1044 2822 1165 2906 pollere
1217 2830 1256 2885 nt
1288 2844 1362 2888 eam
1396 2823 1458 2888 sibi
1488 2823 1714 2889 sanctificaret.
1759 2824 1806 2887 At
1833 2826 1902 2889 eius
1930 2825 2194 2890 sanctificationis

190 2907 299 2987 donis;
327 2930 407 2987 non,
437 2910 518 2991 quin
544 2911 616 2991 ipsa
644 2931 704 2973 sua
726 2908 825 2986 dona,
854 2919 892 2971 ut
914 2910 1006 2973 varia
1028 2919 1106 2972 sunt
1134 2916 1167 2974 et
1216 2908 1349 2972 initium
1376 2908 1430 2974 hio
1458 2908 1620 2974 duntaxat
1646 2910 1777 2988 visitur,
1806 2911 1882 2975 finis
1904 2931 1982 2975 vero
2002 2920 2035 2974 et
2056 2909 2195 2975 solidum

190 2993 395 3076 multiplicia,
419 2996 510 3060 varie
522 2994 695 3061 distribuat
702 3018 710 3073 ;
733 3015 799 3078 non
821 2992 970 3076 denique,
994 2995 1072 3077 quin
1089 2995 1166 3078 ipsa
1217 2993 1491 3076 complementum
1530 2995 1674 3060 exstabit
1705 3017 1806 3078 quum
1841 3006 1974 3061 sanetus
2008 3006 2195 3062 sanctorum

189 3078 320 3159 piorum
347 3081 499 3158 societas,
534 3081 592 3144 tali
620 3081 780 3146 donorum
808 3079 968 3144 varietate
993 3081 1164 3160 instructa,
1217 3081 1371 3145 Christus
1404 3102 1464 3145 sua
1496 3081 1669 3146 sanctitate
1702 3102 1780 3146 vere
1813 3090 1846 3145 et
1873 3080 1973 3148 solide
2000 3084 2105 3165 ipsam
2132 3082 2195 3146 im-

189 3162 286 3248 longe
313 3163 454 3230 uberiori
482 3175 514 3231 et
541 3167 690 3251 ampliori
719 3165 866 3231 coelestis
894 3167 1072 3248 sapientiae
1093 3167 1165 3230 the·
1218 3166 1327 3249 plebit.
2214 3223 2218 3231 .

190 3271 287 3314 sauro
308 3250 457 3333 praedita
478 3255 534 3331 sit,
558 3274 656 3336 quam
678 3273 824 3317 seorsum
847 3251 982 3400 sinqqli:
1012 3251 1070 3316 sed
1090 3252 1167 3335 quia
1305 3250 1334 3334 ⁸)
1347 3251 1569 3332 Quamobrem
1586 3261 1680 3317 tanta
1699 3255 1837 3318 istarum
1853 3254 2106 3338 promissionum
2126 3275 2195 3319 am·
2303 3302 2310 3319 .

189 3334 255 3401 illis
277 3334 520 3401 concedendum
541 3360 608 3403 non
630 3346 739 3404 estut
761 3338 886 3402 isthaec
942 3338 1045 3402 omini
1067 3339 1167 3403 verba
1217 3337 1376 3420 plitudine
1398 3339 1521 3403 confisa
1541 3338 1687 3403 fidelium
1714 3339 1849 3405 ecclesia
1870 3338 1968 3404 habet
1988 3338 2075 3404 unde
2096 3339 2196 3405 fidem
2304 3375 2310 3395 ι

190 3422 225 3484 in
252 3421 355 3485 alium
382 3445 528 3501 sensum,
562 3446 661 3507 quam
682 3445 747 3506 quo
773 3423 861 3488 dicta
890 3431 983 3508 sunt,
1013 3445 1166 3506 perverse
1218 3444 1311 3488 suam
1343 3422 1510 3506 praeclare
1543 3424 1714 3503 sustineat,
1748 3424 1879 3507 quando
1912 3425 1996 3490 nihil
2025 3424 2196 3490 addubitat

189 3515 372 3589 torqueant
957 3565 959 3568 ,
1218 3509 1297 3590 quin
1325 3510 1478 3591 spiritum
1507 3517 1658 3575 sanctum
1685 3531 1814 3593 semper
1836 3511 1955 3577 habeat
1977 3512 2135 3595 optimum
2158 3533 2195 3578 ac

276 3591 478 3677 Simpliciter
509 3616 587 3678 ergo
619 3595 761 3659 fatemur
793 3595 827 3658 id
859 3595 945 3676 quod
974 3616 1027 3659 res
1050 3594 1163 3659 habet:
1218 3593 1435 3658 certissimum
1465 3603 1573 3660 rectae
1600 3596 1673 3660 viae
1701 3594 1826 3661 ducem.
1871 3597 1940 3661 Neo
1960 3618 2048 3662 vana
2075 3596 2196 3663 fiducia

190 3677 371 3742 Dominum
398 3688 555 3763 perpetuo
584 3681 652 3745 suis
681 3679 793 3745 adesse
822 3687 856 3744 et
883 3701 937 3744 eos
966 3681 1083 3762 spiritu
1106 3701 1166 3745 suo
1218 3679 1346 3743 nititur:
1375 3700 1442 3743 non
1469 3681 1499 3745 is
1521 3690 1570 3746 est
1592 3681 1755 3746 Dominus
1777 3683 1834 3764 qui
1855 3683 1978 3747 frustra
2000 3703 2076 3747 suos
2098 3682 2197 3748 lactet

190 3784 317 3848 regere,
340 3765 429 3831 hunc
450 3768 602 3850 spiritum
623 3787 690 3831 non
712 3787 782 3830 esse
800 3766 929 3843 erroris,
951 3767 1165 3849 ignorantiae,
1218 3774 1252 3829 et
1278 3764 1355 3829 fidei
1379 3764 1474 3830 datae
1497 3764 1663 3849 decoquat.
1708 3768 1858 3833 Rursum
1877 3774 1970 3833 tanta
1991 3770 2196 3851 ignorantiae

190 3849 359 3929 mendacii,
383 3861 439 3916 aut
458 3853 675 3930 tenebrarum,
698 3850 756 3916 sed
773 3852 990 3931 revelationis,
1009 3851 1165 3931 veritatis,
1218 3848 1433 3934 ruditatisque
1455 3852 1652 3917 conscientia
1673 3862 1707 3917 et
1728 3854 1911 3936 cognitione
1933 3853 2059 3933 edocta,
2082 3862 2121 3918 ut
2141 3875 2195 3920 oa·

190 3936 368 4017 sapientiae
385 3959 423 4003 ac
440 3939 531 4013 lucis,
555 3961 574 4002 a
595 3959 659 4020 quo
679 3959 744 4000 non
762 3937 921 4002 fallaciter
939 3936 1066 4004 discant
1084 3957 1166 4020 quae
1219 3943 1303 4000 stam
1332 3958 1485 4019 sponsam
1514 3945 1547 4002 et
1568 3937 1710 4002 sobriam
1733 3938 1927 4023 discipulam
1949 3939 2055 4018 decet,
2085 3961 2194 4006 ama-

192 4021 253 4086 sibi
281 4022 393 4087 aDeo
416 4023 536 4088 donata
556 4026 636 4099 sint,
662 4023 723 4087 hoo
745 4031 810 4101 est,
839 4043 921 4105 quae
950 4025 992 4088 sit
1014 4045 1087 4105 spes
1108 4044 1166 4088 vo-
1219 4023 1314 4105 gistri
1341 4031 1375 4087 et
1402 4024 1513 4106 sponsi
1541 4025 1592 4088 sni
1620 4044 1676 4087 ore
1705 4023 1835 4089 assidue
1864 4047 1902 4090 ac
1930 4025 2042 4090 scdulo
2064 4024 2193 4108 pendet

192 4107 328 4171 cationis
355 4131 449 4186 suae,
480 4118 622 4192 atquae
650 4107 784 4173 divitiae
811 4108 933 4192 gloriae
956 4108 1167 4174 haereditatis
1217 4106 1292 4171 Non
1315 4130 1356 4172 cx
1377 4131 1412 4173 sc
1433 4110 1530 4193 sapit,
1561 4130 1628 4174 non
1654 4130 1696 4173 ex
1718 4132 1752 4175 se
1775 4111 1897 4194 cogitat
1918 4110 2110 4194 quidquam,
2128 4109 2195 4182 ,sed

191 4191 257 4256 Dei
283 4200 316 4255 et
337 4216 420 4276 qnae
443 4196 689 4279 supereminens
718 4193 910 4276 magnitudo
938 4193 1070 4258 virtutis
1096 4195 1166 4259 eius
1218 4192 1395 4276 sapientiae
1417 4216 1495 4259 suae
1516 4196 1694 4259 terminum
1714 4197 1829 4263 statuit
1850 4198 1906 4262 ubi
1924 4196 2077 4280 loquendi
2095 4198 2195 4262 finem

191 4277 227 4341 in
256 4297 368 4344 omnes
394 4281 563 4346 credentes
591 4280 691 4364 (Eph.
719 4278 835 4363 1,18);
860 4287 1031 4362 praeterea
1052 4280 1166 4343 Domi·
1218 4278 1273 4342 ille
1300 4277 1420 4345 fecerit
1466 4280 1574 4363 Atque
1606 4283 1654 4345 ita
1687 4282 1784 4346 simul
1811 4290 1846 4346 et
1876 4281 2028 4347 omnibns
2060 4283 2195 4348 rationis

191 4385 274 4427 num
301 4385 373 4429 eam
400 4367 436 4429 in
464 4368 599 4432 ecclesia
625 4388 685 4432 sua
712 4366 858 4448 posuisse
879 4366 1059 4447 gratiarum
1083 4364 1166 4430 divi-
1218 4385 1297 4428 suae
1326 4365 1470 4430 inventis
1497 4364 1629 4445 diffidit3
1655 4368 1691 4430 in
1718 4369 1837 4450 quibus
1865 4379 1974 4433 autem
2003 4368 2102 4432 verbo
2130 4368 2194 4433 Dei

191 4450 316 4514 sionem
345 4459 383 4514 ut
410 4474 539 4536 semper
561 4460 671 4517 essent
699 4451 755 4534 qui
782 4448 824 4512 ad
844 4451 947 4532 ipsius
970 4448 1166 4515 aedificatio-
1217 4449 1336 4514 nit-itur
1367 4449 1458 4515 nulla
1496 4449 1677 4517 diffidentia
1716 4462 1773 4518 aut
1806 4455 2018 4520 haesitatione
2052 4452 2193 4532 vacillat,

191 4555 270 4598 nem
300 4537 519 4619 singularibus
558 4539 652 4603 donis
689 4536 894 4601 excellerent.
944 4535 1048 4600 Dedit
1079 4537 1167 4600 enirn
1218 4536 1275 4600 sed
1301 4558 1423 4619 magna
1450 4536 1645 4602 certitudine
1673 4560 1710 4605 ac
1732 4541 1916 4605 constantia
1943 4542 2039 4603 firma
2060 4540 2193 4622 conqui-

192 4622 368 4704 apostolos,
391 4625 582 4708 prophetas,
605 4623 762 4700 doctores,
783 4630 939 4704 pastores,
965 4623 1022 4705 qui
1043 4643 1165 4701 omnes,
1218 4623 1305 4687 escit
1349 4624 1395 4686 Et
1417 4644 1510 4701 vero,
1533 4644 1631 4705 quem
1650 4645 1669 4688 o
1691 4625 1808 4707 spiritu
1831 4646 1888 4690 suo
1911 4646 2006 4688 usum
2028 4626 2068 4688 ab
2091 4625 2194 4691 eccle-

191 4706 328 4773 diversis
349 4710 482 4791 quidem
503 4709 692 4792 ministeriis
715 4707 772 4772 scd
796 4729 861 4770 uno
883 4709 1001 4783 annno,
1024 4708 1061 4771 in
1078 4729 1166 4773 eom·
1217 4709 1266 4771 sia
1298 4708 1420 4790 percipi
1454 4709 1534 4772 velit
1566 4709 1745 4787 Dominus,
1782 4709 2041 4774 animadvertere
2077 4731 2193 4792 operae

191 4815 326 4858 munem
347 4797 500 4862 ecelesiae
522 4795 779 4861 aedificationem
799 4793 1039 4872 incumberent,
1063 4793 1166 4859 donec
1216 4795 1358 4875 pretium
1379 4801 1437 4859 est
1482 4791 1634 4877 Spiritus,
1655 4796 1762 4878 inquit
1783 4795 1887 4879 (Ioan.
1910 4798 2035 4874 14,2o;
2059 4799 2106 4874 16,
2128 4797 2192 4880 13),

191 4898 398 4946 occurramus
426 4905 538 4948 omnes
567 4883 602 4945 in
629 4882 793 4945 unitatem
817 4877 894 4942 fidei
926 4888 960 4943 et
991 4880 1165 4962 agnitionis
1218 4950 1420 4958 „W-

190 4965 249 5027 ffill
271 4967 348 5044 Dei,
372 4991 406 5032 ¹¹¹
427 4991 537 5033 mum
559 4969 754 5052 Perfoemm’
783 4987 819 5029 m
839 4985 1027 5029 mensuram
1049 4972 1165 5076 aetius
1288 5032 1316 5100 1)
1338 5032 1465 5086 Decime
1476 5032 1668 5100 praecedentia
1685 5035 1777 5104 quoad
1794 5051 1901 5089 sermm
1909 5037 2009 5104 paucis
2025 5035 2090 5104 Gap.
2106 5034 2193 5090 V111.

193 5238 207 5304 ς
236 5168 290 5289 14¹2)
303 5169 584 5295 tffgqqqaerq'qttotidem
601 5174 691 5227 certis
707 5173 738 5227 ic
753 5185 841 5224 awos
854 5166 1062 5237 editionisdop.
1079 5167 1164 5222 V111.
1217 5099 2192 5304 {wemmanammatqe1reqmmaqqqaqen2
