4770 6030
186 359 244 418 341
775 353 874 420 OAP.
898 353 942 418 IL
987 354 1051 418 Du
1074 350 1364 420 OOGNITIONE
1387 352 1598 421 HOMINIS.
1867 444 1873 470 ἱ
2128 364 2190 426 341

184 454 499 541 1161166661]

185 567 219 610 66
237 546 307 626 1666
329 543 449 607 bonam
474 542 652 607 submittat
699 540 870 623 Quatenus
892 563 912 605 a
940 543 1046 624 gratia
1065 563 1159 623 prae-
1185 542 1187 595 1
1212 542 1246 606 id
1268 564 1332 607 uno
1359 543 1428 608 loco
1455 546 1660 626 pronuntiat;
1690 544 1768 609 dicit
1796 545 1884 608 euim
1906 545 1992 627 apud
2014 546 2190 612 Ieremiam

184 631 328 707 venitur,
362 630 397 692 16
430 649 468 692 eo
499 635 537 692 ut
568 626 794 709 pedissequam
821 627 963 710 appelles
994 628 1053 692 tibi
1085 649 1159 710 per·
1213 627 1279 713 (32,
1301 628 1366 713 39),
1396 628 1479 694 dabo
1502 631 1625 694 616661
1652 653 1756 694 unum
1781 639 1814 694 et
1835 631 1923 695 viam
1944 653 2060 711 unam,
2088 642 2126 697 ut
2148 635 2189 698 ti-

183 717 291 793 mitto3
314 713 1160 797 661166161616116616666666111661161,1166661-
1211 722 1323 779 meant
1350 737 1403 779 me
1433 717 1594 780 universis
1617 715 1738 781 diebus.
1791 716 1895 781 Paulo
1922 723 2008 798 post:
2038 719 2189 785 timorem

182 823 296 886 peram
324 800 448 864 homini
475 800 643 877 tribuitur,
671 799 756 881 quod
784 800 907 883 gratiae
936 800 1160 880 praevenienti
1211 801 1353 866 nominis
1373 803 1436 866 mei
1460 800 1543 866 dabo
1568 802 1603 866 in
1625 824 1681 867 cor
1701 824 1828 880 eorum,
1851 809 1889 865 ut
1909 824 1975 866 non
1995 803 2190 872 recedente

183 887 375 972 pedissequa
396 885 564 951 volimtete
591 886 794 966 obsequatur.
839 884 918 949 Ideo
942 906 1008 949 non
1030 894 1159 950 rectea
1211 909 1272 950 me.
1318 888 1466 952 Rursum
1494 886 1581 970 apud
1606 888 1813 954 Ezechielem
1836 887 2000 973 (11‚19):
2030 889 2112 955 dabo
2142 893 2188 956 616

183 972 417 1057 chrysostomo
440 972 597 1052 scriptum
619 980 680 1035 est:
701 971 725 1054 ¹)
758 993 817 1035 nec
845 971 988 1054 gratiam
1009 972 1079 1035 sine
1100 993 1158 1037 vo·
1211 994 1267 1038 cor
1295 995 1415 1052 unum,
1449 981 1482 1037 ot
1514 974 1665 1055 spiritum
1692 996 1813 1038 novum
1843 973 1926 1038 dabo
1954 975 1988 1038 in
2010 976 2189 1043 visceribus

183 1055 1158 1140 16616166661616616166616661611666116661666666
1212 1081 1338 1138 eorum;
1367 1081 1422 1124 cor
1447 1059 1612 1141 lapideum
1641 1061 1786 1124 auferam
1819 1059 1859 1123 de
1880 1082 1978 1125 cerne
2000 1083 2128 1139 eorum,
2156 1070 2189 1127 ot

183 1146 318 1228 operari.
364 1141 468 1223 Quasi
489 1164 567 1207 vero
589 1165 653 1207 non
681 1143 786 1224 ipsam
809 1163 934 1224 quoque
956 1142 1158 1208 voluntatem
1212 1144 1293 1209 dabo
1322 1146 1368 1209 eis
1397 1166 1451 1209 cor
1474 1167 1638 1210 carneum.
1689 1146 1764 1210 Non
1791 1153 1900 1227 posset
1922 1145 2104 1212 evidentius
2126 1149 2187 1215 sibi

182 1238 334 1314 operetur
360 1231 474 1311 gratia.
526 1229 639 1310 Neque
665 1251 744 1293 vero
776 1229 955 1311 Augustini
987 1229 1159 1294 consilium
1211 1230 1393 1310 vindicare,
1417 1231 1509 1295 nobis
1532 1230 1691 1311 adnuere,
1715 1231 1871 1314 quidquid
1894 1234 2000 1297 estin
2020 1234 2187 1299 voluntate

182 1319 257 1394 fuit,
282 1315 360 1379 dum
387 1314 612 1397 pedissequam
634 1315 758 1397 gratiae
779 1319 875 1379 vocat
900 1313 1079 1380 humanam
1100 1337 1157 1380 vo·
1210 1323 1323 1381 nostra
1352 1318 1428 1383 boni
1455 1326 1488 1380 et
1509 1318 1605 1395 recti,
1634 1339 1730 1400 quem
1755 1316 1834 1382 dum
1856 1319 2099 1384 conversionem
2129 1343 2187 1385 no-

182 1404 351 1478 luntatem,
376 1399 534 1466 secrmdas
554 1399 713 1482 quasdam
735 1423 755 1464 e
777 1401 883 1483 gratia
904 1407 1013 1483 partes
1035 1401 1083 1464 1111
1106 1424 1158 1466 as-
1211 1410 1328 1482 stram,
1351 1403 1549 1469 creationem
1570 1404 1646 1469 novi
1676 1404 1810 1485 spiritus
1832 1410 1865 1468 ct
1892 1406 1969 1468 novi
1992 1404 2097 1469 cordis
2117 1428 2188 1471 esse

183 1491 312 1572 signare
342 1488 377 1551 in
409 1487 493 1551 bono
520 1507 631 1568 operc;
660 1486 731 1565 sed,
765 1487 842 1568 quie
870 1487 931 1551 hoc
958 1486 1005 1550 illi
1027 1495 1158 1552 tantum
1210 1495 1357 1554 testatur.
1414 1487 1571 1570 Sequitur
1598 1491 1686 1554 enim
1715 1511 1858 1572 semper,
1892 1499 1925 1553 et
1951 1511 1992 1554 ex
2020 1491 2187 1557 voluntate

182 1575 382 1658 propositum
404 1580 482 1651 erat,
506 1572 653 1637 refellere
676 1574 853 1654 pessimum
875 1572 1004 1656 Pelagii
1027 1573 1155 1656 dogma,
1209 1582 1322 1640 nostra
1342 1575 1426 1640 nihil
1447 1574 1577 1656 prodire
1600 1575 1676 1640 boni
1697 1574 1800 1641 donec
1821 1576 1997 1640 reformata
2018 1577 2131 1653 fuerim
2154 1584 2187 1642 61

182 1660 268 1742 quod
288 1660 430 1740 primam
452 1657 566 1722 salutis
587 1680 721 1724 causam
742 1659 777 1722 16
799 1658 940 1722 16161616
962 1660 1078 1724 6161116
1099 1681 1157 1741 po-
1208 1668 1282 1743 post
1296 1661 1572 1738 reformationem,
1595 1668 1755 1743 quatenus
1777 1663 1863 1727 bona
1884 1668 1943 1741 est,
1968 1684 1988 1726 6
2008 1664 2080 1727 Deo
2104 1685 2183 1743 esse,

182 1747 295 1823 nebat,
323 1745 410 1827 quod
438 1744 517 1809 satis
543 1753 614 1808 eret
640 1746 802 1826 praesenti
831 1766 948 1809 causae
975 1745 1155 1810 contendit:
1208 1769 1274 1810 non
1296 1769 1316 1811 a
1337 1748 1438 1812 nobis.

182 1833 323 1915 gratia-m
352 1832 440 1894 omni
466 1830 583 1894 merito
609 1851 679 1895 esse
706 1831 849 1912 priorem
856 1854 864 1909 ;
896 1830 999 1895 altera
1024 1833 1157 1895 interim
1297 1838 1346 1897 55.
1392 1830 1449 1898 sio
1476 1841 1509 1896 et
1540 1834 1742 1915 precationes
1770 1844 1956 1899 sanctorum
1989 1835 2185 1919 compositae

181 1917 368 2001 quaestione
385 1918 514 1994 omissa,
538 1915 578 1980 de
595 1924 751 1999 perpetuo
769 1918 894 1999 gratiae
910 1917 1036 1996 effectu,
1058 1939 1157 1999 quam
1208 1919 1371 2002 leguntur.
1416 1918 1558 1983 Inclinat
1580 1940 1635 1983 eor
1656 1926 1805 1984 nostrum
1827 1919 1869 1984 ed
1889 1942 1923 1984 66
1941 1920 2112 1998 Dominus,
2135 1920 2185 1985 di·

79 2061 82 2067 .
181 2011 293 2069 166166
321 2002 397 2067 alibi
425 2003 556 2085 egregie
583 2009 710 2068 tractat.
760 2002 942 2084 Aliquoties
968 2005 1056 2067 enim
1078 2003 1157 2067 dum
1208 2006 1301 2070 cebet
1324 2003 1455 2070 Solomo
1478 2003 1510 2087 (l
1531 2004 1613 2087 Reg.
1635 2008 1664 2082 8,
1686 2007 1757 2086 58),
1781 2012 1818 2068 61
1840 2026 2007 2070 servemus
2030 2005 2186 2072 mandata

182 2090 273 2166 dicit,
302 2089 483 2153 Dominum
511 2089 701 2171 praevenire
728 2087 892 2152 nolentem
918 2090 1157 2168 6116111;16-
1208 2112 1276 2155 sua.
1331 2091 1556 2156 Pervicaciam
1588 2089 1693 2154 cordis
1721 2092 1824 2155 nostri
1852 2090 2006 2170 ostendit,
2038 2091 2123 2174 quod
2151 2093 2186 2158 in

179 2175 302 2240 lentem
325 2175 486 2255 subsequi,
508 2196 550 2238 ne
572 2175 694 2239 frustra
714 2174 807 2238 velit:
831 2176 939 2256 ipsum
956 2176 1032 2240 boni
1050 2174 1156 2257 operis
1208 2176 1290 2261 legis
1315 2177 1446 2241 divinite
1474 2175 1685 2240 rebellionem
1710 2176 1905 2241 naturaliter
1931 2177 2086 2256 exsultet,
2121 2180 2186 2245 nisi

180 2263 216 2324 in
244 2259 384 2325 solidum
417 2261 494 2325 facit
521 2269 675 2325 autorem.
736 2260 921 2340 Quanquam
948 2261 1094 2325 clariores
1119 2259 1157 2326 de
1207 2266 1367 2329 flectatur.
1422 2261 1534 2326 David
1572 2268 1696 2336 autem,
1735 2283 1836 2343 quum
1874 2263 2054 2327 Dominum
2093 2271 2188 2347 rogat

180 2347 239 2411 bac
259 2368 293 2409 ro
314 2352 387 2410 suat
407 2346 476 2410 etas
496 2348 669 2424 6661661166,
691 2367 786 2426 qaam
807 2351 841 2409 at
857 2346 979 2428 mapam
996 2368 1157 2430 arpamere
1209 2349 1312 2433 (Psal.
1332 2354 1382 2427 51,
1405 2348 1468 2431 12),
1490 2356 1528 2411 61
1549 2345 1782 2412 cormundum
1804 2349 1839 2411 in
1862 2370 1895 2412 se
1918 2357 2014 2426 61661,
2035 2351 2185 2431 spiritum

181 2435 323 2497 16116666
351 2432 529 2496 desiderant.
574 2431 745 2509 Laboraat,
768 2432 877 2512 166611,
887 2431 917 2512 2)
938 2432 1087 2512 16611666,
1110 2435 1158 2496 m-
1208 2443 1335 2500 rectum
1356 2436 1491 2499 innovet
1507 2435 1543 2497 in
1560 2433 1626 2498 suis
1644 2433 1831 2510 visceribus,
1855 2454 1963 2497 annon
1985 2456 2186 2501 661666661-

180 2520 284 2603 verme
305 2520 338 2582 m
360 2523 466 2582 eastra
486 2518 637 2582 calameta
658 2519 738 2599 quod
759 2520 968 2596 6661661611,
991 2523 1018 2581 61
1041 2541 1102 2582 aaa
1120 2541 1158 2583 ar
1180 2501 1184 2553 ¹
1210 2521 1259 2586 dis
1282 2521 1333 2586 sui
1355 2527 1465 2603 partes
1487 2520 1675 2601 impuritate
1698 2519 1834 2583 refertas
1857 2521 2011 2601 agnoscit,
2035 2527 2068 2583 et
2091 2523 2186 2602 spiri·

181 2605 265 2682 Deo,-
287 2609 315 2669 et
334 2604 480 2685 quomodo
502 2605 635 2668 16661111
649 2605 759 2684 possm
782 2605 894 2686 1616116.
939 2604 1034 2668 Libro
1055 2611 1157 2669 uatem
1208 2615 1280 2671 tum
1302 2606 1432 2688 obliqua
1452 2605 1614 2687 pravitate
1636 2604 1841 2670 contortum?
1865 2604 2059 2668 munditiem
2077 2616 2187 2672 autem

180 2696 286 2756 666116
309 2690 472 2773 Pelapmm
493 2688 714 2754 etOoelestium
733 2689 887 2772 6116163)
910 2689 964 2753 abi
982 2691 1098 2754 (1161661
1119 2691 1156 2754 il·
1208 2714 1307 2775 quam
1334 2693 1475 2776 flagitat,
1510 2692 1574 2756 Dei
1602 2697 1786 2756 creaturam
1813 2688 1972 2767 vocando,
2006 2698 2109 2753 totam
2136 2692 2184 2756 illi

180 2777 236 2841 lud
258 2774 376 2841 caesa
398 2776 502 2859 (loen.
523 2782 551 2853 6,
571 2776 628 2859 45)
651 2778 882 2857 iuterpretatur,
904 2778 1004 2840 ornam
1025 2779 1079 2857 qai
1101 2798 1157 2841 aa·
1209 2786 1376 2860 acceptam
1406 2776 1527 2843 refert?
1578 2777 1666 2841 Mira
1698 2798 1776 2841 sane
1798 2784 1832 2840 et
1857 2782 2044 2857 portentosa
2072 2798 2185 2858 super·

180 2863 275 2927 dierat
297 2866 425 2943 epatre
445 2883 510 2925 meo
531 2863 611 2925 venit
633 2863 675 2927 ad
696 2884 752 2940 me,
775 2862 948 2941 arbitrium,
972 2863 1088 2942 166611,
1110 2864 1156 2927 em
1207 2866 1280 2931 biae
1302 2870 1432 2929 nostrae
1461 2862 1568 2928 libido.
1613 2862 1707 2926 Nihil
1732 2862 1878 2926 severius
1898 2861 2061 2925 Dominus
2083 2863 2187 2946 exigit

181 2948 360 3025 6111666161,
382 2953 417 3010 at
437 2968 498 3010 coe
519 2948 617 3012 solam
640 2949 716 3028 qaid
733 2948 911 3028 facimdam
931 2949 973 3012 611
993 2950 1080 3026 aaut,
1103 2950 1157 3013 sed
1208 2972 1307 3034 quam
1326 2958 1364 3015 ut
1387 2949 1629 3033 religiosissime
1650 2969 1746 3013 suum
1773 2947 1944 3012 sabbatum
1965 2948 2184 3028 observemus,

180 3034 265 3116 qaod
288 3035 410 3099 66166111
430 3035 523 3097 etiam
542 3035 648 3114 faciat.
692 3034 795 3114 Atque
816 3035 861 3098 116
882 3055 977 3115 quam
998 3034 1157 3099 Dammae
1209 3035 1402 3119 quiescendo
1424 3035 1547 3101 scilicet
1568 3034 1608 3100 ab
1630 3034 1782 3116 oporibus
1803 3034 1937 3112 nostris;
1961 3034 2089 3099 anobis
2106 3055 2186 3099 vero

180 3121 278 3197 docet,
300 3140 361 3183 666
377 3119 534 3202 perlegis
555 3121 690 3199 literam,
710 3121 765 3184 sed
779 3142 840 3201 per
861 3122 992 3202 66161166
1011 3122 1157 3203 qratiam
1208 3123 1293 3187 nihil
1314 3122 1420 3204 magis
1442 3141 1539 3203 aegre
1559 3121 1755 3202 impetratur
1776 3140 1875 3201 quam
1892 3127 1937 3197 ut
1960 3120 2110 3202 operibus
2127 3141 2186 3184 no·

180 3207 228 3270 ita
245 3206 335 3282 docet,
357 3210 392 3268 at
408 3205 488 3285 qaod
506 3207 636 3286 quisque
652 3207 803 3284 emiserit,
825 3227 886 3270 aaa
903 3211 1022 3270 tautam
1039 3227 1158 3291 capnos-
1210 3210 1287 3274 stris
1308 3207 1418 3272 valere
1439 3206 1545 3284 iussis,
1566 3206 1633 3270 Dei
1653 3205 1805 3288 operibus
1826 3206 1949 3270 iustum
1971 3205 2077 3270 locum
2091 3206 2185 3271 aeda·

180 3290 405 3369 66166666,
427 3292 481 3355 aad
502 3293 594 3355 ctiam
616 3293 738 3357 colendo
760 3297 883 3373 6666161
903 3294 1159 3376 6661666666-
1210 3317 1292 3359 mus.
1343 3293 1416 3357 Nisi
1444 3293 1587 3357 obstaret
1613 3290 1778 3369 vecordia,
1809 3291 1888 3356 satis
1914 3291 2117 3356 luculentum
2139 3299 2187 3356 te-

179 3378 273 3459 ficiat
1155 3448 1158 3458 ,
1211 3380 1400 3446 stimonium
1422 3377 1564 3442 reddidit
1584 3378 1698 3460 gratiis
1719 3378 1787 3442 6616
1805 3375 1966 3455 Ohristus,
1985 3398 2026 3440 ne
2043 3376 2188 3460 maligne

270 3468 320 3528 54.
364 3464 411 3527 Et
432 3465 584 3545 quoniam
607 3465 641 3528 in
662 3466 836 3547 praecipuo
853 3465 989 3531 cardine
1002 3466 1069 3530 iam
1085 3487 1159 3530 ver·
1211 3467 1501 3549 supprimerentur.
1546 3464 1619 3546 Ego
1640 3485 1722 3541 sum,
1745 3464 1851 3545 inquit
1872 3461 1977 3546 (Ioan.
2000 3465 2047 3538 15,
2072 3459 2114 3545 1),
2137 3462 2187 3527 vi·

182 3571 308 3627 samur,
332 3548 473 3632 agedum
494 3571 657 3615 summam
679 3552 727 3615 rei
753 3553 865 3633 paucis
887 3573 925 3617 66
947 3552 1159 3634 apertissimis
1211 3555 1268 3631 tis,
1298 3572 1356 3616 vos
1382 3550 1548 3633 palmites;
1581 3556 1674 3632 pater
1705 3570 1799 3613 meus
1831 3548 1973 3631 agricola
2006 3555 2068 3612 est:
2104 3548 2188 3614 sicut

183 3643 312 3699 tantum
341 3636 521 3717 scripturae
547 3637 739 3702 testimoniis
765 3639 936 3719 probatam
966 3637 1159 3719 complecta-
1211 3638 1336 3722 palmes
1357 3658 1424 3701 non
1446 3642 1552 3718 potest
1566 3633 1813 3700 'fructumferre
1831 3654 1850 3696 a
1868 3654 1902 3697 se
1919 3634 1997 3715 ipso,
2011 3633 2076 3698 nisi
2092 3654 2187 3697 man·

183 3742 271 3800 mur;
299 3730 371 3785 tum
400 3721 517 3785 deinde
546 3721 602 3805 (nc
629 3724 702 3804 quis
730 3744 788 3788 nos
815 3723 960 3788 detortae
988 3744 1159 3805 perperam
1212 3725 1291 3789 serit
1318 3724 1353 3786 in
1382 3723 1462 3800 vite,
1497 3723 1543 3786 sic
1571 3743 1631 3786 nec
1658 3741 1730 3797 vos,
1757 3718 1820 3783 nisi
1847 3719 1882 3782 in
1910 3740 1964 3784 me
1986 3720 2172 3784 manseritis
2179 3743 2188 3800 ;

183 3808 364 3889 scripturae
386 3805 567 3892 insimulet)
590 3807 797 3873 ostendamus
818 3831 922 3891 neque
940 3810 1037 3874 huius
1055 3809 1160 3874 sanati
1211 3811 1287 3892 quia
1319 3808 1390 3874 sine
1421 3827 1475 3871 me
1502 3806 1585 3870 nihil
1612 3807 1746 3889 potestis
1772 3806 1887 3869 facere.
1934 3802 1972 3870 Si
1999 3826 2065 3869 non
2093 3805 2189 3871 aliter

183 3893 247 3956 viri
258 3894 442 3957 testimonio
455 3892 595 3970 destitui,
609 3915 707 3975 quam
724 3918 766 3958 ex
782 3896 942 3977 scriptura
954 3895 1159 3978 desumptam
1183 3891 1187 3989 1
1210 3918 1269 3978 per
1288 3916 1348 3960 nos
1368 3893 1602 3958 fructfficamus
1624 3912 1723 3974 quam
1745 3890 1895 3955 revulsus
1917 3912 1937 3954 a
1958 3891 2202 3973 terrapalmes

183 3980 359 4044 asserimus
376 3981 557 4043 veritatem.
585 3979 672 4043 Nam
689 4002 793 4062 neque
809 3981 962 4063 expedire
980 4003 1094 4046 censeo
1111 3988 1158 4058 ut,
1211 3991 1245 4047 et
1266 3982 1403 4045 humore
1420 3979 1569 4062 privatus
1587 3978 1759 4062 germinat
1781 3997 1847 4040 non
1865 3984 1916 4049 est
1933 3976 2072 4058 amplius
2087 3999 2188 4059 quee-

183 4085 266 4147 quae
288 4066 325 4127 in
341 4066 521 4129 sententiae
538 4072 668 4129 nostrae
687 4068 965 4132 confirmationem
983 4066 1101 4133 adduci
1117 4089 1160 4131 ex
1211 4067 1350 4132 rendum
1367 4086 1450 4148 quae
1470 4065 1513 4129 sit
1529 4071 1668 4129 6616166
1685 4069 1815 4128 6661166
1833 4061 1875 4126 ad
1891 4063 2014 4127 bouum
2032 4062 2189 4144 aptitudo.

184 4151 354 4233 scripturis
375 4157 520 4232 possunt,
543 4151 656 4215 ordine
678 4152 807 4234 singula
823 4160 1068 4232 recenseantur;
1090 4173 1159 4219 mo-
1211 4154 1281 4219 Nec
1302 4152 1456 4234 ambigua
1474 4159 1527 4216 est
1546 4151 1611 4215 1616
1632 4149 1807 4214 conclusio:
1839 4148 1983 4213 61116166
2011 4148 2095 4212 nihil
2117 4155 2189 4230 661

185 4236 226 4300 do
249 4258 291 4300 ex
313 4236 548 4310 semotissimis,
570 4259 653 4319 quae
676 4224 894 4320 proferentur:
918 4240 972 4304 via
993 4246 1160 4304 sternatur
1212 4240 1290 4305 estis
1316 4238 1432 4303 facere.
1482 4237 1557 4301 Non
1585 4235 1664 4302 dicit
1688 4255 1748 4300 nos
1776 4255 1847 4299 esse
1874 4235 2069 4299 infirmiores
2091 4254 2189 4315 quam

184 4322 227 4387 ad
248 4321 373 4405 reliqua
394 4323 505 4386 omnia
526 4344 609 4405 quae
638 4323 777 4405 sparsim
798 4325 954 4408 leguntur
975 4325 1160 4409 intelligen·
1212 4327 1268 4409 qui
1290 4324 1382 4389 nobis
1404 4323 1618 4401 sufficiamus;
1641 4320 1700 4386 sed
1718 4342 1778 4386 nos
1795 4320 1837 4385 ad
1855 4320 1996 4384 nihilum
2013 4317 2189 4401 redigendo

185 4407 244 4486 da;
264 4429 369 4491 neque
389 4430 522 4473 rursum
543 4409 769 4491 intempestive
791 4411 914 4475 factum
931 4411 981 4490 iri,
1004 4411 1161 4493 61661616
1213 4431 1344 4478 omnem
1365 4408 1419 4474 vel
1441 4409 1580 4492 exiguae
1600 4407 1810 4473 facultatulae
1829 4407 2014 4489 opinionem
2035 4402 2187 4469 excludit

185 4495 293 4558 fecero
319 4494 401 4558 mihi
429 4517 505 4560 cum
532 4516 570 4559 eo
592 4495 662 4559 viro
688 4516 754 4558 666
783 4496 868 4561 male
890 4497 1079 4575 convenire,
1108 4498 1161 4562 cui
1215 4496 1310 4563 siin
1332 4494 1464 4560 Christo
1492 4494 1582 4559 insiti
1603 4494 1837 4569 fructificamus
1858 4494 1963 4569 instar
1983 4491 2074 4568 vitis,
2104 4510 2188 4571 quae

185 4579 366 4663 plurimum
393 4581 575 4644 autoritatis
601 4581 718 4644 merite
745 4579 850 4646 defert
876 4584 1005 4665 piorum
1026 4603 1162 4648 consen-
1214 4591 1285 4648 turn
1315 4604 1335 4648 a
1361 4588 1468 4646 terrae
1494 4580 1646 4659 humore,
1674 4587 1745 4644 tum
1767 4601 1787 4643 a
1808 4600 1882 4643 rore
1904 4577 2048 4653 coelesti,
2077 4583 2148 4638 tum
2170 4595 2191 4640 6

186 4687 251 4730 666.
296 4666 387 4750 Ergo
407 4667 585 4744 Dominus,
614 4667 670 4731 ubi
691 4667 726 4730 in
748 4668 858 4749 populi
880 4669 931 4733 661
953 4669 1163 4734 conversione
1215 4669 1292 4734 solis
1318 4668 1462 4732 fomento
1489 4666 1705 4751 vegetationis
1727 4665 1817 4730 ducit
1839 4660 2133 4759 energiam,·nihil
2154 4661 2190 4726 in

186 4750 251 4815 duo
283 4750 364 4817 haec
390 4752 496 4834 ponit,
526 4761 564 4816 ut
590 4773 645 4817 cor
671 4752 718 4816 illi
748 4752 912 4835 lapideum
934 4754 1074 4833 auferat,
1108 4753 1163 4818 det
1214 4755 1298 4820 bono
1320 4775 1416 4836 opere
1437 4759 1561 4818 restare
1583 4752 1675 4817 nobis
1693 4750 1796 4828 video,
1820 4750 1848 4813 61
1864 4748 2006 4812 Domino
2028 4746 2191 4812 illibatum

187 4858 356 4916 cerneum,
387 4844 498 4920 aperte
525 4845 665 4903 testamr
693 4845 842 4920 oportere
870 4838 991 4903 aboleri
1013 4838 1099 4922 quod
1121 4861 1163 4904 ex
1215 4860 1384 4906 servamus
1411 4839 1497 4921 quod
1525 4860 1621 4904 suum
1650 4845 1707 4901 eat
1758 4834 1869 4914 Quare
1898 4832 2061 4915 apostolus
2088 4839 2191 4897 totam

187 4922 280 4988 nobis
306 4930 370 5002 est,
399 4944 463 5005 quo
485 4922 527 4988 ad
555 4924 713 4988 iustitiam
730 4926 977 5005 'convertemur;
1007 4923 1164 5009 quidquid
1215 4925 1264 4989 illi
1285 4945 1448 4989 summam
1470 4923 1683 4989 transscribit.
1715 4922 1808 4986 Deus
1829 4926 1887 4994 est,
1910 4917 2016 5001 inquit
2037 4917 2190 5016 (Phil-2,

189 5015 298 5073 autem
324 5010 360 5074 in
380 5010 450 5075 eius
477 5009 584 5076 locum
606 5009 707 5089 subit,
736 5032 813 5076 ase
834 5012 904 5094 ipso
926 5033 1005 5077 6666.
1050 5011 1164 5093 Neque
1219 5012 1282 5095 13),
1299 5009 1356 5092 qui
1371 5009 1408 5074 in
1424 5010 1516 5075 vobis
1533 5015 1686 5091 operatur
1703 5013 1737 5071 et
1753 5004 1881 5071 velleet
1897 5004 2074 5087 perficere·
2094 5004 2193 5070 Prior

192 5148 332 5156 ---
342 5151 394 5157 „.
771 5091 774 5101 ’
1216 5118 1292 5179 6616
1314 5096 1420 5177 666116
1443 5096 1520 5160 boni
1542 5102 1592 5159 est
1611 5093 1776 5170 voluntas;
1800 5090 1911 5169 altera,
1936 5090 2064 5155 validus
2081 5092 2116 5154 in
2133 5112 2191 5155 ex-

259 5212 288 5280 1)
306 5214 436 5266 Sermone
455 5215 571 5282 quodam
589 5215 624 5267 de
642 5217 797 5270 inventione
812 5217 1027 5269 sanctaecrueis.
1062 5214 1163 5283 amit.
1217 5180 1380 5281 sequqnd⁰
1401 5188 1549 5280 (30Ῑῖ1ῗῦΒῖ
1580 5180 1748 5280 ulfius‘lue
1770 5185 1864 5275 3111,οΓ
1886 5183 1936 5242 681
1956 5178 2056 5242 Deus·
2100 5176 2192 5276 11Ἧο

190 5278 610 5351 666666666661616
662 5282 694 5350 3)
711 5285 752 5338 De
769 5286 858 5354 gratia
875 5285 1017 5339 (1116116
1037 5282 1077 5339 rt
1215 5269 1359 5333 Domino
1381 5287 1584 5349 summimus,
1607 5288 1636 5332 61
1654 5263 1733 5348 qiud
1753 5262 1847 5328 nobis
1868 5284 2059 5416 61ωὲ6166
2078 5270 2135 5327 661
2156 5284 2193 5326 m
