4770 6030
194 340 254 402 129
873 337 973 406 OAP.
995 338 1056 415 LV.
1099 338 1164 403 DE
1187 335 1527 404 SAORAifflNrIS.
2143 346 2204 410 130

191 526 238 591 ita
257 524 387 609 loquar)
416 525 645 610 indignitatem
671 527 862 608 offeramus,
889 534 928 594 ut
954 550 1014 594 sua
1042 527 1169 614 miseri·
1221 525 1375 591 ecclesiae
1408 534 1588 593 conventus
1620 529 1715 594 fieret
1747 529 1816 594 sine
1844 530 1957 607 verbo,
1991 530 2201 613 orationihus,

190 611 301 678 cordia
327 633 386 676 666
409 633 444 676 se
465 611 581 696 dignos
601 612 714 694 faeiat;
742 615 772 680 si
794 616 920 680 animos
940 616 976 679 16
997 615 1090 679 nobis
1113 612 1168 678 16-
1221 612 1467 694 participatione
1485 634 1613 693 coenae,
1637 622 1671 679 61
1687 615 1909 700 eleemosynis.
1942 615 2042 682 Hunc
2064 624 2097 681 61
2114 618 2202 701 6661

189 696 423 780 spondeamus,
444 707 483 762 ut
503 720 563 764 uos
585 700 712 782 inipso
734 701 952 780 consolemur;
975 701 1004 766 si
1024 720 1084 764 nos
1106 698 1168 763 hu·
1222 697 1409 762 Corinthios
1430 699 1530 764 11666
1551 700 1740 765 institutum
1761 699 1917 780 ordinem,
1940 702 2217 770 6611666Ρ6616“

189 784 361 861 miliemus,
381 791 417 848 ut
438 784 569 866 abipso
591 786 770 868 erigamur;
789 788 893 852 61666
915 807 1113 863 accusemus,
1132 791 1170 849 ut
1221 784 1380 848 coniicere
1400 785 1484 849 lieet
1529 785 1576 849 Et
1597 808 1676 851 sane
1702 787 1784 852 haec
1806 786 2018 864 consuetudo,
2046 810 2129 872 quae
2151 813 2203 861 sa-

189 871 320 952 abipso
341 871 562 936 iustificemur.
602 872 788 951 Praeterea,
814 870 855 958 [6.
870 870 946 958 259]
971 870 1167 948 6161666,
1221 868 1288 933 mel
1309 871 1482 951 quotannis
1510 873 1750 938 communicare
1777 872 1882 949 iubet,
1911 875 2129 948 certissimum
2153 883 2205 943 est

189 977 288 1039 quam
309 956 345 1019 16
367 977 427 1021 sua
448 977 550 1021 coena
570 956 663 1022 uobis
684 957 905 1036 commendat,
928 958 1089 1022 unitatem
1111 955 1169 1022 61-
1223 954 1343 1023 diaboli
1360 956 1539 1035 inventum,
1561 959 1782 1042 cuiuscunque
1803 956 1938 1023 taudem
1954 960 2134 1026 ministerio
2151 963 2203 1027 in-

190 1042 351 1126 spiremus
373 1049 415 1120 et,
438 1041 712 1125 quemadmodum
733 1065 792 1108 nos
818 1065 930 1108 omnes
951 1065 1056 1107 unum
1076 1043 1112 1107 16
1134 1064 1168 1108 66
1222 1049 1317 1105 vecta
1333 1041 1440 1106 16611.
1485 1044 1590 1107 Aiunt
1609 1044 1837 1128 zephyrinum
1864 1045 1934 1109 eius
1961 1044 2083 1111 deonoti
2103 1047 2204 1113 fuisse

80 1203 84 1209 ,
188 1129 259 1227 ipse
275 1149 347 1192 esse
362 1127 448 1207 facit,
466 1130 513 1192 ita
529 1150 630 1193 unam
648 1131 795 1193 omnium
807 1130 959 1207 animam,
979 1149 1035 1194 cor
1055 1150 1168 1208 unum,
1223 1133 1385 1207 autorem;
1407 1128 1492 1210 quod
1513 1129 1580 1193 tale
1599 1130 1699 1195 fuisse
1715 1129 1798 1194 mihi
1815 1152 1881 1195 666
1898 1131 2086 1213 persuadeo,
2109 1134 2205 1215 quale

188 1212 337 1298 linguam
358 1236 460 1279 unam
477 1215 570 1280 nobis
585 1216 735 1280 omnibus
752 1224 909 1298 optemus.
938 1215 1032 1280 Haeo
1050 1215 1169 1298 siper·
1223 1234 1311 1278 nunc
1332 1213 1500 1279 habemus.
1545 1215 1607 1279 Ille
1628 1216 1730 1294 enim,
1760 1237 1818 1280 suo
1840 1216 2004 1296 instituto,
2031 1239 2098 1282 non
2120 1219 2203 1285 forte

189 1321 293 1382 pensa
317 1307 351 1364 et
376 1299 534 1365 meditata
558 1300 784 1380 habuerimus,
814 1322 984 1384 nunquam
1011 1322 1071 1365 nos
1092 1301 1169 1365 illae
1222 1300 1363 1380 pessime
1385 1299 1539 1365 ecclesiae
1561 1301 1758 1380 consulebat,
1781 1309 1823 1366 ut
1839 1310 1911 1367 tum
1928 1311 2023 1367 erant
2044 1311 2200 1386 tempora

188 1387 399 1469 cogitationes
430 1387 680 1468 perturbabunt:
721 1386 789 1452 Nos
827 1387 987 1452 bonorum
1024 1387 1170 1452 omnium
1223 1383 1362 1449 Minime
1377 1386 1465 1449 enim
1481 1385 1618 1451 dubium
1638 1392 1696 1466 est,
1719 1388 1799 1471 quin
1815 1394 1887 1452 tum
1903 1409 1996 1454 sacra
2011 1409 2113 1454 coena
2127 1412 2203 1473 pre·

189 1471 285 1556 egeni
316 1479 349 1536 et
374 1471 470 1549 nudi,
503 1493 563 1537 nos
589 1479 796 1555 peccatorum
823 1472 971 1539 sordibus
998 1473 1168 1555 inquinati,
1222 1480 1398 1552 poneretur
1418 1470 1584 1550 fidelibus,
1618 1473 1743 1555 quoties
1764 1474 1801 1538 in
1828 1482 1955 1539 coetum
1977 1477 2200 1556 convenirent,

190 1577 250 1624 nos
267 1558 478 1635 semimortui,
496 1558 655 1641 quomedo
676 1579 793 1642 corpus
809 1559 944 1624 Domini
962 1559 1170 1643 11666666-
1222 1557 1301 1638 quin
1333 1557 1419 1622 bona
1447 1578 1560 1622 eorum
1598 1579 1674 1641 pars
1702 1561 1963 1638 communicaret
2026 1558 2095 1626 Sed
2126 1584 2202 1628 cum

192 1643 408 1709 duceremus?
452 1644 561 1728 Magis
590 1645 817 1728 cogitabimus,
845 1666 905 1709 nos
932 1665 1092 1727 pauperes
1112 1666 1169 1709 ve-
1221 1642 1280 1705 vix
1301 1663 1447 1725 unquam
1468 1645 1629 1720 eveniret,
1658 1651 1696 1709 ut
1716 1666 1829 1711 omnes
1857 1646 1954 1711 simul
1983 1650 2203 1715 communica-

191 1731 262 1794 nire
290 1728 333 1794 ad
352 1731 538 1814 ‚benignum
564 1729 767 1814 largitorem,
796 1752 911 1815 aegros
933 1729 976 1794 ad
996 1729 1168 1808 medicum,
1222 1734 1305 1805 rent,
1324 1737 1411 1793 66661
1427 1750 1506 1793 vero
1522 1751 1664 1809 6666666,
1688 1751 1751 1809 666,
1771 1732 1825 1814 qui
1843 1732 1998 1813 permixti
2015 1740 2110 1799 erant
2126 1756 2202 1818 pre·

190 1822 376 1898 peccatores
398 1816 440 1880 ad
461 1815 671 1896 salvatorem
701 1815 895 1900 dignitatem
915 1815 1023 1895 illam,
1044 1838 1127 1898 quae
1149 1838 1170 1881 6
1221 1813 1307 1877 fanis
1339 1821 1373 1877 et
1398 1814 1592 1894 idololatris,
1626 1823 1761 1881 externo
1794 1816 1912 1900 aliquo*
1929 1818 2076 1902 symbolo
2102 1820 2203 1886 fidem

189 1902 263 1968 Deo
283 1901 474 1981 mandatur,
496 1902 561 1967 fide
581 1903 754 1986 praecipue
775 1910 1039 1985 constare,'quae
1060 1902 1171 1967 omnia
1222 1920 1316 1963 6666
1336 1901 1467 1978 asan,
1496 1901 1583 1966 diem
1603 1901 1713 1979 illum,
1742 1902 1865 1968 ordinis
1886 1910 1919 1967 61
1940 1904 2071 1986 politiae
2093 1927 2201 1984 66666,
2266 1922 2267 1927 ’

189 1987 225 2052 16
247 1988 335 2065 Deo,
357 1988 441 2051 nihil
461 1989 496 2052 in
518 1989 612 2054 nobis
633 1990 774 2071 reponit,
797 1987 915 2053 deinde
937 1990 1080 2054 caritate.
1124 1988 1171 2052 Et
1221 1985 1274 2050 vir
1294 1992 1426 2050 sanctus
1439 1994 1607 2066 statuerat,
1629 2009 1693 2071 quo
1715 1995 1803 2053 totus
1820 1987 2084 2055 Christianorum
2100 2013 2203 2075 popu·

189 2095 264 2139 ⁰⁰³¹
289 2073 421 2155 quidem
448 2075 554 2174 ippum
582 2075 687 2159 magis
712 2075 785 2140 Deo
810 2075 1035 2157 imperfectam
1061 2073 1169 2137 offeri·
1220 2070 1273 2135 lus
1293 2069 1371 2135 fidei
1392 2072 1635 2152 confessionem,
1658 2075 1904 2156 participatione
1921 2095 2040 2141 coenae
2057 2076 2202 2157 Domini,
2324 2098 2326 2105 ·

188 2181 277 2238 mus,
300 2167 337 2223 ut
357 2160 463 2243 ipsam
484 2183 520 2224 6
540 2160 658 2225 melius
679 2169 811 2244 augeat,
834 2182 934 2244 quam
954 2167 1167 2243 praestamus.
1222 2156 1340 2221 ederet
1381 2156 1558 2223 (laetarum
1576 2159 1680 2223 nihilo
1701 2167 1874 2243 propterea
1894 2162 2001 2227 rarius
2023 2165 2203 2228 communi·

189 2245 267 2324 Alii,
285 2245 453 2311 nobiscum
471 2246 585 2324 inhoo
596 2247 843 2325 consentientes,
860 2245 1054 2330 dignitatem
1063 2246 1170 2327 ipsam
1221 2264 1296 2308 care
1318 2242 1517 2330 desinebant
1563 2242 1703 2324 Quando
1725 2267 1792 2310 666
1818 2248 1866 2311 116
1885 2247 1990 2312 multo
2011 2256 2087 2313 ante
2107 2250 2202 2314 insti·

188 2332 225 2396 in
242 2331 306 2395 fide
325 2339 359 2395 et
379 2333 513 2397 caritate
527 2332 667 2414 positam
689 2353 778 2409 esse;
800 2332 835 2396 in
853 2332 948 2397 modo
965 2339 1077 2396 tamen
1098 2333 1168 2414 1666
1220 2335 1330 2393 16166
1351 2330 1392 2394 61
1413 2329 1572 2394 Anacleto
1594 2329 1716 2408 fuerat,
1744 2340 1783 2395 ut
1803 2352 1916 2398 omnes
1937 2332 2080 2416 quotidie
2103 2333 2202 2400 (1161-

190 2416 358 2501 dignitatis
379 2417 475 2501 longe
502 2419 709 2483 aberrarunt:
731 2417 809 2483 fidei
835 2418 1066 2501 perfectionem
1099 2417 1168 2481 exi-
1221 2415 1319 2479 stiani
1342 2416 1627 2480 communicarent.
1660 2413 1700 2502 [p.
1714 2414 1791 2503 262]
1815 2417 1942 2482 Verum
1962 2420 2100 2501 probum
2122 2419 2203 2485 alio-

189 2508 318 2586 gentes,
351 2505 403 2568 oui
416 2544 419 2552 -
434 2504 518 2568 nihil
550 2505 682 2568 omnino
705 2504 858 2571 accedere
880 2504 996 2585 pessit,
1032 2510 1065 2567 et
1085 2504 1168 2568 cari·
1221 2501 1276 2583 qui
1304 2500 1484 2585 Zephyrini
1511 2501 1698 2566 institutum
1735 2503 1822 2567 male
1854 2503 1990 2568 detorsit
2019 2506 2201 2586 posteritas,

188 2595 292 2653 tatem
312 2610 426 2672 parem
448 2591 487 2668 61,
510 2611 575 2672 qua
595 2590 764 2656 nobiscum
786 2588 940 2655 Christus
961 2589 1036 2672 egit
1066 2588 1114 2653 At
1130 2609 1168 2654 eo
1221 2608 1297 2651 cum
1329 2593 1418 2651 certa
1450 2586 1504 2651 lex
1537 2585 1578 2651 de
1606 2609 1673 2652 una
1704 2589 1878 2670 quotannis
1910 2591 2202 2658 communicatione

188 2675 259 2757 1666
276 2696 389 2740 omnes
408 2677 449 2741 ab
465 2675 563 2741 huius
580 2696 699 2741 coenae
718 2682 923 2742 sacrosancto
939 2675 1079 2754 access'u,
1102 2695 1169 2739 non
1220 2672 1326 2755 666116
1347 2679 1412 2751 661;
1440 2694 1510 2755 qua,
1524 2673 1648 2738 factum
1669 2680 1734 2753 est,
1756 2681 1794 2738 ut
1814 2674 1881 2738 fere
1903 2695 2030 2754 omnes,
2053 2698 2129 2741 oum
2150 2700 2202 2743 66-

189 2761 465 2844 secusaopriores
481 2761 539 2840 illi,
557 2761 701 2844 abigunt.
731 2760 769 2827 Si
780 2763 868 2827 enim
879 2761 1040 2826 obtineret
1055 2781 1169 2825 eorum
1220 2758 1286 2823 mel
1309 2759 1640 2836 oommunieaverrmt,
1662 2761 1756 2842 quasi
1776 2761 1812 2825 in
1834 2759 1995 2842 reliquum
2018 2763 2095 2825 anni
2117 2768 2201 2828 tem·

189 2848 366 2925 sententia,
393 2869 489 2912 nemo
515 2848 580 2912 nisi
605 2846 740 2932 indigne
768 2849 941 2930 acciperet;
969 2846 1099 2930 quando
1126 2845 1169 2911 ad
1220 2865 1282 2926 pus
1314 2844 1451 2927 pulchre
1484 2844 1642 2922 defuncti,
1681 2847 1717 2910 in
1749 2853 1920 2928 utramque
1953 2867 2066 2911 aurem
2095 2850 2202 2913 securi

189 2954 294 2997 unum
316 2954 427 2998 omnes
448 2935 497 2998 rai
525 2935 727 3017 convictique
752 2955 830 2999 suae
851 2933 1104 3016 imperfectionis
1127 2929 1168 3018 [6.
1221 2928 1392 2994 16661661
1422 2930 1539 3013 Longe
1557 2930 1651 2995 aliter
1667 2932 1792 2997 166166
1808 2932 1965 3015 oportuit;
1988 2934 2014 2997 si
2101 2934 2134 3010 ',
2159 2934 2202 2998 ad

190 3015 269 3117 666]
293 3025 490 3084 tenerentur.
535 3020 582 3083 Et
608 3041 687 3086 sane
704 3021 798 3084 nimii
815 3020 973 3101 stuporis,
996 3040 1039 3083 ne
1062 3018 1169 3083 11666
1220 3017 1407 3094 6161666,
1437 3015 1694 3082 hebdomadibus
1715 3017 1925 3100 proponenda
1946 3026 2018 3084 erat
2069 3019 2201 3085 hristia-

189 3103 376 3170 stehditatis
394 3106 470 3180 fuit,
499 3117 582 3170 eam*
599 3106 830 3188 perfectionem
850 3106 887 3170 in
908 3103 1093 3187 recipiendo
1115 3125 1167 3169 sa·
1219 3122 1339 3166 norum
1370 3101 1476 3166 coetui
1502 3122 1617 3166 mensa
1637 3103 1784 3182 Domini,
1817 3103 2032 3170 declarandae
2064 3107 2204 3187 promis·

187 3198 355 3256 eramento
372 3193 545 3273 requirere,
564 3197 898 3274 quaesaoramentum
908 3191 1039 3255 irritum
1055 3211 1168 3272 super·
1221 3187 1337 3266 siones,
1359 3208 1442 3270 quae
1462 3208 1523 3251 nos
1540 3187 1576 3251 16
1594 3209 1633 3252 66
1654 3188 1866 3271 spiritualiter
1882 3198 2068 3272 pascerent;
2090 3191 2202 3258 nullus

187 3298 393 3359 vacuumque
414 3277 524 3357 faeiat;
547 3277 633 3359 quod
654 3299 721 3342 non
736 3277 888 3361 perfectis
904 3278 1092 3342 institutum
1109 3282 1166 3355 est,
1220 3273 1352 3357 quidem
1373 3273 1566 3339 necessitate
1587 3273 1766 3358 cogendus,
1796 3276 1855 3340 sed
1876 3276 2068 3342 cohortandi
2089 3299 2203 3345 omnes

189 3362 248 3427 sed
268 3363 408 3428 infirmis
430 3385 468 3428 ac
490 3363 662 3442 debilibus,
691 3363 734 3429 ad
759 3361 995 3440 vellicandum,
1023 3363 1168 3427 excitan·
1221 3366 1255 3426 et
1275 3357 1475 3437 stimulandi,
1498 3358 1720 3444 obiurgandus
1741 3360 1841 3426 etiam
1862 3363 2058 3446 ignavorum
2075 3368 2204 3445 torpor:

189 3448 283 3528 dum,
301 3449 551 3529 stimulandum,
570 3448 788 3515 exercendum
807 3448 885 3513 fidei
901 3457 935 3513 et
951 3449 1096 3514 caritatis
1113 3447 1170 3512 de-
1220 3466 1333 3510 omnes
1355 3445 1532 3528 gregatim,
1554 3452 1593 3510 ut
1613 3447 1768 3524 famelici,
1791 3446 1833 3511 ad
1856 3448 1937 3512 tales
1959 3447 2103 3512 lautitias
2125 3467 2203 3513 con-

187 3535 318 3601 fectum.
331 3609 334 3616 y
349 3533 442 3616 Quae
464 3535 504 3601 de
526 3543 729 3601 sacramento
750 3535 813 3600 hoc
834 3535 994 3600 hactenus
1015 3533 1169 3598 116666ιί-
1220 3532 1394 3598 venissent
1446 3530 1521 3596 Non
1548 3531 1669 3596 iniuria
1695 3533 1796 3617 igitur
1823 3533 1981 3616 principio
2010 3540 2207 3615 conquestus

188 3642 278 3701 mus,
301 3621 430 3685 abunde
452 3621 641 3700 ostendunt,
671 3642 737 3686 non
758 3622 945 3686 institutum
965 3619 1039 3684 ideo
1059 3620 1168 3698 fuisse,
1221 3638 1303 3697 sum,
1326 3615 1447 3681 diaboli
1463 3623 1534 3681 arte
1544 3617 1707 3683 intrusam
1723 3617 2096 3698 hancoonsuetudinem,
2120 3640 2205 3702 quae
2325 3697 2327 3702 g

188 3714 227 3770 61
247 3706 349 3772 semel
378 3708 551 3790 quotannis
574 3709 787 3791 acciperetur,
816 3705 914 3788 idque
941 3705 1168 3789 perfunctorio,
1227 3702 1306 3767 dum
1327 3723 1430 3767 unum
1451 3702 1530 3766 anni
1552 3701 1639 3767 diem
1658 3706 1863 3786 praescribit,
1891 3706 1928 3769 in
1955 3710 2060 3769 totum
2082 3727 2207 3771 annum

189 3799 227 3856 ut
248 3815 336 3859 nunc
358 3793 479 3876 publici
500 3795 600 3858 moris
622 3799 686 3873 est;
706 3815 838 3870 verum,
866 3814 930 3876 quo
951 3792 1113 3874 frequenti
1134 3791 1170 3854 in
1221 3787 1370 3854 socordes
1392 3787 1507 3852 reddit

189 3898 253 3943 usu
272 3877 469 3944 Christianis
490 3879 640 3945 omnibus
658 3886 752 3958 66661,
773 3886 810 3943 61
828 3878 991 3961 frequenti
1012 3876 1170 3941 memoria
1305 3874 1361 3938 Ex
1383 3873 1497 3937 eadem
1518 3873 1639 3954 prodiit
1666 3875 1795 3941 officina
1815 3879 1848 3942 61
1874 3877 1980 3942 altera
2005 3878 2202 3956 constitutio,

189 3965 375 4045 passionem
396 3964 522 4030 Ohristi
547 3972 738 4048 repeterent
785 3963 861 4045 Qua
887 3963 1110 4028 recordatione
1136 3968 1170 4026 et
1221 3982 1304 4042 quae
1336 3958 1506 4024 dimidiam
1538 3979 1658 4025 666666
1686 3969 1814 4043 partem
1840 3963 1968 4027 meliori
1999 3963 2109 4045 pepuli
2136 3965 2201 4028 Dei

188 4049 290 4115 1166
307 4073 400 4116 6666
417 4053 615 4115 sustinerent
632 4073 670 4116 ac
687 4052 879 4116 roborarent
896 4059 929 4114 et
946 4071 1016 4114 6666
1034 4047 1076 4112 61
1092 4068 1169 4113 eon-
1221 4067 1357 4111 numero
1373 4045 1428 4112 vel
1444 4044 1554 4109 furata
1571 4052 1629 4122 est,
1653 4046 1708 4111 vel
1724 4049 1856 4130 eripuit:
1880 4070 1997 4131 nempe
2018 4049 2203 4133 symbolum

188 4135 364 4201 fossionem
384 4137 490 4201 laudis
510 4135 700 4215 canendam,
722 4137 964 4217 bonitatemque
986 4136 1055 4199 eius
1073 4155 1168 4216 prae-
1221 4133 1400 4216 sangiunis,
1423 4129 1509 4214 quod
1528 4130 1621 4196 laicis
1643 4138 1677 4196 et
1697 4135 1841 4216 profanis
1864 4133 1931 4286 blus
1954 4134 2077 4201 scilicet
2098 4133 2202 4200 titulis

191 4220 366 4287 11666166
382 4223 601 4301 hortarentur,
624 4231 658 4288 et
679 4244 743 4305 qua
763 4230 926 4305 postremo
943 4229 1093 4285 mutuam
1114 4241 1168 4285 oa·
1220 4220 1285 4284 Dei
1307 4216 1544 4315 haereditatem
1560 4216 1758 4304 insigniunt)
1780 4221 1866 4286 inter
1890 4223 1998 4299 Ι6166,
2021 4221 2131 4303 666616
2149 4241 2203 4284 ra

190 4307 323 4372 ritatem
340 4309 473 4386 alerent,
497 4315 530 4372 et
552 4309 612 4374 sibi
634 4310 735 4373 etiam
750 4310 836 4372 inter
854 4329 888 4372 se
907 4308 1167 4385 testificarentur,
1221 4307 1265 4371 sis
1293 4313 1327 4369 et
1353 4303 1460 4368 unctis
1485 4325 1520 4366 6
1548 4303 1712 4384 peculium
1739 4308 1844 4372 cessit
1894 4305 2050 4372 Edictum
2078 4305 2203 4369 aeterni

190 4393 283 4459 cuius
306 4394 455 4477 copulam
481 4396 516 4458 in
537 4395 662 4460 unitate
689 4396 832 4477 corporis
854 4392 980 4459 Christi
1007 4391 1165 4457 viderent
1219 4392 1285 4456 Dei
1304 4397 1370 4468 661,
1400 4396 1438 4452 61
1464 4409 1577 4453 omnes
1603 4390 1718 4454 bibant
1739 4390 1873 4477 (Matth
1899 4393 1965 4475 26),
1993 4390 2078 4473 quod
2107 4390 2204 4455 homo

192 4476 328 4558 Quoties
350 4482 438 4545 enim
460 4480 606 4566 symbolo
627 4482 771 4564 corporis
792 4479 927 4544 Domini
949 4478 1167 4544 communica—
1219 4498 1306 4543 nova
1331 4482 1364 4540 61
1384 4475 1547 4539 contraria
1571 4474 1645 4558 lege
1667 4479 1837 4560 antiquare
1860 4485 1894 4543 61
1913 4478 2068 4559 abrogare
2092 4473 2199 4554 audet,

183 4566 700 4650 ,666661611616616666616
720 4573 858 4644 tessera,
887 4563 1087 4639 alteralteri
1109 4585 1168 4628 666
1224 4563 1367 4628 edicens:
1396 4581 1438 4624 66
1460 4580 1573 4624 omnes
1600 4560 1721 4628 bibant
1767 4565 1816 4629 Ac
1838 4587 1880 4629 ne
1903 4564 1973 4627 sine
2000 4562 2125 4624 ratione
2145 4561 2203 4626 ad-

190 4650 335 4717 vicissim
352 4653 585 4736 obstringimus
603 4652 645 4718 ad
666 4653 776 4717 omnia
792 4651 973 4717 dilectionis
994 4650 1108 4728 officia,
1130 4655 1169 4714 ut
1222 4670 1335 4715 versus
1359 4644 1399 4733 [6
1420 4642 1496 4732 266]
1519 4646 1630 4711 Deum
1650 4669 1747 4713 suum
1768 4657 1916 4733 pugnent
1935 4646 2017 4711 tales
2035 4645 2200 4730 legislato-

192 4737 336 4888 affl
350 4735 1167 4907 fdftthfhtffittttdtftttftt
1221 4729 2202 4900 16111111111161111161111

191 4909 247 4974 ubi
267 4911 443 4976 necessitas
463 4909 613 4993 postulat
658 4910 773 4975 'Palem
793 4909 893 4974 fuisse
915 4908 1068 4973 eeclesiae
1092 4927 1169 4989 apo-
1222 4907 1262 4972 ab
1291 4914 1424 4971 aeterna
1448 4902 1513 4967 Dei
1541 4904 1701 4985 sapientia
1727 4913 1897 4989 prospecta
1924 4925 1963 4969 ea
1990 4910 2024 4968 et
2052 4903 2200 4969 animad-

191 4995 323 5061 stolioae
345 5018 442 5061 usum
463 4997 573 5063 Lucas
591 4997 627 5060 in
648 4996 742 5062 Actis
763 5001 995 5062 commemorat
1016 4993 1104 5077 (Act
1123 4992 1168 5078 2),
1226 5014 1321 5058 versa
1341 5012 1409 5056 non
1433 4995 1551 5053 666661
1594 4988 1738 5072 Deinde,
1768 4999 1883 5076 argute
1905 4989 2041 5068 scilieet,
2070 4990 2200 5056 ratioci-

193 5101 268 5145 cum
288 5081 402 5148 fideles
426 5080 467 5169 [p.
486 5079 562 5169 261]
587 5082 634 5147 ait
653 5089 900 5165 perseverantes
921 5080 1020 5145 161666
1041 5079 1077 5143 16
1094 5077 1170 5145 166·
1221 5083 1358 5157 uantur,
1386 5094 1490 5140 unum
1509 5093 1570 5155 pro
1598 5072 1723 5143 duobus
1745 5098 1815 5142 6666
1837 5078 1924 5143 satis.
1969 5075 2057 5140 Nam
2078 5077 2111 5155 61,
2129 5097 2201 5141 cor-

190 5166 278 5231 trina
300 5168 534 5250 apostolorum,
558 5168 863 5245 communicatione,
892 5166 1048 5231 fractione
1076 5165 1171 5248 panis
1221 5185 1284 5247 pus
1305 5170 1364 5243 est,
1385 5159 1546 5242 inquiunt,
1569 5165 1656 5226 16166
1678 5162 1830 5228 Christus
1852 5171 1910 5242 est,
1933 5162 1989 5245 qui
2010 5183 2030 5225 a
2049 5183 2108 5227 suo
2130 5169 2201 5228 cor·'

189 5259 225 5316 et
240 5255 448 5320 orationibus.
482 5253 538 5321 Sic
560 5252 724 5338 agendum
745 5253 876 5321 omnino
898 5258 978 5329 erat,
999 5258 1039 5316 ut
1058 5250 1171 5317 nullus
1222 5251 1300 5336 6166
1320 5250 1388 5314 166
1407 5243 1519 5311 divelli
1550 5264 1617 5310 non
1643 5255 1757 5332 potest
1812 5250 1903 5335 Ergo
1930 5254 1964 5314 et
1984 5268 2101 5332 corpus
2124 5269 2202 5314 san-

262 5353 372 5412 (7616161
382 5373 474 5428 opera.
512 5356 569 5412 Vol
587 5355 613 5412 1.
1968 5347 1986 5405 9
