4770 6030
190 345 252 406 583
763 334 1030 402 nisslrUTIO
1052 337 1156 401 ΗΕΒ.
1180 333 1360 402 OHRJST.
1388 340 1618 400 iseo-1554.
1771 422 1773 427 Α
2039 321 2041 330 ’
2126 339 2189 398 sse

633 471 635 474 >
1956 447 2068 515 13181;
2086 445 2189 501 0182.

188 550 265 611 quos
292 549 352 593 nan
378 528 534 609 inelipnas
550 517 662 590 eemres'
698 545 826 590 minares
853 525 1049 590 iudicassent.
1102 523 1163 602 Qui
1196 521 1289 586 olim
1309 523 1457 603 optimum
1479 542 1621 587 canonem
1637 522 1788 604 paratus,
1811 525 1862 587 eui
1876 434 2104 604 poisoned
2125 521 2190 586 Dei

187 636 249 679 uon
279 615 341 695 tuit
369 612 520 690 ebriosres,
552 613 615 693 fuit
641 617 788 674 scortator
795 637 804 689 ,·
832 613 887 691 qui
913 611 952 674 ab
974 610 1028 674 boc
1048 628 1164 689 quoque
1215 607 1347 686 uerbum,
1366 613 1501 690 oportere
1518 610 1693 690 episcopum
1712 629 1777 673 esse
1794 608 2099 690 irreprehensum,
2122 609 2190 672 doc-

188 700 296 766 scelere
316 718 421 779 purus
446 698 522 779 suit,
552 702 605 761 aut
627 698 692 760 aleo
712 699 787 777 sicit,
816 702 871 759 aut
893 700 1030 773 uenamr,
1053 695 1164 758 autin
1216 697 1323 770 tareuu
1358 714 1418 757 nore
1443 715 1616 776 pupnacem
1645 693 1677 779 (l
1705 695 1787 757 Tim.
1813 700 1841 772 3,
1867 694 1917 776 2),
1939 699 1989 757 etc.
2036 693 2101 759 (lia
2119 714 2190 776 erpo

189 786 296 866 aliaue
310 790 404 865 parte
423 784 505 848 ritae
525 782 702 847 dissolutus.
739 782 819 846 Sunt
837 783 920 846 enim
940 781 1055 845 leuiora
1075 781 1163 858 uitia,
1215 779 1347 862 elipandi
1375 780 1538 859 morbida
1569 803 1590 844 a
1616 780 1734 862 popula
1766 781 1808 845 ad
1834 782 1909 844 istos
1935 780 2089 843 translata
2122 780 2190 843 est?

187 871 451 953 praecauendum
472 873 602 934 caudas
619 888 748 932 curuans
764 869 917 932 leoruiuem
934 868 973 930 ab
989 868 1164 949 episcopatu
1219 867 1302 946 Quia
1323 865 1437 929 scilieet
1457 867 1538 929 inter
1553 866 1663 947 populi
1684 867 1834 929 tumultus
1855 870 1882 929 a
1900 866 2048 946 sactiones
2064 865 2189 930 cabum

187 956 359 1022 excludunt.
398 955 466 1019 Hoc
487 975 556 1019 cero
578 955 662 1036 lonpe
682 954 953 1031 absurdissimum,
975 953 1057 1034 quod
1070 952 1165 1032 pueri
1214 950 1280 1015 Dei
1300 971 1361 1015 non
1382 950 1611 1016 exaudiebatur.
1655 951 1700 1015 Et
1720 971 1776 1014 cur
1796 951 1943 1015 bodie'ab
1971 952 2042 1015 istis
2060 972 2189 1015 rursum

185 1063 304 1210 iblw
321 1042 384 1191 bl
398 1038 1165 1207 detectedelectaberunt
1215 1037 1908 1204 bbdtlleebuetetttlet
1934 1038 2189 1188 {mullet

186 1234 224 1278 ne
252 1211 332 1277 illud
359 1213 484 1294 quidem
503 1217 671 1276 eatremum
692 1217 720 1275 et
739 1147 813 1275 deleo
833 1146 1049 1292 piidipiasum
1074 1174 1165 1292 tlapi·
1215 1228 1311 1272 mana
1331 1208 1447 1272 diuinis
1469 1172 1658 1273 commiscent
1683 1214 1711 1273 et
1731 1172 1942 1290 cdnsuncluit?
2096 1173 2104 1202 ⁷

187 1301 266 1363 tium
295 1300 464 1375 horrerent,
492 1298 572 1378 quod
605 1297 643 1360 ab
675 1298 743 1378 ipso
769 1303 901 1361 natiuae
921 1316 1015 1360 sensu
1036 1296 1164 1377 percitus
1303 1298 1352 1356 69.
1400 1293 1461 1357 Sed
1492 1296 1695 1373 mentiuntur,
1728 1315 1822 1375 quum
1861 1295 1950 1358 aiunt
1981 1293 2035 1358 boc
2060 1296 2190 1359 remedii

171 1382 336 1448 'abborret
381 1384 467 1447 Hinc
488 1388 630 1463 apparet,
658 1403 753 1462 quam
774 1382 936 1465 relipiosae
955 1382 1073 1463 premnt
1093 1381 1164 1445 elec-
1215 1379 1277 1443 loco
1296 1379 1396 1460 fuisse
1416 1382 1581 1444 inuentum.
1628 1379 1725 1461 Saepe
1750 1382 1785 1444 in
1806 1381 1957 1462 episcopis
1977 1378 2124 1463 elipendrs
2144 1386 2190 1443 tu-

188 1472 293 1547 tiones,
314 1470 369 1533 ubi
389 1474 454 1533 lam
475 1470 592 1550 supina
612 1468 794 1551 neplipentia
811 1469 881 1549 fuit.
1214 1465 1385 1528 multnatas
1406 1467 1480 1529 olim
1498 1468 1599 1547 tuisse
1620 1466 1711 1530 urbes
1730 1465 1877 1548 lepimus,·
1904 1485 1990 1528 nenio
2011 1471 2113 1530 tamen
2133 1487 2190 1530 un-

276 1560 324 1619 68.
371 1555 444 1619 Iam
466 1555 501 1618 iu
521 1555 657 1636 elipeudo
676 1559 771 1618 tatum
792 1554 872 1618 illud
894 1555 946 1617 ius
962 1553 1074 1634 populi
1095 1552 1165 1616 sub
1215 1572 1310 1632 quam
1341 1551 1379 1615 de
1410 1552 1576 1632 auferendo
1605 1552 1721 1616 ciuibus
1753 1553 1822 1616 inre
1853 1553 1983 1634 copulare
2011 1572 2111 1617 auses
2138 1557 2189 1616 est.

188 1641 286 1706 latum
305 1646 357 1706 est.
417 1640 508 1718 Vota,
537 1659 697 1719 assensus,
724 1639 978 1722 subscriptiones,
1006 1644 1033 1702 et
1059 1640 1164 1702 omnia
1216 1637 1311 1700 Alias
1333 1638 1416 1700 enim
1437 1637 1584 1701 babebant
1603 1640 1681 1716 cias,
1699 1637 1812 1718 quibus
1831 1638 1878 1701 ael
1898 1637 2054 1702 obviarent
2073 1637 2124 1701 bis
2145 1639 2190 1702 ui-

187 1727 341 1791 eiusmodi
368 1732 564 1790 euanuencnt.
610 1725 666 1789 Ad
693 1725 773 1790 solos
794 1727 952 1790 canonicos
974 1726 1092 1807 intepra
1109 1744 1165 1804 po-
1214 1723 1277 1800 tiis,
1300 1722 1346 1786 cel
1367 1724 1433 1787 iam
1455 1724 1595 1787 adinmsa
1616 1725 1805 1805 corriperent.
1829 1723 1968 1788 ·Verum
1988 1722 2090 1787 dicam
2112 1724 2190 1804 quid

188 1817 283 1877 testas
305 1812 459 1876 translata
486 1816 537 1881 est.
588 1811 650 1874 Illi
680 1811 716 1874 in
741 1832 830 1892 quern
857 1811 973 1888 uoluat,
1008 1811 1165 1890 materani
1216 1810 1263 1872 sit.
1301 1809 1403 1889 Quum
1419 1809 1558 1890 populus
1578 1809 1743 1874 indeiecta
1760 1808 1895 1873 babendo
1911 1809 2108 1892 nepliperitcor
2124 1830 2189 1874 esse

188 1900 402 1981 episcopatum.
452 1894 539 1961 Eum
565 1918 637 1961 mou
657 1898 693 1960 iu
714 1901 901 1978 conspectum
922 1897 1024 1978 plebis
1046 1897 1164 1976 produ
1216 1894 1371 1975 coepisset,
1399 1900 1427 1958 et
1455 1895 1533 1958 banc
1554 1915 1676 1973 euram,
1704 1896 1798 1974 quusi·
1819 1897 1926 1958 miuus
1946 1895 2007 1958 sibi
2028 1915 2189 1978 conprueu·

188 1990 274 2049 cunt:
303 1985 356 2047 sed
383 1983 591 2061 adorandum,
621 2002 682 2045 non
703 1981 954 2047 examinandum.
998 1982 1098 2063 Atqui
1118 2003 1164 2046 re·
1215 1985 1289 2057 tene,
1318 1981 1352 2042 iu
1367 1980 1561 2061 presbyteros
1581 1982 1730 2060 reticeret,
1760 1980 1811 2044 illi
1831 1980 1889 2045 bac
1909 1982 2062 2045 commone
2083 1981 2125 2044 ad
2145 1987 2190 2062 ty·

188 2070 302 2134 clo-mat
323 2069 400 2147 Leo,
427 2067 548 2132 nullam
569 2069 718 2132 rationem
738 2068 774 2133 id
794 2070 912 2147 sinere,
940 2088 977 2132 ae
1002 2069 1164 2132 uiolentam
1215 2065 1379 2130 reclamem
1405 2065 1466 2129 sibi
1492 2067 1710 2147 usurpandam
1735 2065 1827 2130 abusi
1853 2072 1938 2144 sunt,
1965 2087 2060 2147 quam
2082 2071 2192 2147 pastea

144 2168 147 2174 '
188 2154 414 2236 impositionem
435 2175 500 2218 esse
519 2154 713 2235 pronuntiat.
758 2151 936 2236 Cyprianus
955 2174 1050 2233 quum
1068 2154 1165 2232 ilicem
1215 2152 1304 2214 nouis
1332 2151 1498 2215 canonibus
1526 2153 1618 2216 editis
1646 2151 1849 2216 stabilierunt.
1901 2151 2065 2217 Ordinatio
2089 2157 2192 2216 autem

190 2261 228 2304 eu
254 2241 324 2304 iure
351 2240 455 2303 diuino
481 2244 623 2317 testatrer,
650 2260 688 2304 ne
707 2239 780 2320 fiat,
802 2240 867 2303 nisi
886 2261 924 2303 ec
945 2259 1092 2303 consensu
1108 2259 1165 2320 po-
1215 2237 1296 2300 nibil
1316 2237 1406 2300 aliud
1426 2242 1478 2315 est,
1501 2259 1594 2318 quam
1613 2257 1732 2301 merum
1753 2237 1933 2301 ludibrium.
1967 2237 2089 2317 Species
2111 2239 2192 2302 anun

183 2325 266 2408 puli,
287 2345 433 2408 pupnare
452 2325 611 2389 diuersum
638 2346 752 2389 merem
778 2345 847 2388 eum
874 2325 962 2390 uerbo
986 2325 1057 2406 Dei,
1070 2330 1165 2389 osten·
1215 2323 1384 2401 mammis,
1411 2343 1505 2403 quam
1526 2323 1591 2387 illic
1611 2328 1773 2401 ostentant,
1801 2324 1876 2388 adeo
1903 2324 2011 2397 inanis
2037 2328 2082 2387 est
2100 2329 2128 2389 ct
2149 2326 2191 2388 ie·

189 2412 243 2475 dit.
290 2412 348 2475 Tot
368 2411 552 2492 synadorum
574 2411 700 2487 decreta,
722 2431 760 2474 ne
781 2431 868 2475 secus
887 2412 952 2492 fiat,
973 2412 1165 2476 smerissime
1215 2409 1302 2485 iuna,
1322 2413 1358 2471 ut
1377 2409 1462 2473 omui
1483 2410 1577 2473 etiam
1596 2410 1667 2490 fuco
1688 2413 1799 2474 careat.
1839 2409 1951 2489 Itaque
1972 2409 2054 2490 quod
2074 2410 2191 2473 dicubi

183 2496 361 2579 maleborn
389 2515 438 2573 ac,
466 2495 496 2559 si
515 2495 633 2576 sactum
654 2496 711 2574 sit,
738 2496 842 2560 iubent
862 2518 926 2561 esse
945 2497 1080 2560 irritum.
1126 2496 1164 2560 Si
1209 2494 1352 2575 pactione
1368 2495 1575 2574 impetrarunt
1596 2496 1758 2576 principes
1779 2516 1800 2558 a
1821 2497 1960 2559 rainonis
1981 2495 2188 2576 pontificibus,

187 2583 262 2646 baec
281 2602 356 2647 ocra
376 2586 460 2659 sunt,
482 2581 570 2644 nulla
592 2582 681 2645 leodic
702 2602 796 2662 neque
815 2582 935 2660 diuino,
961 2583 1057 2662 ireque
1078 2583 1164 2647 eccle
1214 2585 1249 2643 ut
1268 2581 1461 2644 naniuarent
1488 2583 1553 2662 ipsi
1574 2582 1742 2662 episcopos,
1771 2582 1806 2644 in
1827 2601 1860 2644 eo
1886 2580 1968 2645 nibil
1987 2582 2058 2644 noui
2078 2581 2188 2644 domm

187 2668 311 2732 siastico
337 2668 419 2744 iure,
449 2667 596 2730 canonica
617 2667 717 2730 electio
736 2669 771 2730 in
792 2671 850 2732 tato
872 2673 996 2750 papatu
1016 2674 1162 2750 superest.
1213 2666 1285 2747 feeit
1311 2666 1451 2744 ecelesia,·
1481 2666 1557 2746 quia
1584 2668 1740 2731 canocicis
1767 2667 1920 2730 duntaxat
1946 2667 2059 2752 electio,
2092 2687 2188 2746 quam

195 2753 311 2818 Verum
337 2753 458 2817 etiarnsi
486 2751 566 2815 nibil
588 2752 678 2816 aliud
696 2752 775 2816 mali
794 2753 886 2834 foret,
913 2755 971 2834 aui
989 2759 1090 2819 tanuen
1111 2754 1164 2818 leae
1214 2751 1299 2814 null>
1327 2753 1396 2816 iure
1422 2757 1606 2833 ramerum,
1637 2752 1683 2816 uel
1708 2753 2022 2834 amorraeorum,
2044 2752 2187 2833 aclanpta

187 2857 335 2903 mamare
350 2843 503 2919 poterunt,
526 2838 606 2918 quod
625 2839 671 2902 ita
692 2839 892 2918 spoliaverint
912 2860 968 2904 suo
990 2842 1059 2903 iure
1077 2840 1162 2905 eccle
1214 2843 1267 2901 est.
1315 2836 1376 2901 Est
1402 2837 1456 2900 boc
1484 2858 1560 2902 sane
1584 2838 1799 2919 foedissimum
1826 2837 2011 2919 euanplum,
2043 2839 2123 2918 quod
2149 2859 2187 2903 ec

187 2925 296 2989 uam?
338 2925 438 3004 Atqui
452 2922 476 3003 ¹)
497 2923 551 3001 ita,
574 2925 727 3004 inquiunt,
750 2924 887 3007 eaipebat
909 2930 1079 3007 temporum
1101 2947 1163 2990 eor-
1214 2923 1291 2986 anla
1318 2924 1483 2987 mittamur
1501 2924 1648 3012 episcopi
1674 2925 1717 2987 ad
1747 2925 1941 3005 occupandas
1972 2923 2126 3003 eeclesias,
2160 2929 2187 2989 et

188 3011 308 3091 ruptio:
325 3012 354 3090 ⁹)
373 3013 408 3072 ut
424 3009 570 3089 quoniam
587 3010 673 3090 apud
687 3010 807 3090 plebem
823 3015 851 3075 et
867 3013 1070 3094 mapistratus
1086 3012 1163 3093 plus
1209 3009 1338 3089 piorum
1364 3009 1546 3090 principum
1577 3015 1667 3087 esset,
1700 3031 1722 3073 a
1746 3010 1804 3074 tali
1832 3009 2005 3091 corruptela
2029 3009 2187 3075 abstinere.

189 3095 328 3159 valebant
348 3095 421 3158 odia
442 3099 470 3158 et
491 3094 596 3158 studia
617 3096 653 3158 iu
674 3097 869 3161 assumendis
886 3098 1044 3178 episcopis,
1067 3118 1163 3178 quam
1215 3094 1275 3158 Est
1301 3095 1383 3158 euim
1409 3097 1509 3176 impia
1535 3095 1676 3159 ecclesiae
1696 3095 1852 3176 spoliatio,
1874 3097 1992 3176 quotus
2012 3096 2109 3161 alicui
2131 3117 2187 3178 po

187 3186 303 3245 rectum
324 3199 495 3258 sanumque
518 3180 684 3259 inedicium,
711 3183 779 3246 eius
799 3183 846 3246 rei
866 3183 1032 3246 arbitrium
1047 3185 1163 3266 paucis
1209 3180 1287 3262 pulo
1307 3181 1459 3262 inperitur
1479 3181 1648 3262 episeopus,
1668 3201 1757 3260 quan
1776 3202 1836 3245 non
1851 3182 1991 3262 petierit,
2011 3182 2058 3246 uel
2080 3183 2188 3247 saltem

187 3267 366 3347 deterretur.
410 3264 523 3329 Fuerit
547 3285 622 3330 saue
650 3266 703 3330 boe
730 3273 897 3332 extremum
918 3269 996 3332 unali
1017 3271 1052 3332 in
1073 3269 1164 3333 rebus
1215 3266 1311 3330 libera
1336 3287 1405 3330 uoce
1430 3266 1616 3348 approbarit.
1676 3266 1790 3331 Verum
1820 3268 2018 3332 inordinatus
2044 3268 2096 3332 illc
2122 3288 2187 3333 rios

187 3352 354 3433 deploratis
392 3351 569 3415 remedium.
637 3351 750 3416 Verum
781 3353 834 3417 ubi
870 3355 1024 3419 maliciae
1061 3355 1163 3419 morbo
1214 3353 1325 3433 quiin
1344 3353 1478 3416 eulesiis
1495 3353 1682 3434 iampridem
1696 3353 1767 3434 fuit,
1789 3353 1975 3417 occasionem
1988 3354 2188 3436 principibus

187 3439 256 3520 ipso
287 3437 440 3502 nocentior
466 3436 630 3519 apparncit,
659 3457 715 3502 cur
740 3459 800 3504 non
828 3444 855 3502 et
880 3462 956 3505 nom
983 3441 1055 3505 bur'c
1081 3440 1162 3504 mala
1215 3439 1313 3517 dedit,
1338 3442 1373 3501 ut
1393 3440 1671 3518 praesentationem
1699 3439 1909 3520 episcoporum
1936 3438 1997 3502 sibi
2023 3445 2186 3504 sumerent.
2263 3452 2266 3461 ’

187 3522 405 3588 succurritur?
449 3520 511 3586 Sed
527 3528 578 3599 est,
601 3522 759 3604 inquiunt,
782 3525 864 3606 ipsis
885 3527 1041 3591 canonicis
1062 3531 1164 3591 macte
1216 3523 1399 3587 Maluerunt
1424 3525 1505 3587 enim
1531 3544 1624 3587 suum
1645 3544 1709 3589 esse
1730 3524 1922 3606 beneficium,
1955 3545 2050 3605 quam
2071 3547 2186 3604 omum,

182 3610 412 3691 praescriptum
438 3608 515 3689 quid
536 3610 624 3689 sequi
646 3611 680 3672 iu
701 3609 838 3674 electioue
859 3611 990 3675 debeant.
1037 3610 1099 3676 Sed
1121 3633 1163 3675 aa
1214 3610 1249 3672 in
1269 3630 1345 3688 arcos
1365 3609 1463 3673 nibila
1487 3609 1560 3690 plus
1586 3611 1621 3673 id
1648 3609 1841 3693 competebat,
1870 3615 1897 3673 et
1924 3611 1979 3691 qni
1999 3631 2060 3674 reon
2080 3613 2187 3675 miuus

188 3694 367 3759 dubitamus
399 3695 476 3774 quin
515 3696 721 3759 sanctissimis
757 3695 874 3778 lapibus
905 3698 978 3761 olim
1010 3698 1099 3780 plebs
1130 3719 1163 3762 se
1209 3716 1375 3776 perperam
1396 3715 1429 3758 eo
1451 3694 1659 3759 abutebantur.

189 3780 322 3861 astrinpi
342 3779 528 3862 intelliperet,
550 3801 646 3860 quum
665 3781 779 3846 uuiaet
799 3782 861 3846 sibi
881 3783 1020 3865 repnlam
1042 3783 1161 3848 eoerbo
1301 3785 1349 3844 70.
1395 3780 1449 3844 Fae
1469 3781 1637 3862 praeclara
1662 3783 1792 3860 vocatio,
1824 3782 1915 3845 euius
1935 3800 2031 3846 causa
2051 3783 2186 3864 episcopi

190 3863 255 3928 Dei
277 3865 481 3944 propositam,
509 3866 585 3930 dum
607 3867 649 3930 ad
675 3868 849 3948 episopum
870 3869 1040 3951 elipandum
1062 3890 1163 3934 conae·
1213 3866 1418 3947 apostolorum
1448 3886 1633 3932 successores
1659 3887 1692 3933 se
1718 3888 1783 3932 esse
1817 3867 1940 3932 iactant.
1990 3865 2186 3950 Presbyteros

188 3949 293 4013 niret?
337 3948 496 4029 Siquidem
523 3951 581 4014 illa
600 3972 666 4015 una
682 3974 742 4016 uon
763 3952 841 4031 Dei,
869 3975 932 4035 qua
952 3955 1096 4019 describit
1115 3977 1163 4020 oe-
1214 3957 1315 4016 autem
1333 3953 1459 4016 creandi
1478 3953 1530 4016 ius
1551 3953 1612 4017 sibi
1631 3953 1707 4017 solis
1728 3957 1890 4033 competere
1910 3954 2023 4017 dicunt.
2069 3952 2129 4018 Sed
2150 3955 2186 4018 in

189 4054 260 4098 ram
277 4034 411 4114 episcopi
431 4035 569 4117 effipim
587 4037 693 4101 urente
704 4038 814 4119 pluris
830 4060 896 4103 esse
913 4040 1041 4119 debebat,
1065 4061 1161 4121 quam
1213 4038 1267 4101 boe
1290 4039 1427 4118 pessime
1455 4044 1655 4120 corrumpunt
1687 4043 1772 4103 uetus
1799 4040 1987 4119 iustitutmn,
2022 4040 2102 4120 quod
2127 4061 2188 4104 nou

188 4119 330 4202 infinitae
351 4140 501 4184 micanum
521 4123 685 4202 myriades.
722 4123 784 4188 Sed
804 4124 1007 4201 nibilominus
1020 4127 1162 4208 ‘pessimo
1208 4122 1400 4204 presbyteros
1420 4144 1481 4187 sua
1501 4125 1694 4189 ordinatione
1709 4129 1821 4204 creatu,
1838 4125 1895 4205 qui
1909 4125 2064 4206 populmn
2080 4131 2187 4209 repant

96 4219 107 4239 “
190 4207 299 4288 affeetu
325 4211 484 4286 corrupta,
512 4207 631 4270 nullam
658 4208 784 4273 babebat
811 4209 887 4293 lepis
916 4217 971 4276 aut
997 4213 1163 4292 aequitatis
1215 4229 1251 4272 ac
1266 4214 1415 4289 pascant·
1435 4209 1490 4273 sed
1518 4211 1701 4291 sacerdotes,
1729 4211 1784 4291 aui
1811 4211 1990 4292 sacrificent.
2036 4210 2188 4276 Similiter

188 4293 346 4356 cattorum.
392 4289 445 4354 Sic
470 4290 572 4370 ineu,
599 4295 657 4357 etsi
678 4296 809 4376 optimae
830 4297 962 4378 scriptae
982 4304 1055 4361 sunt
1075 4297 1161 4379 lepos,
1213 4315 1309 4375 auum
1329 4296 1474 4360 diamuas
1495 4301 1676 4373 consecrant,
1699 4296 1780 4360 nibil
1800 4301 1896 4378 apum
1915 4297 1953 4362 de
1972 4317 2043 4362 uero
2060 4317 2097 4361 ac
2111 4317 2186 4378 pro·

189 4381 313 4442 omnent
339 4381 441 4441 mauu
467 4378 502 4439 iu
523 4377 638 4441 obortis
666 4381 809 4459 smidtae.
852 4382 985 4446 Interim
1003 4389 1038 4446 ut
1060 4383 1164 4464 moui
1208 4382 1282 4462 prio
1304 4382 1442 4461 ipsorum
1462 4382 1577 4462 officim
1606 4383 1660 4446 sed
1681 4383 1724 4447 ab
1742 4386 1840 4446 certas
1861 4384 1948 4447 undo
1969 4384 2185 4461 eaerumnias,

189 4484 275 4527 mum
294 4461 432 4526 membres
452 4469 602 4542 receptum
619 4469 670 4540 est,
692 4470 720 4528 et
740 4467 834 4544 quasi
849 4469 967 4532 ratione
981 4470 1046 4548 fiat,
1069 4470 1163 4531 etiam
1213 4467 1295 4531 circa
1327 4467 1452 4548 calicem
1486 4472 1513 4531 et
1535 4469 1695 4548 patinam,
1729 4467 1882 4531 ordinant.
1937 4467 1983 4532 At
2009 4470 2044 4534 iu
2071 4469 2186 4551 synodo

189 4548 399 4630 approbatum,
420 4554 456 4611 ut
477 4547 596 4623 ebriosi,
619 4553 806 4628 scortatores,
828 4553 955 4631 aleones,
972 4554 1099 4634 passim
1120 4555 1162 4619 ad
1212 4552 1439 4617 cbatcedonensi
1464 4556 1618 4617 sancitum
1640 4559 1696 4632 est,
1724 4574 1763 4618 ue
1788 4553 1866 4634 fiant
1886 4554 2041 4620 absolutae
2062 4556 2186 4620 ordina·

189 4633 270 4697 bunc
290 4633 432 4698 bonorem
447 4638 694 4714 prouwoeantur,
716 4656 836 4715 parum
856 4636 932 4715 dico,
954 4644 988 4701 nt
1009 4639 1162 4720 episcopa
1211 4639 1323 4716 tiones,
1352 4637 1406 4703 boc
1427 4644 1484 4718 est,
1513 4640 1589 4720 quin
1610 4639 1694 4703 lomes
1712 4639 1807 4703 simul
1828 4642 2004 4722 assipnetur
2021 4642 2183 4720 ordinatis,

189 4724 240 4783 tus
261 4719 481 4783 adulteriorum
502 4723 529 4782 et
549 4719 766 4799 blanniacum
787 4723 853 4785 sint
873 4725 1029 4803 praemia.
1075 4726 1161 4789 Nam
1212 4723 1265 4787 ubi
1291 4744 1406 4788 munus
1431 4745 1526 4789 suum
1551 4729 1714 4790 euuceant.
1729 4725 1754 4808 ¹)
1798 4725 1866 4790 Hoc
1891 4727 2042 4790 decretum
2069 4725 2186 4807 duplici

189 4825 284 4886 puum
311 4803 507 4870 uenatmibus
533 4809 561 4869 et
586 4805 758 4886 aucupibus
778 4807 905 4886 dantia,
929 4811 1091 4890 praeclare
1111 4832 1162 4876 res
1212 4811 1335 4875 nomine
1355 4811 1560 4876 utdissimum
1580 4816 1632 4875 est.
1666 4811 1717 4875 Ne
1738 4817 1897 4875 curemur
1918 4813 2058 4879 ecelesiae
2078 4831 2185 4893 super-

189 4890 332 4954 cecidisse
357 4891 564 4956 euistiueanda
590 4896 642 4955 est.
693 4893 826 4956 Tantam
856 4894 1069 4978 indipnitatem
1098 4897 1161 4961 ullo
1212 4916 1306 4960 uacua
1326 4901 1467 4979 sumptu,
1496 4901 1523 4960 et
1549 4898 1584 4961 in
1605 4895 1743 4960 bomines
1764 4898 1873 4961 otiosos
1895 4899 2084 4978 expendatur
2105 4897 2186 4979 quod

189 4977 276 5040 modo
292 4995 447 5055 ercusare,
465 4977 561 5040 nimis
580 4976 753 5060 reprobum
770 4983 821 5042 est.
855 4979 1003 5061 Habebat,
1021 4984 1159 5065 inquam,
1212 4982 1334 5064 creperi
1348 4981 1544 5063 pauperibus
1565 4981 1653 5047 debet.
1686 4981 1809 5046 Deinde
1825 4987 1860 5046 ut
1875 4983 1902 5047 ii
1919 4985 1974 5064 qui
1991 4985 2185 5064 ordinantur,

257 5179 287 5242 1)
308 5178 412 5231 Verum
434 5177 508 5232 1543.
532 5177 607 5232 1545.
700 5182 730 5244 2)
757 5181 863 5237 Eadem
885 5191 935 5239 aut
956 5185 1057 5239 aridia
1076 5186 1160 5254 prior

190 5244 272 5298 editio
289 5248 422 5301 maturat
440 5247 504 5316 Gap.
517 5247 548 5300 X
552 5248 600 5303 VI.
613 5265 680 5319 pap.
698 5249 759 5305 408.
778 5253 865 5319 (nmio
883 5252 967 5307 XIX.
977 5261 1042 5323 port
1059 5253 1159 5321 §.aba
1279 5253 1309 5321 1)
1326 5255 1452 5309 Distinet.
1471 5254 1512 5310 70.
1531 5272 1553 5309 a
1573 5255 1595 5309 1.
