4770 6030
190 339 251 399 785
712 330 877 398 0111111,
900 333 991 419 (VI.)
1034 333 1097 397 DE
1120 327 1500 396 IUS'PIFIOATIONE
1522 330 1663 396 FIDEI.
2128 337 2189 398 786

188 448 303 513 aare,
323 448 438 515 eeoe;
457 445 560 500 ceos.

189 525 347 599 aestimat,
370 543 468 603 quam
489 435 621 604 propitia
642 522 787 602 ipsorum
809 520 1001 585 conditione.
1046 520 1160 584 Domi·
1212 518 1309 596 vitio,
1336 517 1422 600 quod
1448 519 1534 583 bona
1559 540 1686 602 quoque
1707 540 1805 601 opera
1832 519 1961 584 foedare
1984 521 2080 601 solet;
2107 543 2190 607 quae

188 632 251 673 nus
274 608 361 672 enim
382 629 434 685 ca,
462 629 544 689 quae
571 607 642 690 lege
664 606 888 684 continentur,
911 605 1081 669 mandavit
1102 605 1160 670 ho·
1211 605 1297 667 fiunt
1323 626 1343 668 a
1369 603 1520 669 fidelibus
1546 605 1632 669 bona
1655 626 1766 687 opera,
1794 605 1881 669 iusta
1907 618 2096 687 censentur,
2126 609 2189 690 vel,

188 695 331 759 minibus
358 695 393 757 in
419 694 593 772 iustitiam;
621 691 773 756 sedeam
798 691 956 756 iustitiam
979 711 1162 755 1101111100-
1213 687 1299 770 quod
1320 689 1406 753 idem
1429 697 1487 768 est,
1511 691 1546 754 in
1566 691 1724 754 iustitiam
1745 692 1957 772 imputantur.

188 781 332 862 quimur,
366 780 431 843 nisi
464 788 565 843 totam
600 778 708 860 legem
739 776 949 842 observando.
1006 775 1162 856 Qualibet
1300 779 1349 838 69.
1394 775 1491 840 Nunc
1520 775 1603 838 mihi
1630 776 1658 839 si
1687 778 1759 859 quis
1788 776 1876 841 istud
1898 777 2036 842 obiectet
2063 777 2105 841 ad
2127 781 2189 845 im·

189 867 276 930 enim
303 865 561 948 transgressione
588 863 816 945 corrumpitur.
868 860 980 941 Quum
1008 883 1085 944 ergo
1107 861 1161 925 lex
1212 860 1424 942 pugnandam
1460 860 1536 925 fidei
1576 862 1749 941 iustitiam,
1792 863 1935 943 primum
1966 865 2187 947 interrogabo:

188 951 273 1016 nihil
303 951 365 1014 nisi
393 951 554 1014 iustitiam
580 948 791 1031 praescribat:
821 949 848 1011 si
876 948 912 1010 in
933 948 1037 1028 ipsam
1059 947 1162 1028 respi-
1213 967 1293 1009 num
1319 946 1417 1010 homo
1448 947 1553 1012 iustus
1582 954 1752 1013 censeatur
1774 949 1813 1012 ob
1843 969 1947 1012 unum
1970 956 2027 1013 aut
2050 949 2190 1016 alterum

189 1038 306 1115 cimus,
334 1037 478 1100 iustitiae
506 1042 583 1099 sunt
605 1033 736 1116 singula
757 1034 827 1098 eius
855 1032 1024 1110 mandata;
1053 1034 1080 1096 si
1103 1032 1161 1096 ho·
1213 1039 1363 1096 sanctum
1389 1053 1484 1113 opus,
1517 1033 1649 1115 reliquis
1676 1035 1762 1098 vitae
1790 1034 1940 1115 operibus
1973 1035 2054 1118 legis
2082 1043 2189 1102 trans-

188 1124 294 1187 mines
327 1128 510 1203 spectamus
541 1142 560 1184 a
587 1120 703 1201 quibus
734 1122 832 1195 fiunt,
860 1119 1004 1182 iustitiae
1031 1117 1162 1182 laudem
1213 1116 1363 1200 grassor?
1397 1118 1478 1182 Plus
1500 1140 1598 1199 quam
1620 1119 1797 1183 absurdum
1819 1118 1950 1200 quidem
1973 1129 2031 1185 est.
2060 1122 2190 1188 Deinde

188 1209 323 1271 minime
345 1214 587 1288 consequuntur
605 1227 646 1269 ex
663 1225 729 1268 uno
748 1225 853 1288 opere,
872 1205 908 1266 in
925 1204 1037 1269 multis
1055 1212 1161 1268 trans-
1213 1203 1392 1284 requiram,
1421 1224 1464 1266 an
1486 1204 1526 1268 ob
1553 1204 1658 1268 multa
1679 1226 1805 1287 quoque
1826 1205 1912 1270 bona
1934 1206 2054 1288 opera?
2089 1210 2189 1291 siqui-

190 1315 370 1377 gressores3
399 1299 432 1357 et
460 1314 501 1356 ex
530 1312 567 1355 eo
589 1312 700 1372 opere,
728 1289 813 1371 quod
840 1289 949 1370 aliqua
970 1311 1099 1371 semper
1120 1311 1163 1353 ex
1214 1286 1289 1352 dem
1309 1290 1606 1370 praevaricationis,
1630 1290 1738 1373 aliqua
1759 1292 1794 1355 in
1815 1299 1917 1372 parte,
1951 1313 2027 1356 reus
2048 1299 2187 1358 tenetur.

189 1391 281 1462 parte
302 1387 434 1461 propter
455 1376 732 1459 imperfectionem
751 1376 906 1440 vitiosum
927 1382 985 1440 est
1214 1373 1265 1437 Ne
1290 1373 1352 1439 hoc
1373 1373 1504 1456 quidem
1529 1375 1723 1440 contendere
1747 1375 1892 1455 audebit,
1923 1378 2121 1443 reclamante
2142 1381 2189 1444 lc·

277 1468 325 1528 68.
371 1462 438 1528 Sed
467 1463 563 1526 venio
596 1461 638 1525 ad
671 1460 851 1525 secundum
878 1481 995 1543 genus,
1029 1461 1066 1524 in
1099 1481 1162 1542 quo
1215 1459 1265 1542 gis
1282 1461 1458 1538 sanctione,
1480 1459 1731 1543 maledictosquc
1750 1483 1862 1526 omncs
1878 1463 2110 1544 proclamante,
2134 1466 2190 1547 qui

188 1550 363 1632 praecipua
382 1557 432 1613 cst
453 1548 645 1613 difficultas*
678 1546 773 1610 Nihil
789 1547 894 1628 magis
911 1548 1044 1611 firmam
1063 1546 1163 1612 habet
1214 1565 1281 1608 non
1309 1547 1418 1610 omnia
1444 1546 1525 1630 legis
1552 1546 1708 1611 mandata
1730 1547 1771 1611 ad
1792 1547 1945 1611 ultimum
1972 1549 2187 1630 impleverint

188 1635 314 1701 Paulus
347 1634 388 1698 ad
417 1632 618 1715 probandam
645 1631 721 1696 fidei
747 1632 921 1710 iustitiam,
950 1654 1049 1714 quam
1076 1631 1163 1713 quod
1214 1629 1270 1694 Ad
1290 1630 1372 1695 haec
1394 1631 1482 1696 ultra
1504 1633 1708 1714 progrediar:
1740 1633 1826 1697 sitne
1847 1632 1951 1698 ullum
1978 1654 2074 1716 opus,
2104 1635 2190 1718 quod

189 1721 229 1784 de
256 1720 427 1785 Abraham
454 1719 622 1794 scribitur,
651 1717 748 1782 tidem
770 1717 820 1780 illi
842 1738 935 1782 suam
957 1738 1015 1800 pro
1037 1717 1164 1782 iustitia
1215 1715 1337 1781 nullius
1364 1718 1562 1798 impuritatis
1589 1727 1646 1782 aut
1673 1718 1923 1800 imperfectionis
1947 1720 2041 1802 argui
2062 1741 2188 1785 merea·

68 1799 74 1810 ²
190 1809 384 1888 imputatam
415 1806 522 1869 fuisse.
580 1802 692 1883 Quum
725 1825 802 1886 ergo
833 1802 956 1867 editum
985 1804 1110 1868 facinus
1143 1825 1163 1868 a
1215 1800 1292 1864 tur?
1336 1802 1383 1866 Et
1413 1802 1572 1885 quomodo
1605 1812 1691 1868 esset
1718 1825 1827 1869 coram
1855 1804 1895 1869 iis
1922 1805 2038 1883 oculis,
2071 1806 2189 1887 quibus

189 1893 333 1957 Phineas
364 1892 561 1972 imputatum
582 1889 631 1953 illi
653 1890 753 1953 fuisse
776 1889 818 1952 ad
845 1889 1003 1953 iustitiam
1027 1883 1161 1968 dicatu,
1214 1907 1275 1951 nec
1302 1887 1415 1952 stellae
1436 1888 1515 1953 satis
1536 1889 1678 1954 mundae
1705 1898 1798 1968 sunt,
1826 1910 1887 1954 nec
1909 1890 2016 1974 angeli
2039 1893 2117 1957 satis
2138 1893 2188 1957 iu·

190 1977 275 2059 quod
298 1976 338 2040 de
358 1975 422 2040 fide
445 1975 613 2041 contendit
635 1974 768 2051 Paulus,
791 1973 902 2040 licebit
918 1975 1010 2039 nobis
1029 1973 1069 2039 de
1087 1996 1162 2056 ope·
1215 1971 1278 2037 sti?
1322 1972 1376 2037 Ita
1396 1973 1524 2037 nullum
1545 1983 1673 2039 exstare
1694 1975 1817 2040 bonum
1839 1997 1919 2058 opus
1942 1976 2115 2042 concedere
2136 1998 2189 2043 co-

190 2064 280 2127 ribus
309 2063 502 2126 ratiocinari.
553 2058 697 2124 Proinde
723 2059 900 2125 adversarii
923 2060 1041 2138 nostri,
1070 2061 1163 2142 quasi
1214 2068 1326 2141 getur,
1355 2058 1440 2140 quod
1461 2080 1528 2123 non
1550 2067 1583 2123 et
1605 2061 1760 2142 appositis
1783 2061 1846 2125 sibi
1868 2063 2188 2145 transgressionibus,

189 2170 226 2212 rc
248 2149 360 2225 evicta,
383 2148 585 2211 mustituunt
606 2168 665 2210 nes
687 2145 818 2226 quidem
846 2147 917 2209 sinc
936 2145 1002 2210 fide
1023 2167 1090 2210 non
1111 2146 1163 2210 iu·
1215 2150 1248 2206 et
1275 2165 1336 2209 sua
1360 2145 1462 2226 ipsius
1490 2146 1696 2227 corruptione
1717 2144 1878 2229 pollutum
1901 2147 1959 2226 sit,
1982 2169 2024 2211 ne
2046 2148 2190 2213 iustitiae

191 2234 341 2311 stificari;
360 2232 415 2297 sed
434 2253 539 2314 neque
556 2253 615 2313 per
632 2253 704 2295 eam
720 2231 893 2296 iustificari
911 2231 1021 2295 solam.
1051 2228 1163 2314 Opera
1214 2229 1373 2294 bonorem
1399 2238 1517 2294 teneat.
1570 2228 1667 2310 Quod
1693 2232 1720 2295 si
1746 2238 1890 2307 constat,
1920 2233 2190 2298 aiustiticatione

190 2341 276 2397 esse,
310 2339 392 2400 quae
424 2319 580 2382 iustitiam
613 2323 759 2381 nostram
791 2317 957 2398 impleant.
1007 2317 1080 2400 Ego
1109 2317 1162 2384 hic
1214 2315 1291 2380 fidei
1311 2317 1487 2397 proficisci,
1510 2323 1547 2379 ut
1568 2337 1680 2399 opera,
1701 2317 1830 2398 impura
1853 2317 1986 2398 alioqui,
2009 2318 2189 2398 immunda,

190 2407 260 2486 pios
282 2405 432 2480 obtestor,
455 2409 492 2466 ut
514 2404 541 2468 si
563 2423 675 2466 veram
696 2403 839 2466 iustitiae
861 2402 1009 2485 regulam
1031 2424 1072 2467 ex
1094 2404 1163 2468 sola
1216 2400 1393 2479 dimidiata,
1412 2400 1549 2485 indigna
1565 2401 1629 2466 Dei
1652 2407 1835 2484 conspectu,
1858 2401 1979 2466 nedum
1997 2420 2115 2482 amore,
2138 2405 2189 2469 iu·

191 2491 351 2572 scriptura
372 2488 546 2571 petendam
572 2495 708 2565 norunt,
736 2509 864 2552 mecum
886 2487 1035 2571 religiose
1058 2496 1091 2552 et
1112 2511 1163 2554 se-
1215 2487 1323 2551 stitiao
1350 2488 1566 2568 imputentur:
1592 2486 1670 2570 quid
1697 2488 1795 2552 huius
1821 2488 1995 2552 iactatione
2023 2488 2190 2555 destruere

190 2577 239 2640 rio
261 2574 462 2657 expendant,
488 2573 647 2656 quomodo
669 2574 830 2655 scriptura
851 2593 963 2638 secum
983 2575 1069 2655 ipsa,
1093 2574 1163 2639 sinc
1213 2572 1305 2636 illam
1322 2572 1511 2651 moliuntur,
1532 2594 1615 2655 quae
1637 2574 1665 2638 si
1687 2595 1754 2637 non
1775 2581 1861 2638 esset
1881 2574 1966 2638 hanc
1984 2574 2190 2641 1111111111-

191 2661 325 2740 cavillis,
348 2662 409 2724 rite
431 2660 596 2726 conciliari
622 2660 732 2742 possit
777 2656 889 2738 Quum
911 2659 1009 2724 sciret
1029 2660 1161 2739 Paulus,
1215 2657 1345 2722 tarent?
1393 2659 1614 2740 Vipereumne
1647 2665 1778 2741 partum
1815 2658 1921 2724 facere
1952 2658 2089 2724 volunt?
2139 2661 2190 2725 Eo

190 2747 266 2811 fidei
294 2747 555 2811 iustificationem
582 2745 759 2828 suffugium
782 2766 852 2809 esse
880 2745 921 2809 iis
950 2746 1006 2826 qui
1032 2746 1164 2828 propria
1215 2745 1304 2807 enim
1334 2743 1474 2809 tendunt
1506 2745 1680 2827 impiorum
1713 2743 1807 2810 dicta.
1862 2742 1957 2809 Fidei
1989 2745 2190 2810 iustificatio-

190 2834 313 2897 iustitia
335 2832 546 2910 deficiantur,
569 2830 722 2895 audacter
743 2831 855 2908 infert,
885 2831 1009 2895 iustitia
1029 2852 1164 2913 operum
1215 2850 1293 2893 nem
1319 2830 1532 2913 principium,
1555 2829 1821 2910 fundamentum,
1843 2851 1989 2921 causam,
2014 2851 2190 2914 argumen-

140 2989 144 2995 ,
191 2917 347 2993 exclusos,
367 2920 549 3000 quicunque
567 2915 631 2981 fida
649 2916 875 2980 iustificantur.
904 2913 1069 2996 Quoniam
1085 2938 1163 2980 vcro
1215 2922 1295 2993 tum,
1319 2915 1537 2981 substantiam
1558 2936 1693 2997 operum
1709 2916 1853 2981 iustitiae
1871 2937 1941 2982 esse
1965 2937 2031 2980 non
2053 2922 2191 2999 possunt

191 3012 318 3068 constat
339 3005 485 3067 omnium
503 3003 594 3066 illam
615 3023 685 3066 esse
710 3001 857 3066 fidelium
878 3021 1098 3081 communem,
1121 3023 1164 3066 ex
1214 3000 1369 3080 inficiari;
1394 3000 1591 3066 concludunt
1613 3011 1733 3080 tamen,
1757 3002 1822 3067 fide
1844 3023 1911 3066 non
1934 3002 2103 3067 iustificari
2130 3001 2190 3067 ho·

191 3110 228 3152 eo
250 3089 321 3169 pari
343 3087 462 3153 fiducia
484 3089 663 3166 constituit,
688 3087 838 3168 operibus
860 3089 1026 3152 neminem
1046 3088 1163 3153 instifi-
1213 3088 1347 3164 minem,
1370 3085 1456 3168 quod
1476 3087 1561 3152 bona
1582 3108 1708 3169 quoque
1730 3108 1828 3169 opera
1847 3089 1882 3152 in
1910 3087 2072 3152 iustitiam
2092 3108 2189 3170 repu—

190 3175 272 3247 cari;
301 3175 380 3255 quin
406 3175 511 3257 magis
533 3181 659 3250 011111,
688 3172 779 3237 nullo
800 3194 935 3255 operum
957 3173 1161 3252 adminiculo,
1214 3179 1333 3237 tentnr.
1379 3170 1580 3237 Omittamus
1602 3194 1679 3256 ergo
1701 3172 1943 3255 istasineptias
1965 3181 2006 3252 et,
2029 3172 2190 3255 quadres

189 3260 367 3323 iustificari.
402 3257 469 3323 sed
491 3258 580 3324 aliud
602 3265 652 3324 cst
672 3258 847 3341 disputare,
870 3258 948 3341 quid
967 3280 1027 3341 per
1048 3281 1082 3325 se
1105 3281 1163 3324 va·
1215 3265 1274 3336 est,
1296 3258 1470 3322 fateamur:
1494 3259 1523 3323 si
1544 3258 1656 3323 afidei
1674 3259 1900 3325 iustificatione
1918 3258 2087 3340 dependet,
2110 3280 2190 3340 qua-

189 3345 279 3408 leant
300 3365 412 3426 opera;
436 3345 523 3408 aliud
544 3365 608 3425 quo
630 3344 717 3423 loco„
730 3354 804 3427 post
825 3343 1002 3409 stabilitam
1019 3345 1095 3410 fidei
1112 3346 1163 3408 iu·
1214 3343 1383 3425 liscunque
1416 3343 1549 3408 tandem
1582 3353 1748 3420 censetur,
1783 3365 1918 3428 operum
1946 3345 2087 3422 iustitia,
2121 3365 2190 3407 non

191 3432 327 3507 stitiam,
355 3429 506 3494 habenda
532 3431 606 3494 sint
650 3429 689 3495 Si
709 3430 859 3512 operibus
882 3430 1091 3495 statuendum
1113 3437 1164 3496 cst
1214 3428 1310 3493 modo
1342 3450 1402 3511 per
1434 3429 1520 3495 hanc
1546 3429 1630 3494 nihil
1655 3430 1823 3508 imminui,
1851 3429 1908 3495 sed
1935 3431 2042 3513 potius
2070 3431 2187 3495 contir-

191 3537 249 3598 pro
281 3515 438 3598 dignitate
470 3537 530 3579 sua
561 3517 718 3597 pretium,
749 3516 885 3599 indigna
917 3537 988 3581 esse
1016 3515 1162 3596 dicimus,
1214 3515 1313 3593 mari,
1342 3536 1406 3597 quo
1431 3515 1588 3580 nimirum
1609 3516 1660 3581 vis
1685 3517 1754 3582 eius
1780 3516 1942 3598 potentior
1963 3515 2076 3581 elucet
2120 3514 2187 3579 Ne·

191 3622 272 3683 quac
294 3603 328 3664 in
351 3611 559 3682 conspectum
580 3602 644 3666 Dei
671 3601 837 3683 prodeant.
882 3601 961 3666 Ideo
983 3602 1065 3667 nihil
1087 3624 1163 3685 ope·
1214 3622 1277 3683 que
1299 3602 1399 3665 etiam
1420 3601 1468 3666 sic
1494 3609 1647 3684 putemus
1669 3601 1890 3666 commendari
1913 3608 1987 3682 post
2008 3600 2189 3684 gratuitam

191 3709 266 3751 rum
293 3686 413 3750 habere
443 3687 622 3764 hominem,
651 3708 713 3768 quo
742 3687 828 3769 apud
854 3688 964 3752 Deum
992 3687 1162 3771 glorietnr;
1214 3687 1475 3752 iustificationem
1503 3708 1615 3770 opera,
1643 3694 1680 3750 ut
1706 3695 1740 3751 et
1766 3688 1897 3769 ipsein
1931 3686 2038 3752 locum
2069 3687 2187 3751 iustifi-

191 3772 266 3836 indc
289 3773 376 3836 omni
398 3794 533 3854 operum
562 3771 758 3837 adminiculo
780 3780 916 3838 exutum
937 3773 1006 3838 sola
1026 3773 1092 3839 fide
1113 3775 1162 3838 iu·
1214 3771 1309 3836 candi
1336 3772 1478 3837 hominis
1503 3779 1616 3855 postea
1636 3772 1825 3850 succedant,
1856 3779 1914 3836 aut
1938 3771 2096 3837 eiusmodi
2118 3772 2188 3836 offi-

192 3859 333 3923 stificari.
384 3858 469 3922 Eam
496 3878 592 3939 porro
618 3858 776 3922 iustitiam
803 3858 991 3936 delinimus,
1022 3859 1108 3942 quod
1128 3860 1163 3923 in
1215 3858 1302 3924 cium
1323 3878 1398 3923 cum
1417 3857 1481 3923 fide
1503 3858 1695 3940 partiantur.
1734 3857 1808 3923 Nisi
1830 3858 1919 3923 enim
1940 3865 2096 3942 perpetuo
2117 3879 2188 3922 ma·

192 3942 316 4008 Christi
338 3943 598 4008 communionem
615 3952 763 4024 receptus
783 3952 948 4026 peccator,
966 3945 1035 4010 cius
1058 3947 1164 4029 gratia
1214 3950 1292 4008 neat
1324 3942 1427 4008 solida
1453 3942 1531 4008 fidei
1563 3944 1762 4022 iustificatio,
1801 3944 1933 4008 illorum
1964 3942 2188 4008 immundities

191 4029 263 4093 Dec
284 4029 524 4107 reconciliatur,
548 4028 627 4092 dum
648 4028 735 4094 illius
754 4031 913 4113 sanguine
934 4032 1126 4113 purificatus
1138 4031 1163 4117 ι)
1215 4029 1393 4117 detegetur.
1444 4028 1537 4094 Nihil
1565 4036 1676 4094 autem
1704 4030 1864 4094 absonum
1886 4037 1952 4110 est,
1974 4030 2021 4095 sic
2042 4028 2107 4094 fide
2129 4029 2188 4093 ho·

190 4127 397 4196 peccatorum
417 4115 640 4179 remissionem
661 4115 792 4193 obtinet,
816 4122 849 4179 et
869 4116 1001 4194 iustitia,
1023 4137 1090 4181 non
1112 4138 1163 4182 se-
1215 4115 1338 4178 minem
1358 4115 1541 4193 iustificari,
1570 4120 1608 4179 ut
1628 4137 1695 4180 non
1715 4116 1785 4198 ipsc
1806 4115 1901 4181 modo
1922 4117 2028 4180 iustus
2049 4114 2107 4192 sit,
2130 4113 2188 4178 sed

191 4222 248 4264 cus
272 4222 309 4264 ac
329 4201 468 4281 propria,
490 4202 636 4277 vestitus,
651 4222 768 4270 ,coram
790 4200 919 4266 coelesti
940 4201 1095 4266 tribunali
1112 4224 1163 4268 se·
1214 4222 1313 4283 opera
1350 4221 1476 4284 quoquc
1515 4201 1584 4265 eius
1623 4222 1724 4284 supra
1763 4201 1957 4286 dignitatem
1987 4200 2074 4266 iusta
2112 4220 2187 4264 cen·

192 4308 289 4350 curus
310 4285 464 4349 subsistit.
513 4286 704 4367 Praeposita
729 4295 935 4368 pcccatorum
963 4289 1162 4368 remissione,
1215 4293 1358 4352 scantur.
1600 4298 1607 4306 '

191 4392 274 4452 quae
297 4373 362 4435 iam
384 4381 565 4452 sequuntur
585 4372 670 4436 bona
692 4373 797 4454 opera,
821 4372 928 4450 aliam,
951 4394 1049 4455 quam
1067 4395 1087 4438 a
1105 4395 1163 4438 suo
1301 4377 1350 4437 70.
1395 4371 1467 4437 Haa
1483 4373 1602 4437 1111010
1618 4373 1818 4452 macianus,
1838 4393 1900 4438 aaa
1913 4372 2084 4454 partialem
2100 4372 2190 4437 modo

191 4458 316 4534 meritc,
334 4458 597 4521 aestimationem
619 4457 755 4535 habent;
778 4458 854 4538 quia
871 4457 1027 4540 quidquid
1045 4460 1081 4523 in
1098 4459 1164 4524 illis
1214 4459 1250 4522 a'a
1281 4457 1424 4541 operibus
1451 4458 1607 4522 laetatam
1641 4458 1737 4542 (quad
1763 4459 1828 4540 ipsi
1852 4457 2029 4523 aduersarii
2058 4456 2189 4539 101111),

192 4552 242 4605 est
284 4543 524 4623 11111011θο111,
569 4542 694 4607 Christi
726 4543 922 4624 perfectione
964 4546 1162 4628 contegitnr;
1214 4544 1268 4608 sul
1285 4544 1415 4626 perinde
1436 4543 1604 4625 approbari
1623 4542 1706 4623 Dao,
1733 4564 1769 4609 aa
1788 4545 1818 4609 sl
1834 4545 1972 4626 pascua
1993 4543 2191 4624 1110111111

192 4627 347 4709 quidquid
369 4650 547 4692 naevorum
575 4635 625 4693 est
653 4636 710 4692 aut
731 4628 884 4707 sordium,
908 4629 1052 4694 eiusdem
1074 4630 1163 4713 puri·
1213 4632 1298 4712 suet.
1344 4629 1406 4694 sea
1426 4630 1456 4695 ci
1477 4631 1707 4695 mcralacrlmue
1727 4650 1786 4713 qua
1805 4630 2004 4711 ferulaceam
2028 4628 2188 4709 fulciatur,

192 4721 258 4777 tate
290 4713 503 4797 abstergitur,
536 4735 577 4777 ne
610 4714 646 4776 in
674 4714 784 4779 iudicii
812 4712 912 4779 divini
943 4717 1164 4797 quaestionem
1215 4714 1317 4781 solata
1337 4717 1396 4781 erit
1417 4717 1519 4781 carnis
1538 4715 1716 4798 difficultas.
1758 4716 1893 4780 (1101101
1913 4716 1995 4779 enlm
2017 4733 2095 4794 epus
2116 4719 2190 4779 tuac

192 4800 310 4862 veniat.
362 4798 545 4864 Obliterata
571 4800 672 4882 igitur
699 4801 844 4865 omnium
868 4803 1165 4883 transgressionum
1215 4802 1339 4866 1011111
1359 4820 1424 4866 asse
1444 4802 1567 4882 incepit,
1588 4801 1643 4866 ubl
1663 4821 1733 4865 aum
1753 4802 1845 4864 acala
1865 4800 2044 4881 suscipitur.
2090 4799 2191 4864 Porro

192 4884 302 4965 culpa,
336 4886 452 4967 quibus
486 4885 708 4966 impediuntur
736 4885 883 4951 homines
912 4908 956 4950 ne
988 4887 1165 4969 quidquam
1216 4887 1298 4953 uada
1324 4888 1429 4964 01110,
1461 4887 1527 4952 alal
1554 4889 1630 4968 quta
1651 4887 1741 4950 Deus
1765 4905 1821 4949 aas
1847 4889 1875 4950 et
1900 4889 2007 4950 austra
2028 4885 2190 4949 01111111

192 4969 264 5032 Deo
285 4981 415 5053 gratim
437 4971 617 5053 proferant;
645 4970 770 5054 sepulto
792 4972 891 5036 etiam
912 4972 1165 5054 imperfectionis
1219 4971 1340 5039 cauce
1366 4972 1526 5036 1111101119
1578 4972 1840 5054 Queaadmodum
1860 4991 1929 5054 erpa
1949 4990 2005 5034 aas
2026 4972 2106 5051 ipsi,
2135 4969 2191 5034 ubi

1216 5060 1252 5122 ta
1282 5057 1441 5123 Christum
1465 5059 1555 5122 taciti
1580 5077 1703 5136 samue,
1732 5057 1800 5121 idco
1826 5056 1904 5120 iacti
1931 5076 2119 5137 apparemus
2145 5075 2191 5120 aa·

1114 5175 1118 5185 »
1216 5165 1287 5208 ram
1307 5145 1376 5208 Deo
1396 5144 1472 5223 quia
1494 5144 1561 5207 etas
1582 5143 1753 5207 1110001110
1774 5146 1970 5225 cremamur
1986 5147 2108 5206 aootrcc
2128 5141 2192 5206 ial-

263 5241 291 5307 1)
309 5253 437 5312 purgatus
457 5243 525 5297 1550
542 5260 611 5314 seqq.
1217 5232 1356 5311 guttatae,
1377 5231 1423 5293 sc
1443 5248 1536 5312 opem
1556 5234 1662 5294 costra
1683 5229 1768 5292 iusta
1788 5234 1861 5293 atat
1882 5233 1910 5294 ct
1931 5227 2087 5308 labent-ur,
2112 5228 2192 5309 quia

262 5326 373 5383 0011111·
385 5346 477 5398 opera.
494 5358 500 5369 -
515 5330 572 5385 Vol
588 5329 613 5384 1.
1951 5330 1987 5386 50
