4770 6030
174 347 236 408 eso
814 335 1534 429 cnr.xrn.(x1.)nnenrn1suo.
2113 340 2176 402 oss

172 455 415 524 onomaton
432 451 534 508 ceco.
1195 512 1198 518 ,

173 536 234 613 cot,
242 529 267 614 ¹)
318 527 358 595 Ut
383 548 481 626 quum
506 440 629 627 ddcitff)
657 536 861 626 sacramenta
878 526 1083 626 ‘Iudaeorum
1110 529 1147 593 in
1199 526 1426 624 sipnificatione
1446 525 1538 602 idern
1558 543 1620 589 non
1640 525 1748 605 specie.
1795 523 1879 620 Quia
1898 524 1982 588 Mun
2002 522 2178 622 priuata·-

173 612 616 781 tttt.fi¹¹:52.l.3‘'t.·⁸.t.l
632 634 783 781 mill?
802 615 1144 782 ttelt‘tltttt:
1200 619 1269 762 tt
1286 609 1714 778 ablambuit&
1729 608 1877 775 Ἣ
1890 610 2178 776 tltttlt.

174 783 301 869 Item,³)
329 786 365 849 iu
391 786 492 867 sipnis
514 785 648 848 dionem
674 785 779 848 eaden
797 784 891 865 iidem
922 785 967 848 sic
988 787 1024 848 iu
1045 785 1147 868 siquis
1199 785 1262 848 tiae
1283 804 1347 847 esse
1368 781 1567 846 cornedimuc.
1621 781 1758 861 Utraque
1778 780 1860 845 cuim
1876 786 2043 862 pometiam
2060 780 2125 845 Dei
2140 782 2177 845 in

172 871 322 948 dioneia,
345 875 380 935 ut
401 871 437 934 iu
458 869 558 934 uerbis
579 869 728 947 diversis,
755 871 832 949 quia
853 870 945 935 cerba
966 891 1058 935 corma
1079 891 1147 934 mu
1201 852 1325 933 Christo
1345 867 1590 944 beumoientiam,
1612 887 1649 931 ac
1670 867 1805 948 spirtus
1825 869 1926 931 sanai
1945 869 2069 949 pretias
2089 866 2178 932 mois

172 960 239 1021 tant
261 976 323 1040 per
349 960 501 1037 tempora,·
533 958 561 1019 et
589 956 696 1034 utique
722 955 804 1019 nihil
830 955 921 1020 aliud
949 961 1024 1020 sunt
1044 956 1145 1035 uerba,
1199 955 1306 1035 offerri
1327 958 1495 1032 momatur,
1527 953 1582 1017 sed
1608 957 1716 1016 nemra
1735 953 1896 1017 illustrius
1922 973 1959 1016 aa
1979 952 2176 1017 luculentius.

172 1062 268 1123 quam
289 1042 390 1123 sipna.
434 1040 588 1106 Bibebant
604 1045 713 1120 patres
734 1041 863 1104 eundem
881 1041 1079 1121 spiritualem
1089 1061 1146 1122 pa
1200 1040 1242 1102 In
1271 1041 1412 1121 utrisque
1442 1037 1559 1103 aaran
1585 1037 1746 1114 cointio,
1767 1039 1822 1102 sed
1848 1039 1885 1101 iu
1911 1037 1963 1102 leis
1989 1039 2114 1103 uberior
2140 1057 2178 1102 oc

171 1132 252 1205 tum,·
275 1147 351 1191 nom
372 1126 558 1208 corporalem
580 1146 641 1189 non
662 1127 798 1190 eundem
850 1126 955 1191 Videte
976 1149 1059 1210 erpo,
1084 1127 1146 1207 fide
1192 1126 1328 1207 plenior.
1363 1125 1482 1204 Nempe
1497 1128 1594 1204 proiit
1612 1123 1674 1204 fert
1693 1123 1796 1201 illud,
1824 1123 1862 1188 de
1882 1144 1942 1203 quo
1959 1144 2059 1204 supra
2081 1124 2177 1188 disse·

171 1217 327 1291 manente,
363 1214 455 1295 cipue
494 1212 635 1276 uariata:
666 1211 710 1274 iln'
736 1216 828 1292 petra
862 1211 1023 1293 Christum
1059 1213 1147 1277 nobis
1198 1211 1465 1288 calmacensis
1484 1214 1514 1274 et
1529 1210 1602 1273 uoci
1621 1210 1792 1273 testamenti
1813 1209 1989 1273 discrimen.
2021 1209 2126 1290 Atque
2140 1208 2178 1274 id

174 1296 318 1364 Olumtus
344 1298 426 1377 quod
451 1298 485 1360 in
512 1297 608 1361 altari
629 1299 776 1376 ponitur;
809 1300 837 1361 ct
871 1297 922 1362 illi
944 1318 1007 1378 pro
1033 1318 1147 1380 mapno
1199 1301 1244 1360 cst
1263 1295 1346 1377 quod
1367 1295 1463 1360 noluit
1485 1296 1568 1359 idern
1587 1293 1828 1378 Aupustinusi)
1851 1294 1956 1379 (quem
1974 1299 2008 1359 ut
2025 1296 2176 1376 optimum

171 1388 362 1449 samanteuto
381 1383 521 1448 bilerurtt
547 1403 664 1462 aquam
688 1383 890 1464 profluentem
916 1404 933 1446 c
953 1389 1060 1464 petra:
1090 1402 1148 1448 nos
1198 1402 1237 1446 en
1258 1387 1320 1446 tota
1341 1381 1528 1461 antiquitate
1553 1384 1582 1443 et
1606 1380 1828 1460 siddisumum
1853 1385 1957 1444 maim
1984 1382 2113 1461 saepius
2135 1380 2176 1444 ci·

171 1469 250 1551 quid
277 1469 433 1547 bibamus,
460 1474 575 1533 norunt
605 1466 719 1547 fideles.
766 1467 803 1532 Si
835 1468 990 1547 molitiem
1015 1469 1147 1549 speciem
1197 1466 1317 1551 winus)
1336 1486 1433 1548 quum
1454 1466 1553 1530 tradit
1574 1463 1698 1530 annuo
1714 1465 1845 1531 revelato
1864 1472 2060 1531 sacramanta
2074 1465 2177 1546 fuisse

171 1554 330 1633 tenendas,
358 1554 449 1619 alind
477 1559 536 1631 est;
569 1555 599 1617 si
630 1553 851 1636 inteliipibilem
880 1553 1162 1637 sipuilieationem„
1198 1553 1359 1632 instituta,
1386 1571 1514 1616 numero
1529 1552 1704 1631 muana,
1731 1552 1959 1641 aprificatione
1980 1551 2174 1635 mipuetiora,

172 1640 302 1706 mndem
322 1644 434 1721 potum
461 1640 658 1720 spiritualem
692 1639 841 1705 meunt.
885 1639 1028 1724 Alibi:⁴)
1062 1641 1146 1706 Mem
1198 1639 1311 1703 vomu
1325 1638 1568 1720 praestantiora.

172 1727 207 1789 in
232 1726 377 1807 mysterio
402 1723 489 1790 cmm
521 1730 548 1788 ct
576 1729 672 1805 potus
704 1725 833 1791 illorum
859 1727 915 1806 qui
943 1732 1060 1805 nostm,·
1092 1725 1147 1791 sed

961 2102 1368 2114 --——--⁴——-—

710 2426 914 2514 cneur
946 2429 1238 2516 uueruou
1269 2426 1602 2549 snermuu.
1616 2422 1644 2507 ο)

915 2634 1008 2730 DE
1035 2631 1385 2731 BAPTISMO.

263 2825 288 2884 l.
333 2817 527 2903 Baptismus
555 2819 683 2901 sipnum
711 2824 755 2883 est
786 2819 991 2897 initiamenta,
1024 2840 1085 2900 quo
1110 2820 1147 2883 in
1199 2818 1291 2884 nobis
1314 2819 1521 2902 accipiendus
1543 2819 1587 2884 sit
1607 2838 1681 2882 cum
1703 2817 1765 2881 hac
1786 2817 2009 2899 promissione,
2038 2818 2174 2900 quicun-

172 2906 515 2985 consummaremur
541 2905 726 2985 εοσὶείαλεγκ,
755 2911 789 2968 ut
813 2903 935 2969 Christo
956 2905 1047 2969 intuiti
1068 2905 1148 2970 inter
1199 2925 1262 2986 que
1301 2902 1497 2969 crediderint
1536 2910 1569 2968 et
1604 2904 1760 2985 baptizati
1801 2903 1923 2969 fuerint
1960 2902 2067 2968 salvos
2107 2904 2175 2968 fora

154 2990 254 3075 ¹filios
275 2990 340 3056 Dei
362 3011 548 3055 censeamur.
597 2989 698 3055 Porro
725 2991 761 3054 iu
788 2989 869 3054 bunc
893 2989 988 3070 finem
1011 2990 1148 3055 nobisa
1200 2989 1477 3074 (Marc.16,16).

171 3078 244 3142 Deo
272 3076 367 3139 datus
396 3084 458 3151 est,
491 3077 635 3159 primum
663 3082 701 3140 ut
728 3075 804 3140 fidei
832 3084 963 3140 nostrae
992 3076 1080 3141 aud
1102 3097 1146 3154 se,
1287 3079 1315 3139 2.
1365 3075 1405 3138 ln
1443 3075 1530 3140 hunc
1573 3095 1707 3139 sensum
1743 3073 1992 3159 intelligendum
2029 3073 2117 3157 quod
2155 3097 2176 3141 a

173 3161 289 3228 deinde
310 3170 348 3226 ut
370 3162 561 3226 confessioni
574 3160 661 3244 apud
679 3161 981 3227 hominesserviret
1048 3163 1148 3228 trius-
1199 3160 1305 3225 Paulo
1339 3159 1440 3245 (Eph.
1460 3166 1494 3239 5,
1514 3160 1570 3245 26)
1605 3160 1772 3238 scribitur,
1806 3161 1974 3226 eeclesiam
2008 3182 2028 3226 a
2057 3183 2175 3244 sponso

173 3269 235 3330 que
252 3248 464 3311 institutionis
481 3248 640 3311 rationem
659 3248 772 3312 ordine
795 3267 1035 3330 prosequemur.
1070 3249 1148 3314 'Pria
1200 3245 1333 3311 Ohristo
1366 3247 1601 3312 sanctificatam
1632 3266 1717 3324 esse,
1756 3254 1789 3310 et
1820 3244 2012 3312 mundatam
2044 3243 2175 3313 lavacro

174 3340 284 3397 autem
311 3333 407 3396 affert
433 3330 510 3395 fidei
538 3338 669 3397 nostrae
695 3333 890 3415 baptismus,
918 3355 1001 3416 qnae
1023 3334 1148 3416 etipsa
1200 3353 1311 3414 aquae,
1333 3333 1368 3395 in
1389 3333 1489 3397 verbo
1509 3333 1606 3410 ritae,
1629 3337 1663 3396 et
1680 3331 1757 3396 alibi
1776 3331 1854 3416 (Tit.
1868 3336 1897 3410 3,
1917 3332 1961 3416 5),
1980 3354 2040 3397 nos
2060 3353 2176 3398 secun·

173 3417 340 3500 sigillatim
362 3418 592 3499 pertractanda
613 3426 696 3483 sunt.
742 3419 815 3482 Hoc
832 3420 973 3500 primum
991 3425 1041 3483 est
1062 3419 1146 3502 quod
1199 3417 1277 3481 dum
1299 3418 1370 3482 eius
1391 3415 1649 3484 miscricordiam
1670 3417 1778 3483 salvos
1800 3419 1902 3483 factos
1924 3440 2010 3494 esse,
2040 3439 2099 3501 per
2126 3419 2174 3482 la-

173 3503 267 3567 nobis
285 3523 304 3565 a
320 3502 463 3565 Domino
473 3503 680 3587 proponitur:
704 3512 741 3568 nt
757 3504 941 3588 symbolum
958 3505 1001 3569 sit
1016 3515 1147 3570 nostrae
1199 3524 1334 3569 vacrum
1351 3503 1607 3586 regenerationis
1625 3510 1659 3568 et
1676 3504 1899 3568 renovationis
1909 3505 2045 3585 spiritus
2058 3504 2172 3569 senon.

172 3587 375 3672 purgationis
397 3608 434 3652 ao
456 3586 701 3669 documentum
729 3590 790 3666 vel,
811 3597 848 3653 ut
868 3589 985 3656 melius
1006 3591 1147 3674 explice-
1197 3588 1395 3667 EtaPetro,
1414 3590 1503 3672 qnod
1520 3589 1682 3672 baptisma
1699 3609 1759 3654 nos
1776 3589 1884 3655 salvos
1901 3589 2023 3738 facita}
2037 3590 2128 3654 Petr.
2143 3594 2172 3669 3,

172 3696 260 3752 mus,
287 3673 392 3737 instar
419 3674 530 3738 nuncii
559 3672 727 3738 cuiusdam
749 3676 904 3752 mittitur,
933 3697 992 3758 per
1012 3675 1146 3761 qnem⁷)
1199 3674 1265 3759 21).
1310 3674 1386 3739 Non
1419 3675 1508 3739 enim
1541 3676 1727 3757 significare
1754 3675 1858 3740 voluit
1888 3674 1944 3740 ille
1976 3695 1997 3738 a
2018 3675 2176 3741 lationem

172 3760 265 3825 nobis
295 3759 479 3836 confirmet,
512 3766 646 3840 peccata
674 3770 786 3825 nostra
815 3762 924 3826 omnia
957 3763 1003 3827 sic
1030 3761 1144 3841 deleta,
1197 3775 1230 3824 et
1250 3759 1389 3825 salutem
1411 3770 1558 3825 nostram
1578 3758 1800 3825 intercedente
1816 3760 1840 3844 ¹)
1862 3781 1948 3842 aqua
1969 3762 2091 3842 perfici,
2115 3768 2174 3826 aut

172 3845 315 3923 inducta,
338 3843 508 3908 obliterata
530 3865 616 3922 esse,
645 3866 687 3909 ne
714 3868 860 3928 unquam
882 3848 917 3910 in
939 3856 1146 3930 conspectum
1197 3865 1317 3928 a<luam
1343 3844 1522 3930 purgandi,
1552 3844 1781 3929 regenerandi,
1809 3845 1990 3911 renovandi
2016 3847 2175 3917 virtutem

172 3954 270 3996 sunm
290 3930 438 4006 veniant,
466 3951 508 3994 nc
530 3941 835 4009 commemorentur,
869 3954 911 3996 ne
932 3934 1143 4017 imputentur.
1196 3932 1232 3995 in
1254 3953 1289 3996 se
1310 3932 1485 4009 continere,
1509 3952 1616 4015 neque
1635 3931 1689 3996 hic
1711 3930 1826 3997 salutis
1849 3951 1990 4009 causam,
2013 3931 2071 3996 sed
2089 3932 2174 3999 dun·
2256 4008 2258 4020 Ι

172 4017 256 4081 Vult
275 4017 362 4080 enim
380 4036 493 4079 omnes
510 4015 566 4096 qui
586 4014 790 4095 crediderint,
809 4019 969 4100 baptizari
985 4021 1019 4083 in
1031 4021 1145 4085 remis·
1196 4023 1290 4082 tarem
1316 4016 1432 4081 talium
1459 4017 1617 4082 donorum
1645 4017 1863 4099 cognitionem
1890 4025 1924 4082 et
1945 4017 2175 4085 certitudinem

172 4103 297 4167 sionem
318 4109 535 4183 peccatorum.
569 4099 680 4180 Quare
698 4103 753 4184 qui
772 4105 913 4169 scribere
932 4106 1002 4170 ausi
1020 4113 1105 4185 sunt,
1113 4107 1144 4189 ⁸)
1196 4104 1232 4166 in
1260 4102 1321 4166 hoc
1350 4112 1553 4167 sacramento
1580 4102 1716 4186 percipi;
1742 4102 1830 4185 quod
1857 4104 1966 4169 verbis
1992 4104 2072 4186 ipsis
2094 4104 2174 4169 satia

171 4189 371 4271 baptismum
392 4209 459 4250 non
481 4183 570 4251 aliud
591 4207 776 4268 essequam
794 4196 951 4254 tesseram
968 4212 1006 4257 ac
1023 4197 1144 4270 notam,
1196 4188 1364 4254 evidenter
1386 4188 1577 4271 explicatur.
1622 4188 1710 4253 Nam
1729 4188 1867 4253 verbum
1889 4190 1976 4255 ritae
1999 4198 2032 4252 ct
2048 4189 2172 4271 baptis·

171 4295 236 4357 qua
263 4272 452 4356 religionem
477 4279 623 4337 nostmm
654 4272 741 4354 apud
767 4275 915 4341 homines
943 4278 1144 4358 profitemur,
1196 4295 1287 4338 mum
1321 4295 1425 4356 aquae
1458 4272 1556 4338 simul
1577 4273 1741 4340 connectit
1761 4273 1899 4339 Paulus:
1935 4296 1972 4340 ao
1994 4274 2022 4338 si
2042 4272 2172 4354 diceret,

171 4357 332 4443 quomodo
354 4358 559 4442 imperatoris
579 4358 629 4422 sui
652 4358 793 4441 insignia
809 4362 1000 4508 praeferunt
1014 4363 1144 4441 milites,
1195 4382 1255 4444 per
1282 4359 1489 4442 evangelium
1516 4360 1609 4426 nobis
1636 4366 1768 4424 nostrae
1799 4360 1975 4425 ablutionis
1998 4365 2031 4422 et
2052 4360 2173 4424 sancti·

170 4446 207 4510 in
227 4467 306 4511 suae
326 4445 533 4527 professionis
556 4452 676 4522 notam,
697 4445 725 4508 ii
746 4464 809 4526 quo
853 4448 996 4530 primum
1018 4457 1089 4513 erat
1109 4450 1145 4513 in
1196 4444 1356 4512 ficationis
1373 4445 1528 4514 nuntium
1545 4446 1671 4525 afferri;
1689 4466 1749 4528 per
1765 4445 1965 4530 baptismum
1985 4442 2173 4511 huiusmodi

169 4531 330 4613 baptismo
361 4552 428 4595 non
449 4529 699 4613 perpenderunt.
744 4529 785 4595 Id
812 4553 891 4596 vero
919 4542 983 4612 est,
1018 4533 1146 4618 quoda
1195 4532 1350 4597 nuntium
1390 4530 1564 4614 obsignari.
1619 4531 1666 4594 Et
1703 4528 1813 4596 subdit
1851 4532 2006 4597 continuo
2039 4530 2171 4610 Petrus,
2258 4578 2262 4585 ,

714 4658 718 4665 ‚
1195 4617 1358 4700 baptisma
1380 4615 1463 4681 illud
1485 4638 1553 4681 non
1574 4637 1646 4683 esse
1673 4614 1907 4700 depositionem
1929 4613 2080 4680 sordium
2101 4636 2173 4682 car·

1196 4703 1257 4781 nis,
1280 4702 1337 4769 sed
1359 4702 1591 4768 conscientiam
1618 4703 1738 4768 bonam
1760 4700 1847 4785 apud
1868 4703 1993 4779 Deum,
2025 4721 2108 4784 quae
2131 4722 2173 4766 ex

170 4689 303 4696 —---...

168 4839 178 4890 l
213 4769 267 4850 ¹1)
304 4769 367 4850 17⁰.
384 4769 427 4822 '⁸⁸3⁹
449 4770 480 4822 ’ἢ
503 4766 658 4851 ’1111539
683 4769 794 4850 hm*
821 4771 898 4837 Q¹¹⁰d
923 4789 1005 4840 quum
1029 4789 1064 4825 ⁰¹
1087 4773 1144 4854 sim
1195 4785 1260 4852 fide
1282 4797 1340 4854 est.
1385 4788 1457 4853 Imo
1478 4810 1546 4853 non
1568 4789 1666 4852 aliam
1692 4788 1785 4852 nobis
1812 4787 2072 4869 purificationem
2093 4787 2172 4869 bap-

180 4854 220 4891 oc1
247 4855 368 4908 propiori
397 4843 508 4905 aspectu
531 4838 643 4890 iudicari
668 4837 746 4892 facile
800 4846 863 4905 test,
887 4846 945 4893 tum
970 4859 1004 4894 ex
1027 4841 1145 4894 homeha
1213 4873 1219 4886 ·
2110 4872 2116 4884 ·
2146 4871 2153 4884 ·

188 4909 285 4960 uadum
304 4909 350 4959 ubi
369 4914 463 4975 aperta
481 4908 635 4960 latetur...
711 4906 742 4974 2)
787 4911 859 4962 omil.
878 4911 906 4963 in
924 4910 1017 4963 Ioann.
1035 4908 1078 4973 26,
1103 4909 1142 4962 12.
1196 4882 1318 4971 mulus,
1332 4875 1517 4972 Pomoemrt
1548 4894 1645 4957 quam
1673 4893 1733 4955 pm
1759 4874 1980 4956 agpersionem
2002 4892 2173 4956 sangum

169 4924 200 5042 d)
217 4977 317 5030 Hamil.
336 4977 364 5029 in
382 4978 475 5030 Ioann.
493 4974 578 5040 eope.
648 4975 678 5041 4)
696 4978 730 5031 In
747 4978 819 5031 Psal.
838 4976 879 5041 77,
898 4978 955 5032 c.2.
1025 4977 1056 5045 5)
1074 4978 1143 5032 Oen·
1196 4958 1334 5023 ellum:
1357 4981 1415 5042 qul
1436 4981 1495 5044 Per
1517 4979 1650 5042 aquam,
1679 4963 1812 5041 Propter
1833 4955 2016 5022 mundandi
2037 4957 2172 5023 abluen'

169 5048 213 5095 tra
229 5045 357 5098 Faustum
381 5062 403 5097 c.
423 5044 469 5110 19,
495 5043 535 5099 13.
576 5044 617 5098 De
640 5046 725 5099 doctr.
750 5046 843 5099 christ.
865 5046 890 5112 3,
915 5046 956 5100 13.
998 5047 1086 5167 hym
1109 5047 1143 5101 ad

168 5112 275 5164 Ianuar.
294 5111 345 5166 118
362 5112 429 5180 (el).
475 5111 505 5181 6)
524 5112 666 5168 Editiouia
684 5131 707 5168 a
728 5113 796 5168 1539
816 5113 882 5184 Cap.
903 5115 957 5168 XI.
1027 5117 1144 5184 >instar

169 5181 267 5248 signati
296 5183 432 5234 emundant
463 5183 618 5253 diplomatis
650 5185 771 5237 mittitur
794 5201 848 5252 quo
872 5181 940 5237 1543
968 5199 1038 5254 seqq.
1113 5182 1144 5252 8)

168 5248 287 5302 Proinde
306 5252 403 5317 quibus
421 5251 507 5304 visum
528 5257 570 5305 est
588 5249 657 5306 154³
675 5267 743 5323 seqq.
1266 5246 1296 5318 1)
1312 5248 1498 5303 intercedente
1516 5250 1601 5304 omit.
1620 5247 1689 5302 1543
1705 5263 1775 5320 seqq.
