4770 6030
219 351 279 413 631
359 378 362 384 ·
787 340 1055 411 INSTITU'PIO
1077 344 1181 410 REIr.
1204 342 1385 410 CHRIST.
1411 345 1644 407 1539-1554.
2152 345 2213 407 632

1982 456 2094 525 32123
2112 456 2216 512 0213.

215 537 351 602 orandas
379 534 531 600 eiusmodi
556 533 648 616 sipna
674 531 830 610 adhibmt,
858 538 894 595 ut
918 532 1045 596 minime
1064 529 1191 596 dubium
1241 528 1328 592 nobis
1356 530 1506 610 apparuit
1530 528 1687 608 Christis,
1715 530 1758 593 ad
1778 530 1859 597 diem
1886 443 1984 612 usquh
2003 532 2130 611 iudicii,
2155 554 2216 614 per

215 622 284 687 illis
305 640 369 686 esse
390 624 507 701 posset,
528 618 633 683 Deum
655 638 720 682 esse
741 618 796 699 qui
817 617 1000 697 loqmbatur.
1047 615 1192 680 Patrior·
1242 614 1350 678 horam
1366 615 1575 694 moissimam,
1593 616 1762 679 norissima
1779 621 1922 698 tempora,
1939 617 2122 682 nouissimos
2138 620 2215 700 dies,

216 707 289 772 chae
316 706 396 786 quod
421 710 610 787 acceperant,
641 705 683 768 ad
705 708 844 785 posteros
864 725 925 785 per
951 722 1064 767 manus
1090 706 1192 765 trans-
1242 700 1439 782 desipndm:
1470 720 1528 781 quo
1560 700 1674 766 scilieet
1706 701 1859 767 doetrinae
1892 702 2010 767 Christi
2032 705 2216 785 Medione

216 793 384 871 miserum,-
411 812 448 856 ea
474 792 556 855 enim
582 791 644 873 tepe
670 789 756 870 apud
781 790 867 870 ipsos
891 790 1071 870 deposuerat
1092 786 1190 865 Deus,
1242 788 1369 850 cementi
1395 785 1552 850 discamus
1572 787 1694 851 nullam
1713 787 1799 851 ultro
1824 808 1950 867 noram,
1977 790 2140 854 outmobis
2158 792 2216 872 fin·

214 883 251 942 ut
275 878 322 940 ita
344 881 562 960 propaporent.
607 874 689 939 Filii
706 895 777 939 cero
799 895 835 939 ac
855 880 988 956 nepotes,
1017 873 1084 939 Deo
1105 874 1191 936 intus
1240 891 1318 953 pere,
1341 876 1396 936 aut
1416 871 1455 935 ab
1476 872 1552 935 aliis
1573 874 1729 954 confidam
1748 875 1914 938 admittere.
1953 873 2073 955 Itaque,
2095 896 2156 939 non
2177 883 2216 942 te-

215 963 360 1041 diotante,
382 961 515 1027 sciebant
536 983 553 1027 e
573 961 649 1026 coelo
671 981 751 1040 esse,
772 980 833 1024 nan
855 981 892 1024 ee
913 966 1011 1039 terra,
1033 960 1114 1041 quad
1136 978 1192 1022 αα-
1242 976 1323 1020 mere
1346 956 1448 1037 tilium
1469 958 1625 1041 deputari
1647 960 1865 1041 praeropatina
1886 960 1972 1023 nobis
1993 961 2141 1026 doctorem
2155 984 2216 1045 pa

174 1043 177 1050 ’
216 1048 347 1114 diebant.
1242 1047 1287 1106 ter
1312 1042 1481 1121 ordinarit,
1503 1044 1624 1124 ipsum,
1653 1064 1714 1108 non
1734 1043 1893 1109 hominum
1914 1048 2106 1128 quempiam,
2122 1069 2216 1130 prae

306 1136 376 1196 142.
416 1132 476 1198 Ubi
492 1138 594 1197 auton
605 1132 741 1198 Domim
751 1133 854 1195 ouum
871 1136 915 1195 est
931 1131 1131 1195 dtustrroran
1148 1149 1192 1194 ec·
1243 1128 1358 1208 omina
1380 1129 1486 1193 audiri
1507 1129 1641 1212 (Marrh.
1664 1134 1712 1209 17,
1732 1129 1775 1215 b).
1822 1130 1940 1196 Paucis
1966 1132 2089 1212 quidem
2115 1135 2215 1199 uerbis

133 1257 136 1263 ·
216 1218 327 1284 alesine
348 1218 483 1299 formam
500 1220 640 1297 enodare,
663 1218 788 1282 rubum
804 1237 897 1280 suum
913 1217 1062 1280 mandari
1079 1216 1191 1296 scripta
1242 1215 1310 1278 nus
1331 1214 1418 1277 nobis
1442 1216 1656 1297 mapisterium
1677 1217 1908 1296 commendarit,
1935 1239 2031 1298 quum
2052 1219 2146 1299 died,
2168 1222 2215 1302 ip

217 1325 254 1371 ac
275 1305 452 1388 consipnari
478 1304 587 1383 noluit,
614 1304 741 1368 atinde
759 1307 896 1386 peterent
921 1303 1090 1367 sacerdotes
1111 1301 1192 1381 quod
1242 1319 1313 1363 sum
1334 1300 1454 1379 audita·
1480 1302 1534 1366 sed
1554 1301 1666 1381 onibus
1692 1301 1772 1366 inest
1793 1303 1870 1383 plus
1895 1303 2046 1384 quddam
2066 1307 2216 1386 ponderis

212 1391 329 1473 populo
355 1391 520 1469 traderem,
549 1395 642 1471 utone
670 1390 713 1454 ad
738 1410 805 1454 eam
832 1388 972 1472 requiam
992 1389 1091 1451 munis
1112 1406 1191 1468 quac
1243 1404 1280 1449 ac
1305 1387 1459 1469 enerpiae,
1486 1407 1580 1468 quam
1607 1387 1696 1470 culpo
1723 1388 1921 1453 epistimetur.
1973 1388 2109 1455 Perinde
2135 1393 2218 1456 enim

217 1478 390 1542 traderetur
417 1476 557 1541 doctrina
577 1477 756 1558 eriperetur.
800 1474 912 1555 Itaque
934 1477 1006 1555 post
1026 1472 1103 1555 lepis
1117 1492 1191 1553 pro-
1243 1475 1295 1548 est,
1316 1491 1352 1535 ae
1372 1472 1402 1535 si
1418 1472 1457 1536 ab
1474 1472 1613 1537 munimus
1635 1473 1792 1537 hominum
1810 1474 1957 1538 doctrinis
1978 1474 2123 1541 abductos
2145 1477 2217 1541 hum

218 1561 434 1645 mulpationem
453 1582 548 1643 quum
568 1561 712 1626 iubentur
733 1560 826 1645 (Mal.
846 1564 875 1639 2,
895 1558 930 1642 7)
951 1560 1119 1624 sacerdotes
1140 1557 1192 1622 do
1241 1557 1300 1619 uni
1320 1577 1376 1620 nos
1392 1558 1527 1637 sisteret;
1554 1559 1593 1623 ab
1614 1578 1676 1622 uno
1697 1579 1815 1624 omnem
1842 1559 1955 1624 salutis
1976 1561 2148 1626 doctrinam
2164 1584 2218 1646 pe-

218 1666 283 1712 cere
308 1668 346 1712 en
374 1667 424 1712 ore
450 1646 596 1726 Domini,
626 1667 736 1711 sensrrs
764 1652 821 1725 est,
846 1666 884 1710 ne
909 1646 987 1725 quid
1012 1649 1191 1708 extraneum
1242 1647 1302 1706 tere
1323 1642 1450 1721 iuberet,
1474 1643 1512 1708 ab
1532 1664 1595 1708 uno
1611 1645 1758 1725 pendere,
1787 1647 1823 1709 in
1844 1666 1906 1709 uno
1925 1644 2065 1726 haerere,
2088 1648 2219 1729 denique

216 1738 272 1798 aut
292 1733 429 1798 atienmn
449 1734 488 1798 ab
509 1754 542 1798 eo
560 1733 714 1798 doctrinae
727 1753 834 1815 periere
845 1732 981 1809 doceant,
1003 1731 1085 1811 meod
1100 1729 1191 1794 Deris
1243 1727 1338 1813 (prod
1358 1728 1450 1792 rerba
1477 1734 1601 1815 sonant)
1629 1731 1727 1795 nnius
1752 1732 1818 1794 voci
1844 1728 2028 1796 auscultare.
2071 1732 2114 1796 Et
2141 1755 2218 1798 sane

216 1820 252 1884 in
276 1818 338 1902 leae
366 1819 646 1901 comprehenderam
671 1819 784 1883 addere
811 1838 882 1883 nera
903 1837 941 1881 ac
960 1817 1112 1893 minuere,
1141 1836 1191 1879 ne·
1242 1814 1318 1893 qum
1337 1814 1404 1877 νἀνα
1425 1814 1464 1877 ab
1480 1815 1601 1880 homine
1622 1821 1677 1879 out
1697 1818 1880 1897 exspectari,
1908 1823 1963 1882 aut
1985 1820 2082 1900 expeti
2103 1819 2215 1898 elehem,

215 1905 269 1986 fas
289 1905 356 1968 illis
374 1904 445 1984 suit.
480 1904 611 1985 Sequuti
631 1908 710 1968 sunt
723 1904 832 1967 deinum
846 1901 1021 1984 prophetae,
1038 1923 1099 1982 per
1115 1921 1192 1983 quos
1242 1898 1296 1962 ubi
1323 1899 1448 1964 ombum
1475 1901 1579 1981 nisum
1603 1903 1684 1966 uitae
1701 1901 1905 1982 familiariter
1932 1922 1965 1968 se
1984 1903 2085 1983 nobis,
2113 1925 2150 1969 ac
2170 1926 2217 1970 co

216 2010 295 2054 nava
321 1991 445 2070 onmem
471 1991 597 2054 macuta
613 1989 785 2071 publicauit
804 1988 908 2067 Deus,
935 2009 1014 2069 quae
1034 1988 1077 2050 ad
1097 1987 1191 2070 ltpem
1242 2005 1312 2048 ram
1338 1985 1527 2067 explicarit?
1571 1986 1654 2068 Quin
1680 1988 1817 2052 munium
1842 1988 2001 2053 hominnm
2026 2010 2083 2054 ora
2109 1991 2217 2056 clausa
2276 2018 2277 2021 ¹

216 2076 418 2154 adderentur3
444 2096 506 2140 uon
532 2077 577 2140 sie
596 2080 697 2139 tamen
717 2095 811 2153 nouo,
840 2075 917 2154 quin
939 2094 976 2137 en
997 2073 1058 2156 lep'e
1081 2094 1192 2137 marra
1242 2090 1307 2135 esse
1328 2073 1471 2150 concutit,
1488 2077 1653 2154 postquam
1675 2073 1767 2137 semel
1788 2074 1932 2154 hanutus
1953 2080 1997 2139 est
2017 2075 2083 2154 ille,
2104 2077 2139 2139 in
2158 2098 2217 2157 ouo

216 2166 292 2239 rent,
314 2166 342 2225 et
362 2162 397 2225 in
417 2161 520 2243 ipsam
546 2161 734 2241 respicerent.
782 2160 938 2241 ραανααα
959 2160 1041 2223 mim
1062 2159 1104 2223 ad
1124 2159 1191 2223 doc
1242 2155 1376 2221 coeteshs
1393 2162 1487 2238 pater
1499 2187 1503 2197 ·
1515 2178 1618 2224 omnes
1642 2160 1787 2223 scmntiae
1807 2165 1835 2224 et
1861 2160 2032 2240 sapientiae
2057 2161 2218 2227 thesauros

188 2260 191 2264 ’
216 2248 342 2325 trimano,
362 2247 439 2329 imis
458 2248 612 2311 duntacat
631 2247 809 2328 interpretes
827 2246 969 2327 fuerunt·
994 2264 1048 2309 nec
1068 2244 1191 2325 aliquid
1242 2241 1337 2306 noluit
1365 2262 1430 2306 esse
1456 2242 1644 2308 absconditos
1667 2244 1750 2326 (Col.
1773 2249 1801 2324 2,
1822 2243 1874 2328 3);
1901 2251 1929 2309 et
1955 2247 2000 2310 sie
2027 2248 2151 2328 quidem
2177 2249 2218 2313 lo

216 2333 259 2396 ad
285 2353 353 2397 eam
379 2333 580 2410 addiderunt,
612 2333 677 2396 nisi
707 2333 858 2396 uaticinia
884 2331 922 2396 de
947 2330 1037 2394 rebus
1062 2330 1190 2411 tuturis.
1237 2332 1357 2408 ,enatus
1376 2334 1435 2406 est,
1456 2334 1492 2392 nt
1511 2334 1539 2393 et
1559 2328 1625 2394 Dei
1644 2331 1830 2412 sapientiam
1852 2331 1946 2415 (quae
1965 2331 2055 2396 nulla
2074 2335 2111 2397 in
2125 2339 2218 2415 parte

217 2417 283 2482 His
304 2419 442 2499 exeeptis,
463 2417 544 2483 nihil
565 2417 656 2482 aliud
670 2412 882 2498 'prodiderunt
901 2436 996 2496 quom
1008 2436 1129 2497 puram
1151 2416 1191 2480 le-
1241 2413 1346 2477 hiulca
1364 2413 1423 2496 est)
1450 2419 1478 2478 et
1506 2414 1659 2481 Messium
1687 2414 1723 2501 (a
1744 2436 1803 2498 quo
1829 2419 1966 2481 onmium
1987 2418 2131 2483 revelatio
2152 2441 2217 2501 spe

243 2505 250 2517 ’
294 2503 531 2584 eeptmationem.
583 2503 697 2568 Verrem
724 2504 801 2583 quia
828 2501 965 2572 Domino
987 2501 1129 2583 placebat
1153 2501 1191 2564 il-
1241 2498 1384 2578 rabatru,
1415 2498 1505 2564 Ioan.
1525 2506 1554 2577 4,
1575 2502 1631 2586 25)
1653 2502 1784 2578 duebat,
1813 2502 1867 2567 hoe
1888 2508 1946 2582 est,
1973 2508 2009 2567 ut
2023 2510 2097 2584 post
2116 2525 2149 2569 se
2168 2507 2217 2570 nt

214 2523 267 2653 hm
304 2589 310 2601 '
344 2609 391 2653 em
411 2595 530 2655 exstare
550 2590 721 2655 doctrinam
740 2594 769 2653 et
787 2587 976 2669 ampliorem,
999 2607 1058 2669 quo
1079 2587 1190 2651 melius
1241 2583 1287 2648 hil
1307 2585 1388 2649 aliis
1403 2586 1566 2650 dicendum
1586 2588 1752 2668 reliquerit.

216 2674 354 2754 infirmis
374 2676 565 2739 conscientiis
581 2675 752 2756 satisfieret,
766 2673 945 2756 prophetias
961 2693 1078 2753 quoqne
1094 2673 1191 2754 scrip
1331 2675 1400 2734 144.
1446 2671 1524 2735 Esto
1544 2673 1643 2754 ipitur
1662 2674 1717 2738 hoe
1735 2675 1863 2755 hrrnum
1885 2676 2028 2739 namma:
2049 2695 2108 2738 nou
2126 2676 2215 2740 aliud

177 2756 179 2760 ⁴
216 2760 259 2824 tis
289 2760 437 2824 mandari
460 2761 630 2841 praecepit,
662 2765 690 2826 et
724 2760 831 2825 haberi
861 2757 945 2823 verbi
977 2759 1029 2823 sui
1056 2763 1189 2839 portem.
1242 2755 1413 2820 habendum
1439 2778 1504 2822 esse
1532 2758 1595 2822 Dei
1621 2758 1758 2838 rubum,
1788 2761 1839 2823 cui
1865 2761 1955 2824 detur
1975 2762 2010 2824 in
2031 2761 2153 2825 ecclesia
2175 2762 2215 2826 lo

217 2845 283 2910 His
303 2846 400 2910 sirnm
420 2852 610 2910 mcesserunt
630 2846 786 2925 historiae,
808 2865 887 2926 quoe
907 2850 935 2908 et
954 2845 1044 2926 ipsae
1058 2843 1190 2926 prophe-
1242 2861 1304 2919 eus,
1322 2862 1417 2921 quam
1434 2844 1515 2923 quod
1531 2843 1593 2925 lepe
1605 2845 1749 2926 primum
1766 2845 1974 2927 etprophetis,
1993 2847 2103 2911 deinde
2119 2848 2216 2930 scrip

216 2935 322 2996 tarum
347 2937 420 2996 sunt
444 2931 682 3010 luminatione,
709 2932 763 2995 sed
789 2931 921 2994 dictante
947 2931 1064 3011 spiritu
1086 2935 1190 2994 sanato
1241 2928 1283 2991 tis
1311 2928 1485 3008 apostolicis
1506 2930 1692 3009 continetur,·
1716 2951 1769 2996 uec
1798 2931 1897 2995 alium
1924 2952 1990 2996 esse
2010 2933 2069 2997 rite
2090 2933 2216 2998 docendi

216 3017 405 3097 compositae.
450 3016 594 3082 Psalmos
608 3017 780 3098 prophetiis
796 3017 973 3093 adnumero,
995 3017 1118 3097 qumodo
1139 3015 1191 3079 his
1241 3014 1277 3076 in
1303 3013 1427 3078 ecclesia
1455 3015 1595 3093 modum,
1623 3017 1688 3079 nisi
1714 3037 1752 3081 er
1778 3017 1846 3081 eius
1867 3017 1951 3082 oerbi
1971 3021 2217 3101 praescriptaet

216 3121 372 3166 commune
398 3108 455 3180 est,
483 3104 563 3183 quod
583 3102 650 3165 illis
670 3102 843 3166 tribuimus.
889 3102 999 3165 Totum
1020 3122 1089 3184 erpo
1110 3101 1190 3165 illud
1239 3119 1357 3164 norma
1401 3099 1486 3164 Hinc
1512 3102 1606 3164 etiam
1625 3102 1812 3184 callipimus,
1834 3123 1895 3167 non
1916 3103 2006 3167 atiud
2024 3107 2216 3184 permissum

216 3205 393 3269 oarprrser
419 3188 495 3269 iope,
519 3188 709 3270 prophetiis,
724 3187 874 3268 psalmis,
904 3186 1094 3252 cimeteriis
1113 3207 1190 3251 corn
1239 3185 1341 3266 fuisse
1360 3186 1515 3266 apostolis,
1538 3207 1633 3267 quam
1653 3188 1733 3268 quod
1754 3189 1829 3252 olim
1845 3188 2017 3253 imbuerant
2030 3189 2216 3272 prophetae:

210 3278 355 3356 paetum,
383 3273 507 3338 oerbnm
528 3272 661 3337 Domini
685 3273 749 3353 fuit
768 3273 860 3338 veteri
881 3273 1012 3355 populo,
1035 3273 1077 3338 ad
1098 3274 1190 3337 cuins
1240 3291 1361 3351 nempe,
1390 3275 1425 3334 ut
1444 3276 1569 3336 veterem
1593 3275 1782 3355 scripturam
1808 3280 2003 3356 erponment,
2026 3296 2063 3340 aa
2084 3276 2217 3341 ostende

81 3368 83 3383 ¹
215 3358 355 3442 reputem
381 3360 550 3425 sacerdotes
576 3364 604 3424 et
631 3359 778 3437 donnes,
800 3378 897 3439 nsque
923 3359 966 3423 ad
989 3356 1108 3423 Christi
1134 3359 1190 3422 ad-
1240 3361 1307 3420 rent
1327 3356 1363 3419 in
1386 3354 1508 3422 Gloriam
1528 3359 1673 3440 conpleta
1694 3378 1766 3437 esse,
1788 3381 1869 3441 quae
1889 3361 1955 3425 illic
1975 3362 2159 3440 traduntnr‚·
2181 3361 2216 3426 id

215 3450 350 3523 centurn,
378 3465 469 3510 suam
497 3446 668 3510 doctrinam
699 3446 818 3528 exipem
843 3443 1026 3523 debriernnt;
1053 3464 1106 3508 nec
1136 3444 1189 3525 fas
1239 3431 1472 3524 ipsum'tamen
1497 3463 1558 3508 non
1582 3445 1731 3526 faarai,
1760 3447 1826 3511 nisi
1849 3467 1888 3511 ea
1912 3444 2064 3528 Domino,
2091 3447 2146 3510 hoc
2172 3452 2216 3512 est

215 3530 282 3595 illis
302 3531 364 3610 fuit
382 3532 430 3596 nel
451 3531 493 3596 ad
513 3532 683 3608 deuterum,
711 3529 820 3595 netad
846 3531 1010 3595 sinmham
1029 3531 1189 3610 deflectere
1235 3532 1419 3610 praeeunte,
1447 3533 1474 3592 et
1494 3529 1586 3594 umbo
1612 3531 1832 3611 quodamnrodo
1858 3532 1989 3596 dictante
2012 3529 2131 3597 Christi
2151 3533 2215 3614 spi-

220 3617 303 3698 Quia
323 3622 417 3681 tatum
438 3618 577 3697 ipsorum
597 3636 713 3681 munus
732 3616 783 3680 his
802 3615 917 3697 finibus
938 3616 1093 3680 inclusum
1114 3621 1188 3694 mot,
1241 3614 1314 3677 ritu.
1358 3612 1430 3678 Hae
1452 3615 1534 3678 enim
1555 3616 1617 3700 lepe
1637 3636 1743 3681 eorum
1764 3617 1943 3700 lepatiomm
1964 3618 2101 3699 definivit
2125 3616 2215 3682 anm

216 3707 251 3765 ut
272 3723 310 3765 en
327 3723 381 3793 pre
402 3701 466 3766 Dei
477 3703 594 3784 populo
615 3703 837 3784 responderent.
1240 3703 1322 3777 nus,
1348 3719 1445 3780 quum
1466 3701 1560 3764 iussit
1581 3702 1714 3786 (Marrh.
1735 3706 1785 3781 28,
1806 3703 1878 3787 20),
1906 3704 1986 3767 irem
2010 3723 2047 3767 ac
2067 3704 2213 3783 deceruit,

305 3790 374 3852 143.
434 3788 546 3852 Verum
572 3788 627 3853 ubi
653 3789 777 3852 demum
801 3788 837 3851 iu
868 3807 960 3852 carne
990 3788 1189 3869 ramnifestata
1240 3805 1302 3850 nom
1318 3805 1397 3866 anae
1423 3791 1532 3851 temem
1550 3789 1615 3870 ipsi
1637 3793 1735 3853 esserit
1758 3789 1917 3870 fabricati,
1944 3789 1997 3854 sed
2018 3809 2214 3871 quaecunque

216 3876 260 3937 est
285 3870 350 3936 Dei
382 3875 550 3954 sapientia,
583 3875 735 3955 qudquid
769 3872 907 3937 humana
933 3879 1030 3938 omnm
1058 3875 1094 3938 de
1122 3873 1189 3938 Deo
1240 3871 1321 3953 ipsis
1336 3877 1543 3954 praeceperat·
1577 3873 1622 3937 m
1638 3873 1719 3938 nihil
1735 3876 1873 3956 apertius
1892 3876 1956 3939 diei
1971 3880 2101 3957 poterat,
2119 3895 2215 3955 oniam
2250 3863 2256 3886 ⁸

215 3957 427 4038 comprehendi
447 3964 558 4041 potest,
587 3966 615 4024 et
636 3959 765 4042 copitari
790 3959 886 4039 debet,
907 3958 999 4042 pleno
1025 3979 1076 4023 ore
1101 3959 1189 4023 nebu
1240 3957 1321 4039 quod
1350 3956 1426 4021 alibi
1453 3957 1528 4023 dicit
1548 3958 1681 4044 (Matrh.
1701 3963 1752 4039 23,
1772 3959 1825 4045 8):
1856 3981 1909 4025 nos
1930 3966 2033 4024 numm
2052 3960 2145 4025 notite
2165 3982 2214 4025 oo

215 4043 388 4108 edissmm't.
439 4044 532 4110 Nunc
558 4047 675 4125 daque,
703 4065 740 4110 eo
767 4064 826 4124 quo
852 4044 957 4108 illicit
977 4045 1022 4108 sol
1048 4046 1188 4110 iustitiae
1240 4042 1307 4108 cari
1331 4042 1448 4122 Rabbi,·
1468 4063 1553 4108 unns
1573 4046 1655 4109 enim
1676 4047 1822 4129 maputer
1839 4050 1942 4123 omer,
1966 4045 2117 4110 Christus.
2150 4046 2213 4111 De

144 4185 147 4191 .
218 4127 377 4205 chrunus,
399 4130 568 4210 perfectum
594 4130 741 4194 habemus
767 4127 893 4195 divinae
918 4131 1057 4195 ueritatis
1089 4131 1188 4214 fulpo-
1239 4130 1311 4194 inde
1331 4149 1390 4210 quo
1411 4129 1508 4193 altius
1529 4130 1583 4194 hm
1604 4151 1709 4195 corum
1730 4132 1848 4196 animis
1868 4131 2018 4214 inhaeret,
2041 4131 2090 4196 bis
2111 4133 2213 4197 eodem

215 4235 295 4294 reru,
322 4214 426 4294 qualis
452 4216 487 4277 in
505 4216 634 4281 merrdie
654 4216 784 4280 claritas
804 4236 868 4280 esse
887 4216 975 4296 solet,
1001 4237 1097 4296 ouum
1120 4221 1188 4281 ante
1239 4215 1300 4279 loeo
1321 4216 1436 4296 repetit.
1480 4215 1620 4298 Etonia
1641 4236 1719 4298 quae
1739 4218 1907 4283 audierant
1926 4218 2153 4283 dedidicerant
2174 4238 2212 4282 ex

214 4299 400 4366 abohseura
421 4300 477 4364 tun
495 4301 598 4382 fuerit.
639 4301 712 4365 Non
732 4302 816 4365 enim
831 4302 966 4383 profem
986 4301 1113 4384 rulpore
1129 4301 1188 4365 ali-
1238 4321 1290 4366 ore
1314 4301 1474 4382 mapistri,
1504 4321 1611 4382 capere
1633 4324 1695 4384 pro
1723 4324 1784 4368 sem
1810 4304 1945 4368 ruditate
1968 4323 2031 4367 uan
2059 4308 2210 4386 puerant,

215 4387 292 4468 quid
306 4386 492 4468 praedicare
511 4386 607 4450 voluit
626 4387 790 4468 apostolus,
811 4408 907 4469 ααααν
926 4389 1053 4468 scripsit
1069 4387 1185 4470 (Hebe.
1238 4387 1370 4467 spiritus
1389 4387 1528 4451 ueritatis
1547 4387 1615 4453 illis
1628 4390 1831 4470 promittitur,
1854 4410 1875 4453 a
1897 4409 1955 4470 qua
1976 4389 2156 4472 domantur
2176 4390 2212 4453 in

216 4471 315 4555 1,1),
348 4470 454 4536 Deum
478 4472 551 4536 oh’m
579 4472 788 4553 multifariam
815 4473 981 4554 multisque
1010 4472 1111 4536 undis
1126 4493 1187 4553 pa·
1237 4493 1343 4536 reram
1364 4473 1502 4537 annium
1522 4474 1753 4558 intellipentiam
1771 4474 1875 4558 (loun.
1898 4479 1945 4553 14,
1966 4478 2006 4538 26
2025 4481 2058 4540 et
2077 4478 2125 4553 16,
2147 4473 2211 4560 13).

212 4557 313 4622 tribrus
344 4557 503 4638 loquutum
530 4578 595 4622 esse
620 4578 681 4638 per
699 4558 881 4640 prophetas,
908 4564 942 4621 at
967 4558 1109 4622 ertrerms
1134 4558 1186 4622 his
1327 4561 1396 4622 145.
1444 4557 1581 4624 Proinde
1601 4559 1681 4624 nihil
1709 4560 1799 4625 aliud
1817 4560 1864 4625 oet
1889 4560 1951 4624 sibi
1971 4560 2017 4626 vel
2044 4559 2120 4624 aliis
2141 4561 2212 4625 rebi-

213 4642 323 4707 diebus
342 4643 429 4707 nobis
449 4664 510 4726 per
530 4643 672 4708 dilectum
691 4643 795 4725 hlium
815 4643 898 4725 loqrn
918 4645 1065 4724 coepisse,
1090 4643 1186 4726 apri·
1238 4664 1334 4723 quum
1358 4643 1436 4725 facit
1458 4644 1584 4724 Petrus,
1613 4648 1724 4728 optime
1752 4668 1773 4711 a
1800 4647 1948 4730 mapistro
1974 4647 2094 4710 edoctus
2114 4667 2211 4728 quan

212 4728 287 4809 fleat
307 4730 397 4807 enim,
419 4729 481 4794 imo
502 4734 605 4810 aperte
626 4729 770 4807 declarat,
791 4728 895 4793 Deum
916 4749 976 4793 uon
990 4727 1127 4809 posthac,
1150 4735 1186 4795 ut
1237 4734 1303 4793 tnm
1323 4728 1385 4793 sibi
1406 4729 1515 4810 liceret,
1537 4732 1602 4796 nisi
1623 4736 1658 4796 ut
1674 4733 1824 4797 haditam
1841 4754 1862 4796 a
1878 4731 1946 4797 Deo
1961 4732 2130 4797 dadrinam
2147 4731 2210 4796 dis-
2321 4736 2326 4746 “

214 4819 319 4891 antea,
340 4835 400 4894 per
426 4815 506 4880 alios
533 4815 662 4880 merom
688 4819 779 4896 atque
800 4815 878 4879 alios
899 4815 1112 4896 monolinum,
1132 4836 1185 4881 nee
1231 4820 1369 4897 pausent.
1421 4817 1483 4898 Qui
1503 4816 1650 4897 munitm,
1674 4819 1775 4899 inquit
1796 4817 1828 4904 (l
1848 4819 1938 4883 Petr.
1957 4822 1986 4896 4,
2009 4816 2079 4902 ll),
2106 4816 2210 4898 loona

209 4898 392 4981 prophetias
411 4902 593 4967 additurum
607 4900 794 4984 prophetiis,
815 4905 870 4964 ant
891 4900 1085 4966 revelationes
1105 4922 1185 4966 rere-
1236 4905 1289 4965 tur
1309 4921 1463 4966 sermones
1491 4901 1563 4967 Dei.
1618 4904 1702 4985 Quid
1721 4904 1776 4969 hoc
1796 4904 1886 4969 aliud
1906 4909 1964 4984 est,
1992 4923 2087 4984 onam
2108 4922 2211 4967 onmes

215 4983 397 5063 numium
423 4988 476 5051 sed
496 4987 542 5051 sie
567 5007 670 5051 omnes
695 4986 821 5051 docendi
839 4991 948 5068 partes
968 4987 1002 5051 in
1020 4987 1087 5067 filio
1108 5007 1185 5051 com-
1236 4986 1392 5052 humanae
1417 4988 1527 5052 mentis
1553 4990 1739 5055 inventiones
1766 4990 1802 5076 (a
1823 5010 1998 5071 quoeunque
2018 4988 2141 5054 tandem
2162 5009 2211 5055 ca·

209 5070 352 5150 plmisse,
375 5076 409 5134 nt
429 5071 482 5136 hoc
502 5073 646 5137 ultimum
668 5079 882 5155 murmureque
903 5072 942 5137 ab
963 5093 996 5138 eo
1012 5073 1184 5138 habendum
1230 5073 1298 5154 pite
1313 5073 1467 5154 profectae
1488 5074 1565 5158 sint)
1593 5095 1710 5153 arcere,
1732 5081 1781 5145 ut,
1789 5096 1896 5156 purus
1915 5074 1979 5140 Dei
2000 5094 2098 5138 scruto
2118 5075 2211 5157 infi-

215 5155 257 5219 sit
287 5157 501 5221 testimonium.
555 5160 623 5239 (trra
648 5159 766 5223 ratione
793 5163 887 5223 totum
915 5158 969 5223 hoc
994 5161 1066 5224 novi
1097 5163 1185 5224 testa-
1235 5157 1353 5224 delium
1379 5158 1504 5223 eulesio
1526 5159 1668 5226 doceatur
1695 5181 1732 5225 ac
1758 5161 1921 5225 discam?
1951 5160 2089 5223 omnium
2114 5160 2211 5226 homi·

215 5243 311 5304 menti
331 5247 461 5324 tenpus,
484 5264 522 5308 en
541 5263 600 5324 quo
621 5263 691 5309 cum
711 5244 859 5327 eronpelii
879 5246 932 5310 sui
953 5245 1184 5327 praedicatione
1234 5264 1311 5309 nmn
1349 5243 1570 5328 (nriusumque
1607 5247 1670 5310 sirt
1700 5245 1836 5329 ordinm)
1866 5245 1988 5329 placita
2024 5245 2072 5310 od
2102 5248 2211 5327 patius
