4770 6030
193 357 256 420 649
351 408 353 412 .
736 351 836 418 OAI’.
860 352 1045 436 VHL(IV
1046 351 1072 437 .)
1114 349 1328 418 SYMBOLI
1348 347 1645 417 musmo.
2129 357 2193 416 640

191 467 304 534 fluns·
323 464 424 519 0224.

191 547 296 606 contro
296 452 507 618 serdiuid,
472 540 570 603 nimis
586 546 630 604 est
645 541 773 623 fripida
809 540 993 619 Mandabat,
1011 542 1166 622 inquiunt,
1218 540 1273 618 344,
1302 537 1467 603 3444434444.
1510 537 1553 602 In
1577 557 1639 601 44344
1665 537 1727 602 duo
1752 542 1825 601 344444
1850 538 2088 604 consideranda:
2115 545 2151 603 ut
2171 561 2193 605 a

193 626 340 692 Christus
370 624 430 689 las
455 630 565 707 portes
595 626 751 705 ecclesiae,
779 648 874 707 quum
899 647 962 690 non
994 632 1071 691 esset
1100 647 1168 691 ma·
1218 627 1287 688 inre
1306 624 1407 708 pladii
1423 643 1558 722 prorsus
1579 627 1739 705 separetur
1758 622 1832 688 baec
1848 624 2029 705 spiritualis
2041 630 2194 713 potestas3

188 715 342 796 9434444443
368 712 425 792 qni
450 716 671 792 ensequeretur
719 677 780 777 de
801 713 912 778 amedit
939 732 1166 794 saepenumero,
1218 710 1328 776 34444344
1347 731 1385 774 ne
1406 711 1503 775 unius
1523 709 1661 787 arbitrie),
1682 709 1736 774 sed
1751 730 1811 790 per
1831 710 2002 792 4494444444
2018 731 2194 776 consessum

190 804 225 863 ut
241 799 283 863 344
300 797 503 881 4494494444
521 798 741 878 mapinratus;
762 799 825 862 imo
844 819 1065 879 nonnunquam
1079 799 1165 880 forte,
1218 796 1460 860 administretur.
1511 794 1713 876 Utrumque
1700 815 1734 858 en
1756 796 1888 876 puriore
1908 795 2034 860 ecclesio
2055 796 2194 862 4433444·

191 890 227 948 ut
246 885 288 947 sit
309 885 437 964 ipsemet
458 883 664 965 mstipandus,
692 884 772 963 qreod
792 888 820 948 et
844 884 1014 948 Theodosio
1037 882 1168 948 Caesari
1218 886 1283 949 turn
1302 883 1366 963 fuit
1387 881 1420 965 (l
1441 880 1516 947 Gor.
1536 885 1565 959 4,
1585 880 1629 965 4).
1680 880 1789 961 Neque
1809 881 1891 945 enim
1918 881 1964 947 444
1984 881 2124 961 nucu,
2145 880 2194 948 uel

192 971 324 1052 44444944.
368 970 425 1033 Ad
449 967 522 1032 boec
549 969 729 1033 tantundem
748 969 812 1033 dici
833 970 948 1051 poterit
968 971 1006 1034 de
1027 974 1083 1033 toto
1103 970 1168 1050 fere
1218 967 1405 1046 carceribus,
1432 966 1479 1032 cel
1502 932 1579 1032 aliis
1604 965 1747 1031 ciuilibus
1767 968 1880 1048 poenis
1901 972 2082 1048 potestatem
2101 987 2195 1033 suam

138 1056 141 1063 '
192 1056 276 1119 uerbi
296 1055 478 1119 ministerio.
511 1053 606 1118 Nunc
626 1055 769 1119 desinant
791 1055 1008 1136 reprehendere
1023 1060 1168 1151 94344443
1217 1057 1416 1118 exercuerunt
1435 1053 1536 1118 sancti
1556 1052 1706 1135 49434494ς
1732 1052 1786 1116 sed
1804 1052 1867 1116 solo
1888 1053 2021 1118 Domini
2041 1054 2137 1133 verbo,
2159 1058 2195 1119 nt

192 1141 359 1222 manifestis
377 1141 518 1236 44494444·
544 1140 689 1204 3443444444
709 1141 885 1224 4444449443,
907 1161 1049 1238 44944443,
1071 1141 1168 1204 inere·
1217 1138 1344 1218 dmebat,
1366 1139 1419 1203 3434
1439 1144 1519 1202 sunt.
1554 1135 1759 1204 Seuerissima
1780 1139 1861 1202 enim
1884 1137 2025 1204 ecdesiae
2046 1104 2193 1220 vindicta,

252 1225 403 1290 eSunt
430 1227 513 1289 enim
539 1224 704 1289 christiani
724 1228 944 1309 44943443443,
972 1227 1028 1307 qui
1050 1226 1167 1309 44944443
1218 1226 1365 1325 44944334
1390 1223 1535 1288 ultimum
1560 1224 1692 1305 fulmen,
1727 1229 1772 1288 334
1797 1226 2081 1305 encommmeicatio,
2114 1247 2195 1325 quae

192 1318 220 1377 et
186 1247 356 1394 Wpladio
388 1311 493 1376 debent
524 1309 599 1374 boec
629 1312 788 1394 corripere
838 1311 884 1377 At
909 1312 1167 1394 ouernadmodum
1217 1330 1279 1375 non
1296 1310 1363 1374 nisi
1382 1311 1418 1374 in
1438 1311 1613 1375 necessitate
1632 1308 1801 1375 adhibetur.
1846 1309 1914 1374 1443
1929 1330 2099 1392 pannones
2120 1313 2193 1393 44444,

192 1398 395 1480 4494344443
411 1396 585 1476 puniendo,
607 1401 748 1462 etnranu
767 1397 1024 1479 coercendo,pnr
1021 1419 1097 1480 9444
1116 1397 1167 1462 de·
1217 1415 1271 1460 nec
1291 1416 1420 1460 manum
1439 1396 1610 1475 (4434443444,
1636 1395 1691 1460 sed
1712 1394 1795 1460 oerbi
1816 1394 1880 1460 Dei
1894 1397 2033 1478 potentia
2058 1403 2194 1465 contenta

192 1484 238 1548 bet
265 1483 422 1547 ecetesiam
448 1481 656 1563 offendicndis,
683 1483 730 1546 ito
755 1476 840 1548 verbi
858 1419 1024 1548 minister
1027 1483 1167 1548 vicissim
1218 1486 1271 1546 434.
1319 1480 1463 1563 Denique
1490 1482 1600 1547 4444443
1626 1480 1767 1546 ecelesiae
1794 1481 1970 1546 iurisdictio
2000 1482 2083 1548 4344344
2105 1483 2195 1550 aliud

192 1569 351 1634 sublevare
381 1567 464 1632 debet
493 1569 727 1650 nmpistratum,
761 1589 800 1634 ne
828 1573 892 1633 tom
917 1570 1011 1634 multi
1034 1573 1166 1650 peccent
1216 1568 1294 1649 fuit,
1327 1587 1423 1648 quam
1447 1567 1603 1649 practica,
1630 1572 1666 1631 ut
1689 1567 1737 1631 ito
1765 1566 1889 1648 4494444,
1921 1567 2088 1636 douram
2117 1571 2195 1652 eius,

194 1653 444 1718 Sicooniunctae
470 1653 660 1718 debentesse
685 1673 807 1735 operae
835 1654 1167 1721 44444443444444·
1217 1653 1298 1735 quod
1325 1653 1408 1718 docet
1439 1653 1627 1719 Poulusde
1658 1653 2011 1736 spiritualipastorum
2037 1618 2195 1737 ponenti

191 1739 738 1837 mentoalterinonimpedimento
1217 1737 2195 1838 1)444Η334,44493444(2.(14310,,4)144444394443433,9444

280 1828 350 1889 171.
395 1823 441 1889 Ε4
461 1845 550 1901 sane,
579 1825 609 1890 34
630 1826 703 1906 ouis
718 1827 854 1908 propius
874 1826 1026 1909 expendat
1048 1823 1167 1890 (lieri-ni
1217 1824 1420 1890 4444444444
1444 1824 1644 1912 munitiones,
1671 1845 1734 1906 qua
1760 1824 1960 1891 humiliemus
1985 1846 2102 1893 ornnem
2124 1828 2195 1894 alti-

192 1909 299 1989 444134,
320 1911 414 1991 focile
435 1875 617 1992 perspiciet,
640 1916 756 1976 statum
775 1916 1004 1994 etperpduum
1025 1910 1167 1977 menae
1217 1909 1354 1976 tudinem
1385 1900 1465 1991 94444
1500 1930 1534 1975 34
1564 1874 1680 1976 44444444
1711 1911 1862 1977 3444443343
1893 1913 2091 1996 4494444444
2119 1914 2194 1994 Dei,

191 1996 338 2075 ordinem,
360 2016 421 2059 non
441 1998 665 2095 temporarium
684 1997 749 2062 44144
769 1998 909 2064 describi.
954 1997 1064 2078 Neque
1083 1988 1167 2062 enim
1218 2016 1281 2077 qua
1280 1995 1483 2080 3444944443
1502 2016 1621 2061 onmem
1641 1996 1851 2094 3494444ρο43444
1877 2003 1905 2064 et
1925 2000 2080 2081 coptioam
2100 2001 2193 2067 duca·

191 2087 424 2146 consentaneum
449 2087 507 2161 est,
534 2087 570 2146 44
595 2083 650 2163 qui
672 2083 892 2148 monitionibus
916 2083 1033 2148 nostris
1060 2082 1166 2147 4444434-
1218 2101 1290 2147 mus
1309 2083 1345 2145 in
1365 2081 1567 2147 obediendiam
1586 2079 1722 2159 Obristi5
1742 2081 1940 2165 inpromptu
1961 2106 2031 2149 vero
2047 2085 2195 2151 4444444443

185 2187 300 2248 peroro
319 2167 483 2246 rubuerint,
505 2187 556 2232 eos
576 2168 623 2237 ad
638 2171 859 2268 449434434444
878 2169 1064 2252 deferamus,
1086 2168 1167 2249 onoc
1218 2167 1386 2234 uindictam
1416 2169 1568 2233 4444443443
1596 2186 1715 2231 ornnem
1746 2166 1988 2233 inobedientiam.
2043 2171 2195 2270 Quemad-

91 2320 93 2325 ,
190 2258 293 2316 tomen
320 2272 438 2317 necesse
463 2253 556 2333 foret,
585 2255 616 2317 34
643 2255 677 2318 in
704 2257 800 2320 uicem
820 2254 961 2320 ecclesiae
987 2254 1041 2320 4444
1067 2273 1167 2320 succc-
1217 2253 1342 2319 modum
1363 2252 1723 2334 locfitpraodicatione
1744 2251 1899 2318 4444444444
1921 2252 2057 2319 Christi:
2079 2257 2134 2336 ita,
2155 2276 2194 2322 ne

190 2339 281 2402 deret.
329 2338 412 2419 Quid
433 2340 496 2402 isto
510 2339 706 2420 promissio?
749 2340 805 2406 An
826 2343 923 2405 nnius
943 2361 1021 2405 anns
1014 2340 1167 2406 dicenda
1217 2340 1358 2405 doctrino
1384 2339 1428 2403 sit
1452 2337 1604 2418 ludibrio,
1630 2338 1799 2404 seecundum
1823 2338 1860 2402 id
1882 2339 1989 2420 49344441
2007 2342 2090 2427 quod
2111 2306 2195 2409 dooe-

190 2425 263 2502 orit,
292 2424 340 2488 oet
355 2424 555 2522 paucorum?
597 2426 715 2505 Amen,
737 2447 842 2506 omen,
864 2427 933 2491 dico
954 2426 1055 2491 cobis:
1077 2426 1167 2507 quid-
1217 2430 1279 2502 tur,
1301 2424 1440 2490 iudicari
1460 2423 1565 2488 34444434
1585 2424 1640 2505 oui
1661 2420 2192 2521 seprofitcnturfideidcmestiooe.

189 2473 266 2590 quid
288 2509 493 2608 4494444443
480 2530 515 2573 nn
535 2515 628 2575 terra
664 2510 829 2576 Praetereo
852 2511 996 2578 Christus
1015 2511 1166 2576 4444441444
1218 2510 1262 2576 Id
1282 2529 1380 2593 porro
1404 2509 1476 2608 feri
1501 2510 1618 2590 4449444,
1651 2509 1716 2573 nisi
1742 2528 1808 2573 nna
1833 2528 1903 2573 444444
1928 2511 2098 2577 ministerio
2125 2533 2193 2580 con-

189 2615 302 2658 nooum
333 2596 486 2674 instituit;
520 2597 574 2660 sed
605 2598 890 2663 consuetudinem
876 2619 912 2661 m
943 2598 1037 2664 ceteri
1065 2597 1166 2682 944443
1217 2598 1357 2662 iunctum
1388 2596 1431 2660 sit
1462 2595 1515 2658 ius
1541 2594 1670 2660 44444444
1695 2614 1759 2673 443,
1790 2595 1847 2676 944
1867 2595 2022 2675 privatim
2049 2599 2193 2669 morendi

188 2701 264 2745 34444
291 2681 417 2746 43444344
442 2701 563 2763 semper
591 2683 795 2762 observatam,
825 2687 973 2765 sequutus
1000 2689 1052 2748 est.
1099 2683 1166 2765 Quo
1217 2687 1304 2762 344444,
1332 2681 1379 2747 od
1405 2681 1513 2745 acrius
1537 2680 1727 2763 corripendi5
1752 2644 1806 2744 4443
1831 2681 1925 2745 etiam
1949 2681 2075 2745 arcendi
2100 2703 2150 2748 eos
2172 2705 2194 2749 3

188 2767 382 2849 3494444344,
403 2787 464 2831 non
479 2787 573 2849 posse
592 2786 696 2833 meere
717 2770 874 2834 ecelesiam
889 2769 1051 2867 3944444444
1068 2770 1167 2834 44443-
1217 2787 1324 2834 comm
1345 2767 1564 2845 communione,
1585 2766 1642 2847 9444
1661 2765 1760 2848 recipi
1781 2765 1848 2830 sine
1869 2766 1947 2831 tanti
1967 2767 2107 2848 mysterii
2118 2789 2194 2850 pro

188 2852 317 2918 dictione
338 2873 417 2933 auae
439 2852 478 2917 ab
498 2854 589 2917 4334444
607 2855 728 2936 fnisset.
761 2854 864 2937 Atque
880 2856 917 2920 id
937 2856 1076 2920 omnium
1092 2861 1166 2919 tem
1215 2854 1373 2936 sanatione
1393 2857 1551 2934 nequeunt

183 2956 300 3017 porum
325 2957 472 3003 consensu
499 2940 563 3020 fuit
590 2942 810 3021 continuatum.
862 2941 970 3022 Neque
1002 2942 1092 3005 enim
1110 2941 1166 3005 ubi
1305 2943 1375 3003 173
1427 2937 1597 3004 Eiusmodi
1624 2957 1695 3001 uero
1716 2940 1869 3019 94443443,
1905 2940 1940 2999 ut
1959 2937 2192 3021 proposuimus,

189 3028 348 3102 coeperunt
373 3025 591 3107 imperatores
605 3031 633 3096 et
664 3028 868 3110 rnopistratus
902 3025 1025 3091 01434344
1056 3047 1166 3091 nomen
1217 3046 1278 3090 non
1303 3045 1400 3108 penes
1430 3044 1530 3088 unum
1560 3028 1641 3101 erat,
1673 3027 1709 3087 ut
1727 3042 1878 3105 9443444
1910 3018 2038 3088 libidine
2070 3025 2194 3124 puidois

188 3107 274 3185 dore,
291 3111 438 3189 protinus
460 3087 606 3194 44449444
626 3117 670 3176 est
692 3113 874 3194 spiritualis
893 3113 1085 3192 iurisdictien
1111 3112 1166 3177 sed
1216 3116 1336 3196 494444.
1367 3111 1423 3176 sed
1448 3129 1545 3208 penes
1576 3128 1749 3174 4443433444
1775 3109 1949 3187 seniorum·
1981 3110 2129 3190 quierat
2159 3111 2195 3176 444

193 3193 239 3255 ito
267 3193 420 3257 4444444444
446 3197 605 3276 ordinata,
633 3218 672 3262 nc
697 3199 775 3279 auid
802 3198 890 3263 444444
910 3198 1081 3297 3444494344,
1110 3201 1167 3263 aut
1217 3197 1350 3276 ecclesia,
1371 3195 1488 3279 quod
1474 3215 1509 3260 343
1529 3193 1605 3259 urbe
1624 3198 1669 3260 cst
1685 3199 1817 3264 34444443.
1853 3158 2042 3276 0994444443,
2055 3194 2197 3281 1)94444444

193 3299 264 3342 cum
294 3300 330 3342 ea
361 3279 603 3377 confeenderetur.
645 3282 690 3348 Et
721 3284 837 3348 merito.
882 3284 955 3348 Non
985 3285 1068 3349 enim
1099 3303 1166 3349 ma·
1216 3246 1357 3348 memind
1379 3303 1437 3365 944
1464 3301 1541 3364 quos
1561 3301 1618 3346 3444
1644 3285 1775 3362 tempore
1795 3285 1997 3360 exerceretur,
2026 3282 2195 3365 4344449444

190 3364 356 3446 9434444443,
384 3365 587 3447 3494343434,
609 3366 1165 3467 estmereseootetoommunifitio-
1216 3367 1709 3468 soldtotnemclerumepisoopo.
1755 3332 2195 3446 Sodalibiqubpuedernon

193 3470 265 3512 rum
291 3448 355 3514 Dei
383 3451 577 3531 subiectione,
609 3456 700 3520 cuins
727 3476 789 3519 non
814 3461 974 3538 postrema
999 3476 1083 3538 pors
1111 3461 1164 3536 434,
1216 3460 1303 3533 34444,
1324 3455 1371 3523 sic
1385 3453 1566 3535 praefuisse
1589 3452 1736 3518 denem'
1723 3471 1844 3534 49344444,
1865 3456 1901 3515 ut
1914 3450 2005 3533 plebs
2026 3453 2151 3516 interim
2171 3473 2194 3518 a

192 3536 334 3599 4444443444
360 3556 398 3600 ee
425 3536 512 3599 verbo
533 3536 596 3602 Dei
620 3541 773 3606 iudicanti
794 3562 828 3606 se
853 3541 1018 3621 subiicere5
1044 3547 1165 3607 tanturn
1217 3503 1389 3639 4494444444
1407 3560 1469 3605 non
1496 3538 1736 3604 excluderetur.
1766 3536 1820 3601 Sic
1843 3537 1931 3601 enim
1959 3537 2082 3602 scribit:
2095 3535 2125 3635 2)
2153 3537 2193 3602 ab

192 3621 291 3700 abest,
323 3626 358 3684 ut
387 3622 541 3686 iudicium
567 3624 648 3690 illud
676 3627 779 3692 4444444
804 3627 915 3692 adme.
968 3627 1052 3709 Quid
1083 3627 1165 3693 enirn
1216 3627 1308 3691 initio
1339 3626 1532 3708 4943449443
1563 3625 1626 3688 mei
1656 3623 1765 3702 3444444,
1804 3623 1873 3687 sine
1905 3621 1978 3687 cleri
2010 3621 2136 3688 44443444
2165 3627 2194 3688 et

192 3706 451 3788 honorificentius,
471 3707 573 3788 inquit
593 3711 790 3790 Ambrosius,
804 3711 948 3812 1)9443444
967 3718 1003 3777 ut
1022 3715 1165 3780 ecelesiae
1211 3711 1313 3810 944443
1338 3709 1732 3793 communitionem
1783 3707 1899 3773 Verum
1927 3707 2001 3773 baec
2028 3713 2096 3772 erat
2115 3727 2193 3776 44434-

190 3793 281 3872 filius
300 3794 423 3857 duntur
443 3793 634 3875 imperator?
666 3763 843 3878 Imperdtor
863 3800 947 3864 enim
966 3799 1063 3864 bonus
1079 3801 1165 3864 intra
1216 3797 1322 3862 munis
1343 3802 1371 3862 et
1390 3797 1509 3862 usitata
1528 3795 1627 3875 ratio,
1647 3800 1683 3858 ut
1696 3798 1921 3879 personatum
1943 3793 2195 3877 presbyterorum

29 3864 34 3872 ⁶
92 3898 96 3907 ’
191 3880 364 3957 ecclesiam,
390 3900 451 3943 non
472 3900 572 3960 supra
595 3882 753 3946 4444434443
779 3888 830 3948 434.
877 3884 981 3965 04444
1006 3886 1071 3964 4144,
1099 3886 1162 3966 944,
1216 3882 1358 3949 ecclesiae
1378 3882 1554 3948 iurisdictio
1575 3878 1780 3960 camenctum·
1807 3899 1938 3961 9444444444
1960 3880 2038 3960 deco,
2059 3886 2093 3945 ut
2113 3880 2193 3960 diei,

192 3970 226 4028 ut
247 3929 464 4048 mapislrotum
483 3971 595 4044 ornent,
613 3968 772 4034 ecclesiam
788 3970 923 4051 spoliant
939 3970 997 4034 leae
1008 3976 1163 4054 potestate,
1216 3973 1304 4034 erant
1328 3989 1455 4053 ponera:
1482 3968 1542 4033 alii
1568 3967 1651 4033 enim
1677 3967 1720 4031 od
1746 3931 1912 4031 dbeendum
1936 3971 2025 4030 mant
2046 3965 2193 4046 ordinati,

191 4071 251 4114 non
272 4052 360 4115 444444
378 4052 465 4133 faico
481 4052 727 4133 interpretatione
743 4061 944 4153 conumpunt
962 4055 1080 4122 Christi
1097 4077 1165 4122 sen-
1216 4056 1276 4121 alii
1297 4075 1419 4119 morum
1439 4073 1576 4119 censores
1602 4053 1755 4118 4434444444
1777 4056 1872 4117 erant.
1926 4051 2089 4117 Paulatim
2108 4054 2194 4136 depe
2256 4096 2271 4119 .

192 4137 327 4215 tentiam,
346 4138 400 4202 sed
421 4142 540 4202 sanctos
561 4159 665 4203 omnes
684 4139 847 4222 episcopos,
873 4142 928 4222 9444
948 4146 1013 4206 tam
1033 4143 1164 4208 multia
1215 4141 1335 4207 neraoit
1355 4139 1410 4206 boc
1430 4141 1608 4212 4334444443
1634 4160 1655 4203 4
1676 4158 1734 4203 suo
1749 4137 1945 4219 primordio;
1971 4139 2041 4201 ut
2027 4159 2093 4202 eam
2114 4138 2193 4201 Ans·

192 4227 322 4303 tempore
348 4224 554 4304 apostolorum
582 4226 773 4304 metuerunt,
799 4247 860 4290 non
881 4227 985 4291 leuiter
1004 4228 1162 4308 damnant,
1216 4227 1312 4292 brosii
1338 4225 1459 4291 34444444
1486 4225 1545 4290 soii
1573 4223 1715 4290 elerici
1702 4244 1737 4288 m
1762 4223 1893 4289 iudiciis
1914 4223 2128 4289 emlesiastiois
2148 4242 2194 4288 33-

192 4308 272 4387 quod
292 4307 435 4373 imorem
461 4310 656 4391 officiumque
679 4312 883 4394 magistratus
901 4312 984 4394 falso
999 4317 1164 4394 praetentu
1215 4317 1282 4378 sent
1302 4314 1475 4396 4494444443.
1522 4311 1648 4393 Quod
1634 4329 1702 4392 ipse
1731 4310 1927 4391 4449444444
1956 4308 2008 4374 lis
2033 4307 2148 4374 verbis:
2162 4306 2192 4392 Β)

192 4394 251 4457 sebi
272 4396 501 4476 usurpaverint.
1215 4419 1371 4482 39449494
1401 4403 1502 4476 udus,
1508 4397 1639 4496 inquit,
1667 4400 1819 4478 etpostea
1840 4395 1964 4460 43444344
1984 4396 2118 4460 seniores
2138 4392 2193 4458 444-

278 4479 457 4545 lenset
478 4480 532 4545 boc
552 4503 670 4563 pemque
691 4503 729 4546 ee
749 4483 878 4547 44444434
899 4503 1008 4565 operae
1024 4484 1164 4565 pretium
1217 4485 1297 4562 buit,
1325 4505 1456 4566 quorum
1484 4483 1552 4548 sine
1573 4482 1700 4548 monitio
1726 4480 1807 4546 nibil
1833 4481 1996 4581 39444444;
2028 4479 2109 4560 quod
2129 4499 2193 4560 pua

189 4570 232 4628 est
257 4567 374 4643 videre,
404 4567 477 4646 94443
501 4567 598 4648 fuerit
619 4569 697 4633 otim
722 4589 816 4633 cerus
840 4588 920 4633 usus
947 4568 1164 4634 ecclesiasticae
1215 4570 1316 4654 4449449
1316 4571 1399 4636 entia
1427 4569 1614 4646 obsoleverit,
1642 4569 1756 4648 nescio,
1783 4569 1849 4633 nisi
1868 4568 1947 4649 forte
1967 4566 2122 4631 3444444444
2142 4564 2193 4630 de-

188 4652 423 4730 iurisdictionis,
446 4658 474 4715 et
495 4659 630 4733 quant-us
651 4654 768 4718 abusus
782 4654 957 4736 4444934444,
975 4660 1010 4718 ut
1025 4656 1165 4719 sciamus
1216 4656 1310 4736 sidio,
1331 4655 1379 4720 oet
1399 4655 1502 4738 444943
1523 4654 1678 4736 snperbia,
1701 4656 1777 4719 dum
1797 4654 1857 4718 soti
1878 4652 1982 4717 oolunt
2003 4650 2126 4731 aliquid
2147 4650 2193 4715 oi·

188 4738 265 4817 quid
286 4738 500 4820 444494ηά4444
520 4741 570 4818 sit,
598 4745 626 4804 et
647 4741 725 4821 quid
745 4761 783 4803 43
803 4740 986 4820 antiquitate
1006 4742 1165 4804 restituen-
1215 4741 1292 4805 deri.
1339 4741 1487 4806 Videmus
1507 4745 1691 4822 quantopere
1712 4744 1838 4805 sanctus
1858 4739 1909 4803 oir
1924 4737 2111 4819 indipnetur,
2133 4735 2193 4801 344-

188 4824 272 4899 dum,
295 4844 325 4887 34
319 4825 493 4900 ’,4444444443
515 4846 617 4890 everso
636 4846 730 4908 449444
744 4831 800 4890 ant
787 4825 928 4904 4444444344,
946 4845 1055 4890 caum
1073 4823 1166 4889 (llei-
1216 4825 1293 4906 quid
1319 4827 1357 4892 dc
1383 4827 1507 4892 meliore
1534 4831 1618 4891 statu
1644 4826 1824 4901 concidisse;
1851 4843 1946 4904 quum
1969 4828 2071 4888 tamen
2091 4821 2192 4888 adbuc

188 4911 229 4972 344
250 4931 379 4992 43944444
400 4911 513 4974 iterum
534 4912 657 4994 eripere.
689 4911 838 4977 Primum
857 4911 908 4976 tn'o
929 4930 1040 4992 empus
1057 4914 1108 4987 est,
1130 4916 1166 4975 ut
1216 4910 1283 4974 44443
1303 4916 1398 4976 staret
1418 4913 1492 4978 ordo
1513 4912 1621 4976 3344444
1642 4910 1817 4976 tolerabilis.
1864 4909 1947 4989 Quid
1964 4909 2063 4992 494444
2082 4909 2113 4972 34
2134 4907 2192 4970 bos

188 4996 348 5061 scandatis
365 4996 485 5060 obuiam
503 5001 609 5076 eatur;
625 4998 708 5079 quod
725 5017 755 5062 34
749 4999 849 5081 'quid
865 4997 1009 5069 scandali
1025 5000 1166 5061 mortum
1216 4997 1366 5077 deformes
1392 4999 1505 5062 ruinas
1530 4997 1712 5074 imneretur,
1742 5015 1821 5076 quae
1841 4994 1964 5059 nullum
1978 5015 2078 5078 prope
2104 4993 2193 5058 oesti-

1286 5196 1830 5266 1)1op·s.214.1i.b3ueiuscemlib.
1850 5200 2110 5269 3931.3419443131)
2162 5197 2194 5264 2)

259 5271 288 5336 1)
306 5269 391 5337 Epist.
410 5267 452 5321 32,
471 5271 504 5322 sd
525 5270 752 5325 Valentinimm,
1217 5266 1305 5334 Epist.
1325 5266 1365 5319 10.
1386 5267 1431 5319 li.b
1451 5265 1476 5320 3.
1546 5268 1668 5338 3)1n1.
1688 5267 1935 5324 estimabit.
