4770 6030
228 338 290 402 etl
475 394 478 399 .
803 333 1069 401 INS'Hwauo
1091 335 1196 401 RDL.
1220 332 1401 400 OHRIST.
1427 335 1659 398 toea-1554.
2165 333 2229 396 872

1270 486 1280 500 .
1866 445 2107 515 A2513133563
2125 444 2230 501 0357.

228 525 323 591 Deus
351 525 393 590 ad
421 529 561 588 mortem
581 522 705 605 aliquos
727 522 993 605 praedestinant,
1016 523 1081 604 qni,
1104 544 1205 605 quum
1257 522 1375 598 stolus,
1408 543 1481 586 eam
1504 522 1635 587 subesse
1662 521 1781 586 divinis
1808 433 1937 586 iudiciis
1963 520 2228 603 profunditatem,

230 610 376 676 nondum
406 616 529 689 essent,
568 610 687 672 mereri
718 608 874 673 iudicium
907 608 1022 673 morfia
1059 608 1205 673 nondum
1257 628 1363 689 aqua
1384 614 1510 672 mentes
1532 629 1647 671 omnes
1666 607 1836 671 hominum
1857 607 2076 671 absorbendae
2095 608 2175 685 sint,
2201 609 2231 672 si

229 703 415 779 potuerant,
444 700 505 760 nob
531 694 751 776 responsionis
778 695 847 759 loco
869 694 1013 759 vicissim
1036 714 1090 758 eos
1112 714 1205 776 roge·
1257 698 1474 757 conentur·eo
1495 700 1674 774 penetrare.
1720 689 1787 756 Sed
1808 714 1907 774 quam
1928 692 2100 775 indignum
2121 693 2165 757 sit
2185 692 2230 757 ad

228 803 319 846 mus:
341 780 419 862 quid
440 781 551 844 Deum
573 779 698 844 homini
720 780 837 845 debere
860 780 1056 856 existiment,
1080 780 1106 843 si
1131 801 1205 844 eum
1257 800 1331 843 eam
1351 778 1458 860 legem
1482 777 1630 861 redigere
1651 778 1716 843 Dei
1736 799 1848 859 opera,
1876 785 1915 841 ut
1936 778 2033 842 simul
2058 800 2094 843 ac
2116 800 2231 843 eorum

229 874 390 932 enatura
411 888 472 930 sua
498 867 671 930 aestimare
692 865 782 930 velit.
826 864 977 945 Qualiter
1003 875 1134 946 peccato
1155 867 1205 931 vi-
1257 864 1340 928 ratio
1362 865 1455 928 nobis
1478 885 1544 927 non
1567 865 1748 928 eonstiterit
1768 864 1951 944 improbare
1974 864 2172 928 audeamus?

124 969 130 989 ¹
229 953 301 1016 tiati
334 974 448 1017 sumus
481 972 607 1027 omnes,
637 973 704 1014 non
734 972 906 1032 possumus
938 970 1004 1013 non
1032 972 1103 1015 esse
1133 952 1205 1015 Deo
1346 953 1394 1012 16.
1445 951 1532 1032 Age,
1562 948 1647 1013 adsit
1677 972 1765 1015 nnnc
1788 949 2003 1014 Manichacus
2029 950 2145 1031 aliquis
2171 958 2231 1014 aut

229 1037 340 1115 odiosi,
363 1037 461 1119 idque
483 1059 550 1101 non
572 1038 744 1121 tyrannica
767 1037 911 1115 saevitia,
933 1035 990 1100 sed
1012 1038 1207 1118 aequissima
1258 1033 1475 1113 Ooelestinus,
1501 1035 1631 1100 divinae
1652 1035 1876 1116 providentiae
1903 1035 2133 1111 calumniator,
2157 1036 2230 1102 dico

230 1125 373 1188 iustitiae
404 1123 540 1187 ratione.
593 1122 689 1202 Quod
723 1124 752 1186 si
780 1121 897 1186 iudicio
928 1122 1043 1186 mortis
1075 1123 1207 1187 obnoxii
1258 1141 1333 1184 curn
1365 1120 1484 1195 Paulo,
1523 1122 1682 1185 rationem
1716 1123 1785 1185 eius
1818 1142 1883 1185 non
1915 1143 1986 1185 esse
2018 1121 2228 1200 reddendam,

230 1217 308 1275 sunt
339 1229 452 1273 ornnes
482 1209 628 1272 naturali
656 1208 854 1284 conditione,
883 1228 963 1289 quos
992 1207 1033 1271 ad
1066 1215 1206 1271 mortem
1258 1207 1333 1287 quia
1359 1206 1586 1290 magnitudine
1608 1228 1668 1272 sua
1693 1207 1943 1288 intelligentiam
1965 1216 2111 1271 nostram
2131 1208 2230 1291 louge

230 1296 393 1360 Dominus
414 1294 643 1377 praedestinat,
666 1294 706 1358 de
728 1316 806 1376 qua,
834 1294 973 1370 obsecro,
996 1295 1065 1357 eins
1086 1294 1205 1375 iniqui·
1258 1299 1396 1373 superet
1434 1291 1522 1372 Quid
1542 1292 1683 1356 mirum?
1705 1301 1761 1357 aut
1782 1293 1860 1375 quid
1883 1292 2083 1357 absurdum?
2106 1294 2229 1358 velitne

230 1387 299 1445 tate
332 1401 411 1463 erga
443 1401 477 1444 se
510 1378 773 1462 conquerantur?
833 1380 980 1442 Veniant
1006 1399 1118 1443 omnes
1145 1379 1205 1442 filii
1257 1377 1322 1440 Dei
1348 1379 1528 1459 potentiam
1556 1378 1603 1442 sic
1629 1378 1803 1442 limitatam
1825 1400 1909 1456 esse,
1933 1388 1970 1442 nt
1991 1399 2034 1442 ne
2055 1378 2133 1461 quid
2154 1379 2230 1460 plus

231 1466 354 1543 Adam,
378 1488 452 1530 eum
474 1488 532 1530 suo
558 1472 703 1531 creatore
730 1464 929 1530 contendant
956 1485 993 1529 ac
1015 1463 1204 1546 disceptent,
1258 1462 1300 1526 ad
1322 1463 1485 1545 agendum
1507 1464 1629 1541 valeat,
1657 1484 1755 1546 quam
1777 1485 1871 1528 mens
1892 1485 1952 1528 sua
1973 1464 2101 1545 capiat?
2145 1466 2230 1531 cho

231 1551 317 1634 quod
340 1561 472 1615 aeterna
498 1551 586 1616 illius
613 1551 831 1634 providentia,
856 1558 931 1614 ante
953 1572 1046 1614 suam
1069 1571 1205 1633 genera-
1258 1569 1333 1611 eum
1354 1549 1548 1631 Augustino,
1564 1547 1586 1632 ¹)
1616 1571 1686 1614 esse
1713 1570 1733 1613 a
1753 1551 1896 1614 Domino
1922 1557 2061 1626 creatos,
2091 1571 2171 1632 quos
2193 1553 2231 1615 in

231 1639 368 1714 tionem,
397 1644 573 1719 perpetuae
596 1637 774 1702 calamitati
794 1635 914 1700 addicti
940 1635 1071 1699 fuerint
1117 1633 1205 1715 Quid
1257 1633 1395 1697 exitium
1420 1635 1521 1698 ituros
1549 1636 1620 1698 sine
1646 1635 1846 1700 dubitatione
1873 1636 2081 1717 praesciebat.
2124 1637 2230 1718 quue

218 1718 416 1804 'obstrepere
437 1723 594 1788 adversus
616 1723 702 1787 hane
725 1722 945 1799 defensionem
963 1727 1126 1802 poterunt,
1149 1722 1205 1785 ubi
1255 1719 1303 1782 ita
1334 1720 1470 1796 factum,
1505 1722 1580 1802 quia
1609 1722 1655 1786 sic
1683 1722 1793 1785 voluit.
1845 1720 1914 1785 Gur
1942 1728 2051 1786 autem
2077 1722 2229 1800 roluerit,

230 1810 392 1873 Dominus
414 1808 489 1873 illos
511 1809 552 1872 ad
575 1810 625 1873 sui
647 1809 901 1890 recognitionem
920 1817 1033 1872 contra
1054 1806 1203 1872 vocabit?
1255 1825 1322 1867 non
1344 1825 1414 1868 esse
1433 1812 1581 1869 nostrum
1601 1808 1761 1870 rationem
1778 1808 1919 1890 exigere,
1942 1808 1997 1889 qui
2015 1807 2230 1888 eomprehen-

64 1887 65 1890 '
116 1913 117 1916 ’
229 1894 284 1959 Ex
312 1901 465 1974 corrupta
490 1915 600 1959 massa
627 1895 655 1958 si
683 1894 846 1975 desumpti
873 1901 950 1958 sunt
977 1913 1104 1968 omnes,
1138 1914 1205 1956 non
1256 1888 1332 1954 dere
1354 1912 1421 1954 non
1441 1912 1629 1972 possumus;
1650 1914 1756 1975 neque
1777 1894 1960 1971 convenire,
1983 1901 2020 1956 ut
2041 1892 2230 1958 (111111110-

229 1981 351 2043 mirum
383 1981 411 2043 si
444 1979 644 2044 damnationi
677 1980 854 2043 subiacent
905 1978 956 2043 Ne
989 1998 1067 2061 ergo
1095 1979 1204 2042 Deum
1255 1975 1365 2040 luntas
1396 1977 1433 2039 in
1464 1979 1720 2043 controversiam
1754 1979 1840 2060 apud
1873 2000 1932 2044 nos
1964 1978 2152 2056 descendat,
2187 1979 2230 2044 de

228 2066 410 2147 iniquitatis
438 2066 642 2144 insimulent,
668 2066 696 2130 si
720 2073 856 2129 aetemo
878 2066 947 2129 eius
967 2063 1086 2129 iudicio
1106 2065 1204 2127 morti
1255 2082 1320 2142 qua
1341 2062 1465 2143 quoties
1495 2064 1634 2127 babetur
1662 2086 1782 2140 sermo,
1811 2064 1871 2129 snb
1896 2065 1998 2147 ipsius
2020 2066 2152 2129 nomine
2174 2088 2230 2130 su-

229 2151 383 2215 destinati
404 2152 478 2228 sint,
502 2152 543 2215 ad
561 2172 660 2233 quam
678 2172 698 2214 a
715 2172 774 2215 sua
791 2150 935 2232 ipsorum
954 2157 1073 2214 natura
1090 2158 1204 2233 sponte
1255 2166 1369 2228 prema
1395 2148 1537 2212 iustitiae
1570 2150 1684 2231 regula
1717 2150 1911 2213 nominatur.
1962 2149 2051 2229 Quid
2082 2172 2160 2234 ergo
2187 2152 2231 2216 de

228 2237 460 2318 perducuntur.
1255 2233 1425 2313 iniquitate
1446 2235 1590 2315 quaestio
1612 2241 1775 2314 movetur,
1798 2236 1853 2299 ubi
1874 2236 1999 2300 iustitia
2020 2235 2107 2300 clare
2129 2258 2230 2319 appa·

318 2326 365 2385 15.
409 2322 511 2403 Atqui
534 2320 576 2386 ad
596 2343 670 2386 eam
692 2343 775 2404 quae
794 2343 883 2387 nune
904 2344 963 2405 pro
985 2321 1204 2385 damnationis
1255 2317 1328 2382 ret?
1364 2318 1478 2400 Neque
1499 2341 1577 2385 vero
1597 2343 1657 2385 nos
1679 2321 1799 2402 pudeat
1819 2322 2040 2404 improborum
2058 2343 2115 2386 ora
2132 2323 2231 2387 Pauli

229 2428 325 2473 eausa
354 2407 540 2473 obtenditur
568 2409 820 2491 corruptionem,
848 2412 959 2471 nonne
986 2408 1051 2471 Dei
1073 2404 1203 2470 ordina·
1256 2404 1404 2484 exemplo
1432 2406 1478 2470 sic
1505 2407 1685 2484 obstruere,
1718 2429 1755 2471 ac
1783 2408 1909 2488 quoties
1937 2407 2099 2471 oblatrare
2130 2408 2231 2473 aude·

229 2495 315 2557 tione
349 2494 583 2576 praedestinati
616 2503 693 2557 ante
720 2493 873 2557 fuerant?
919 2491 1031 2573 Quum
1064 2513 1142 2575 ergo
1168 2493 1204 2556 in
1256 2489 1348 2566 bunt,
1376 2489 1554 2556 identidem
1575 2499 1735 2574 repetere:
1766 2493 1902 2574 quinam
1923 2494 2016 2570 estis,
2037 2495 2147 2557 miseri
2171 2495 2231 2558 ho·

229 2600 289 2643 sua
316 2581 521 2663 corruptione
547 2587 700 2661 pereunt,
729 2579 814 2659 nihil
841 2578 930 2642 aliud
957 2599 1056 2660 quam
1082 2599 1204 2659 poenas
1255 2575 1370 2653 mines,
1388 2577 1444 2657 qui
1455 2577 1527 2641 Deo
1546 2580 1786 2642 accusationem
1803 2578 1996 2642 intentatis?
2025 2579 2072 2642 Et
2088 2579 2160 2643 ideo
2177 2581 2230 2642 in-

228 2664 326 2728 luunt
358 2667 429 2730 eius
461 2665 670 2742 calamitatis,
704 2665 740 2727 in
767 2685 866 2746 quam
897 2665 998 2746 ipsius
1025 2663 1203 2744 praedesti·
1256 2661 1397 2737 tentatis,
1417 2663 1494 2743 quia
1514 2685 1649 2745 operum
1670 2685 1804 2728 suorum
1826 2664 2086 2746 magnitudinem
2108 2664 2149 2728 ad
2171 2687 2229 2728 ru-

227 2750 359 2815 natione
387 2751 497 2833 lapsus
526 2758 575 2814 est
595 2750 721 2826 Adam,
750 2771 787 2814 aa
814 2757 960 2832 posteros
982 2769 1057 2813 suos
1078 2749 1203 2830 praeci·
1256 2745 1391 2810 ditatam
1412 2756 1556 2812 vestram
1578 2770 1644 2812 non
1670 2749 1885 2832 attemperat?
1931 2748 2034 2830 Quasi
2057 2771 2132 2814 vero
2154 2749 2229 2814 ideo

227 2837 353 2919 pitavit.
402 2838 526 2900 Annon
555 2837 664 2916 itaque
691 2836 846 2912 iniustus,
879 2836 935 2917 qui
956 2836 1114 2900 creaturis
1136 2835 1203 2898 suis
1255 2852 1410 2913 perversa
1431 2835 1506 2910 sint,
1529 2836 1605 2917 quia
1626 2836 1717 2899 carni
1740 2836 1806 2900 sint
1822 2836 1956 2900 occulta.
1989 2836 2136 2901 Ulterius
2152 2857 2229 2917 pro·

229 2928 298 2986 tam
326 2922 501 2985 crudeliter
528 2921 658 2984 illudit?
703 2922 825 2985 Fateor
846 2941 925 2985 sane
952 2921 986 2984 in
1009 2921 1111 2998 hanc,
1139 2942 1204 3001 qua
1255 2916 1398 2981 cedendo
1419 2919 1503 2982 nihil
1524 2921 1741 3002 proficiemus:
1771 2943 1850 2985 nam
1878 2943 1938 2986 nec
1961 2923 2097 2985 satisfiet
2117 2942 2232 2986 sonim
2264 2924 2268 2937 “

229 3030 317 3073 nune
338 3007 455 3090 illigati
478 3015 570 3083 sunt,
600 3007 793 3073 conditionis
813 3007 979 3071 miseriam
1001 3007 1065 3070 Dei
1087 3006 1203 3070 voluu-
1254 3003 1462 3084 petulantiae,
1484 3026 1544 3070 nec
1563 3006 1626 3070 alia
1643 3014 1718 3089 eget
1735 3007 1920 3071 defensione
1939 3007 2111 3084 Dominus,
2131 3023 2232 3089 quam

228 3099 296 3156 tate
324 3092 481 3157 decidisse
507 3093 676 3156 universos
702 3093 800 3157 filios.
813 3092 936 3169 Adam;
966 3098 1063 3173 atque
1091 3091 1125 3155 id
1154 3099 1204 3155 est
1254 3109 1319 3170 qua
1346 3109 1405 3170 per
1426 3091 1577 3172 spiritum
1600 3114 1697 3156 suum
1718 3114 1797 3157 usus
1825 3102 1887 3170 est,
1916 3094 1971 3175 qui
1992 3114 2052 3175 por
2074 3114 2109 3157 os
2131 3093 2232 3157 Pauli

229 3177 314 3260 quod
335 3179 494 3260 principio
516 3178 672 3254 dicebam,
696 3178 899 3242 redeundum
920 3177 1054 3241 tandem
1075 3199 1204 3259 semper
1254 3173 1463 3255 loquebatur;
1489 3178 1605 3259 etipsi
1628 3178 1823 3243 dediscimus
1845 3179 1928 3244 bene
1947 3179 2050 3260 loqui,
2074 3179 2130 3243 ubi
2154 3201 2231 3243 eum

229 3284 299 3328 esse
320 3263 362 3327 ad
395 3264 500 3328 solum
534 3263 664 3328 divinae
691 3265 868 3328 voluntatis
895 3264 1081 3340 arbitrium,
1111 3264 1203 3328 cuins
1254 3259 1326 3324 Deo
1348 3259 1437 3343 loqui
1458 3261 1645 3328 desinimus.

228 3370 327 3414 causa
348 3350 392 3414 sit
412 3351 448 3414 in
470 3350 539 3433 ipso
562 3349 758 3414 abscondita.
803 3348 871 3414 Sed
892 3371 957 3414 non
978 3349 1127 3431 protinus
1151 3370 1202 3413 se-
1344 3350 1391 3409 17.
1441 3347 1594 3412 Alterum
1631 3370 1756 3432 quoqne
1789 3350 1950 3415 obiectum
1983 3350 2024 3414 ab
2062 3349 2231 3431 impietate

227 3437 354 3517 quitur,
382 3435 458 3500 huic
480 3436 708 3500 obtrectationi
730 3435 839 3499 Deum
861 3436 1037 3500 subiacere.
1078 3433 1203 3500 Occur-
1255 3432 1406 3513 emergit,
1434 3434 1520 3514 quod
1555 3441 1666 3499 tamen
1698 3456 1764 3499 non
1791 3442 1859 3499 tam
1888 3436 1929 3500 ad
1958 3436 2022 3499 Dei
2049 3434 2231 3517 sugillatio-
2298 3454 2307 3462 ·

226 3543 336 3585 remus
364 3522 453 3585 enim
480 3542 555 3586 cum
576 3521 681 3585 Paulo
704 3520 814 3603 (Rom.
834 3526 863 3596 9,
883 3519 939 3605 20)
967 3522 1003 3585 in
1024 3520 1111 3586 hunc
1132 3542 1203 3584 mo·
1254 3537 1345 3595 nem,
1374 3539 1471 3599 quam
1494 3518 1536 3582 ad
1563 3522 1740 3602 peccatoris
1763 3523 2005 3586 excusationem
2026 3527 2115 3586 recta
2136 3542 2230 3603 speo-

227 3605 319 3671 dum:
349 3602 500 3684 o'homo,
530 3616 567 3670 tu
596 3607 723 3689 quises
746 3607 801 3688 qui
823 3606 982 3688 disceptes
1010 3627 1085 3671 cum
1108 3605 1200 3670 Deo?
1255 3608 1311 3666 tat.
1355 3603 1442 3681 Etsi,
1470 3606 1525 3686 qui
1552 3628 1571 3670 a
1593 3606 1664 3670 Deo
1687 3606 1862 3672 damnatur
1884 3616 2047 3689 peccator,
2076 3628 2141 3670 non
2164 3607 2230 3671 uisi

227 3714 308 3754 num
328 3695 522 3774 figmentum
545 3692 623 3756 dicit
644 3694 675 3756 ei
696 3693 752 3773 qui
770 3714 805 3756 se
823 3693 932 3756 finxit:
956 3713 1015 3757 cur
1031 3713 1084 3756 me
1102 3693 1201 3756 finxi-
1254 3708 1330 3750 cum
1350 3688 1467 3753 iudicis
1488 3691 1667 3773 ignominia
1687 3694 1856 3758 iustificari
1879 3692 2010 3758 demum
2027 3699 2141 3776 potest.
2171 3690 2229 3758 Sic

227 3779 269 3840 sti
291 3776 359 3840 sic?
390 3799 500 3842 annon
527 3778 627 3841 habet
648 3785 841 3859 potestatem
868 3777 1002 3861 figulus,
1026 3785 1063 3841 ut
1084 3800 1126 3842 ex
1147 3799 1201 3842 ea-
1254 3793 1331 3855 ergo
1349 3776 1504 3855 profanae
1521 3776 1653 3860 linguae
1671 3779 1887 3861 obganniunt:
1907 3801 1965 3843 cur
1982 3801 2021 3843 ea
2038 3779 2117 3842 vitio
2134 3779 2229 3843 Deus

229 3861 304 3925 dem
325 3884 433 3927 massa
464 3865 562 3928 faciat
595 3885 654 3929 vas
677 3863 767 3926 aliud
792 3865 828 3926 in
855 3863 1025 3939 honorem,
1056 3862 1145 3927 aliud
1166 3865 1202 3925 in
1231 3858 1430 3940 ,imputaret
1447 3861 1640 3940 hominibus,
1659 3885 1796 3945 quorum
1814 3866 2039 3930 necessitatem
2057 3885 2116 3929 sua
2132 3885 2228 3948 prae-

228 3948 479 4012 contumeliam?
529 3949 706 4031 Negabunt
730 3950 778 4013 ita
804 3971 881 4015 vore
908 3948 1037 4013 defendi
1059 3949 1123 4013 Dei
1149 3949 1201 4011 iu·
1254 3943 1469 4010 destinatione
1495 3949 1671 4030 imposuit?
1723 3948 1812 4029 Quid
1839 3951 1927 4017 enim
1953 3949 2119 4014 facerent?
2169 3950 2228 4013 An

228 4034 365 4111 stitian1;
389 4034 445 4098 sed
468 4034 705 4116 subterfugium
727 4037 864 4117 captari,
890 4035 985 4118 quale
1007 4034 1127 4098 habere
1149 4055 1200 4099 so-
1253 4051 1328 4093 cum
1355 4031 1493 4097 decretis
1517 4035 1588 4098 eius
1618 4033 1841 4099 luctarentur?
1887 4036 1934 4099 At
1959 4037 2080 4099 frustra
2101 4033 2136 4098 id
2159 4036 2227 4099 fac-

228 4120 297 4183 lent
318 4120 374 4201 qui
395 4121 482 4184 iusta
503 4121 710 4184 excusatione
728 4121 957 4186 destituuntur.
1003 4118 1092 4200 Quid
1113 4121 1200 4185 enim
1253 4116 1318 4178 turi
1351 4118 1430 4194 sint,
1463 4120 1542 4200 quin
1576 4121 1709 4184 omnino
1735 4122 1841 4185 faeere
1873 4142 1939 4184 non
1965 4122 2098 4202 possint.
2149 4120 2228 4183 Non

226 4205 280 4270 hie
314 4205 402 4269 aliud
430 4206 494 4271 dici
522 4206 665 4282 videtur,
698 4228 797 4288 quam
823 4208 895 4272 Deo
922 4227 993 4271 esse
1020 4207 1200 4288 potentiam
1253 4222 1330 4283 ergo
1362 4203 1432 4266 iure
1465 4205 1504 4268 ob
1532 4226 1571 4268 ea
1600 4207 1795 4287 puniuntur,
1823 4227 1961 4288 quorum
1987 4209 2162 4289 praecipua
2189 4207 2227 4269 in

226 4312 308 4373 quae
342 4292 493 4373 impediri
526 4298 681 4373 nequeat,
710 4314 774 4374 quo
796 4294 920 4370 minus,
948 4301 1045 4375 prout
1069 4291 1200 4356 libitum
1251 4288 1316 4351 Dei
1347 4288 1641 4371 praedestinatione
1674 4313 1773 4356 causa
1804 4299 1861 4369 est.
1906 4293 1971 4358 Hie
2003 4293 2170 4357 abstinebo
2206 4313 2227 4354 a
2314 4286 2319 4298 ’

226 4377 332 4453 fuerit,
356 4377 484 4459 quidvis
505 4377 602 4459 agat?
637 4378 762 4441 Verum
784 4378 880 4462 longe
902 4400 996 4443 secus
1016 4384 1074 4441 est.
1106 4374 1199 4456 Quae
1252 4373 1437 4439 defensione
1463 4375 1624 4458 adquam
1648 4377 1716 4441 fere
1744 4379 1916 4459 scriptores
1944 4378 2151 4446 ecelesiastici
2172 4398 2226 4439 re-

226 4464 315 4525 enim
342 4464 503 4544 potentior
531 4464 642 4527 afferri
671 4465 754 4527 ratio
781 4473 900 4545 potest,
929 4484 1027 4545 quam
1049 4462 1128 4525 dum
1148 4464 1199 4526 iu·
1252 4469 1401 4526 currunt:
1435 4483 1501 4524 non
1522 4462 1679 4545 impedire
1701 4464 1765 4528 Dei
1785 4465 2049 4546 praescientiam,
2078 4486 2141 4547 quo
2162 4464 2225 4526 mi-

224 4549 340 4612 bemur
361 4550 504 4632 cogitare
526 4550 598 4630 quis
625 4550 668 4613 sit
688 4550 801 4613 Deus?
846 4548 1016 4629 Quomodo
1038 4549 1126 4610 enim
1147 4549 1198 4611 ul-
1250 4569 1313 4611 nus
1339 4547 1436 4611 homo
1461 4561 1611 4629 peccator
1637 4557 1819 4632 reputetur,
1848 4550 2109 4633 quandoquidem
2135 4549 2225 4612 illius

224 4632 290 4698 lam
323 4635 529 4716 iniquitatem
563 4635 763 4712 admitteret,
798 4635 853 4715 qui
883 4634 984 4698 iudex
1011 4641 1061 4696 est
1089 4634 1196 4699 orbis?
1249 4633 1353 4710 mala,
1388 4654 1453 4696 non
1485 4656 1544 4698 sua
1572 4635 1663 4699 Deus
1695 4633 1891 4717 praevideat.
1942 4637 2017 4699 Non
2050 4638 2139 4700 enim
2172 4635 2226 4698 hio

225 4720 278 4784 Ad
300 4721 362 4784 Dei
386 4728 538 4784 naturam
566 4723 594 4784 si
626 4720 756 4802 proprie
783 4719 938 4798 pertinet,
972 4718 1127 4784 iudicium
1149 4721 1197 4784 fa
1250 4720 1441 4784 subsisteret
1461 4720 1639 4798 cavillati0,
1668 4720 1725 4785 sed
1746 4721 1852 4802 potius
1874 4729 2020 4803 urgeret,
2042 4722 2152 4785 Deum
2174 4729 2226 4785 ta-

224 4827 310 4881 cere,
340 4806 499 4870 iustitiam
526 4807 627 4888 igitur
653 4803 847 4867 naturaliter
873 4812 976 4880 amat,
1004 4804 1196 4871 iniustitiam
1249 4826 1325 4868 men
1352 4806 1447 4870 malis
1473 4827 1556 4887 quae
1582 4806 1781 4887 praeviderit
1808 4807 1950 4889 potuisse
1981 4827 2165 4881 occurrere,
2196 4807 2225 4868 si

225 4900 403 4955 aversatur.
454 4891 597 4957 Proinde
625 4911 705 4966 non,
742 4890 834 4969 quasi
857 4888 1078 4970 deprehensus
1103 4892 1195 4971 foret,
1248 4892 1412 4955 voluisset.
1469 4890 1579 4972 Quum
1620 4914 1686 4955 non
1723 4892 1850 4968 fecerit,
1893 4890 2053 4955 destinato
2089 4892 2225 4955 consilio

224 4977 387 5056 apostolas
409 4978 449 5041 ad
471 4975 638 5041 cuniculos
657 4975 868 5056 respectavit;
894 4975 950 5039 sed
972 4975 1129 5042 indicavit
1149 4979 1197 5042 al·
1249 4998 1376 5042 creasse
1396 4976 1562 5041 hominem
1593 4980 1628 5041 in
1651 4999 1726 5041 eum
1748 4978 1863 5058 finem,
1892 4986 1929 5039 ut
1949 4997 1984 5038 se
2008 4975 2044 5037 in
2066 4982 2156 5039 terra
2177 4978 2226 5043 ita

224 5062 338 5123 tiorenr
361 5084 431 5126 esse
452 5062 594 5124 iustitiae
618 5059 747 5123 divinae
769 5062 943 5137 rationem,
966 5084 1064 5143 quam
1086 5072 1123 5125 ut
1143 5064 1197 5128 vel
1229 5088 1233 5095 ’

224 5145 368 5209 humano
390 5147 485 5210 niodo
507 5145 669 5209 metienda
691 5147 742 5225 sit,
767 5146 821 5212 vel
842 5147 966 5229 ingenii
988 5149 1123 5212 humani
1148 5158 1195 5212 to-

224 5233 350 5295 nuitato
377 5233 479 5314 possit
505 5231 745 5314 comprehendi.
793 5232 932 5296 Fatetur
960 5233 1091 5315 quidem
1119 5255 1195 5316 apo·
1317 5249 1345 5314 1)
1363 5252 1450 5320 Epist.
1469 5250 1520 5304 106
1537 5250 1621 5318 (186).
1649 5271 1650 5275 ¹
