4770 6030
218 332 280 393 eso
791 317 1057 386 INSTITUTIO
1079 275 1183 387 nnn.
1207 321 1387 388 censen.
1414 326 1663 390 nso-issi..
2159 329 2226 388 sio

1858 436 1883 488 n
1896 438 1974 504 sco,
1991 438 2101 505 esen
2120 436 2225 491 osse.

219 516 335 600 pellnri
368 515 471 580 solent
503 512 684 577 iurisdictio
718 512 896 594 spiritualis
929 518 963 574 ot
996 511 1196 594 tempore-lis3
1249 533 1287 576 ue
1307 512 1387 591 quod
1414 511 1451 574 de
1475 511 1641 592 spirituali
1668 511 1804 574 libertate
1832 423 1914 575 docet
1941 514 2133 595 ecanpclium
2151 534 2227 595 per-

219 624 286 667 non
307 600 491 682 impropriis
513 599 713 676 nominibus,
746 598 862 680 quibus
885 598 1090 681 significatur
1110 598 1196 678 prio·
1243 618 1357 679 peram
1379 599 1421 662 ad
1436 598 1601 678 politicum
1627 598 1766 660 ordinem
1789 597 1968 676 trabarnus;
1998 621 2035 663 ae
2063 599 2093 662 si
2119 601 2227 663 minus

219 710 289 753 rem
310 686 401 749 illam
422 686 590 769 regiminis
614 685 753 766 speciem
775 683 817 748 ad
844 685 972 748 enimse
999 684 1101 747 vitem
1122 704 1196 764 per-
1249 683 1416 747 secundum
1438 688 1595 747 edentium
1615 684 1752 764 rcpimen
1779 683 1926 748 liurnanis
1953 685 2070 767 lepibus
2096 686 2226 750 strnue-

217 775 321 839 tinere
328 795 336 850 ;
369 771 455 836 hanc
488 779 597 835 autern
628 771 664 834 in
696 770 749 833 his
782 790 865 851 quae
897 770 1078 851 presseritis
1108 768 1196 833 vitae
1248 774 1356 833 rentur
1380 768 1569 846 Obristia-ni,
1596 771 1674 848 piria
1695 769 1811 833 solutae
1839 775 1911 832 sunt
1930 791 2035 834 coram
2054 771 2122 835 Deo
2143 774 2227 852 ipsa

217 866 294 924 sunt
315 859 457 923 versari:
486 877 552 921 non
576 855 706 939 quidem
733 857 768 918 in
796 855 957 937 pascendo
985 862 1114 921 tentum
1140 861 1197 918 aut
1248 875 1321 918 runc
1348 855 1563 932 coriscientiam
1595 855 1690 935 quasi
1716 861 1881 937 propterea
1908 859 2113 921 eximerentur
2138 859 2227 922 omni

217 942 401 1022 vestiendo,
443 942 500 1008 sed
538 944 573 1006 in
607 941 864 1024 praescribendis
897 941 1039 1024 legibue,
1079 940 1196 1022 quibus
1248 941 1354 1004 coritis
1375 942 1528 1018 servitute,
1561 941 1642 1022 quod
1663 942 1830 1004 secundum
1856 943 2004 1022 spiritum
2033 943 2122 1008 liberi
2144 949 2226 1007 sunt.

220 1030 318 1095 homo
340 1030 426 1093 inter
449 1030 596 1093 homines
617 1029 719 1092 vitem
744 1033 859 1104 sande,
883 1027 1018 1101 honesto
1035 1026 1196 1089 modeste·
1248 1026 1371 1090 Deinde
1399 1028 1476 1106 quia
1509 1028 1541 1090 in
1576 1028 1620 1090 iis
1645 1028 1739 1090 etiam
1768 1028 2044 1106 constitutionibus
2076 1050 2155 1110 quae
2183 1031 2227 1094 ad

218 1137 280 1199 que
303 1117 423 1198 exigat.
468 1115 555 1179 Nam
577 1114 634 1179 illa
655 1115 692 1177 in
714 1115 822 1177 animo
844 1114 991 1177 interiori
1009 1111 1119 1176 sedem
1137 1112 1196 1175 ha·
1248 1112 1413 1192 spirituale
1433 1134 1561 1195 repnum
1582 1113 1726 1176 oidcrdur
1742 1116 1905 1194 pertinere,
1918 1120 2018 1196 polest
2035 1114 2141 1197 alique
2159 1135 2227 1181 csse

216 1202 285 1281 bet;
308 1201 390 1286 haec
413 1209 523 1266 auten
545 1209 697 1265 externos
719 1221 826 1263 mores
838 1198 1005 1277 ,duntaxat
1023 1199 1195 1280 componit.
1249 1197 1464 1277 hallucinatio,
1491 1199 1570 1262 inter
1590 1198 1648 1261 lens
1669 1200 1763 1263 etiam
1790 1200 1880 1280 ipsas
1906 1202 2077 1265 discemere
2092 1206 2226 1283 oportet,

217 1288 372 1352 Alterum
393 1308 509 1352 vocare
532 1287 625 1352 nobis
647 1286 742 1351 liceat
771 1307 909 1368 regnum
936 1284 1118 1366 spirituale,
1150 1283 1197 1347 nd-
1248 1305 1328 1364 quae
1358 1284 1512 1366 lepitimae
1543 1284 1699 1349 debendae
1720 1286 1797 1363 sird,
1830 1291 1865 1348 ut
1889 1285 1954 1350 Dei
1985 1287 2073 1350 serbo
2106 1307 2254 1352 consen.

218 1380 327 1439 terum
348 1395 486 1456 regnum
507 1373 683 1454 politicum.
728 1371 822 1436 Haec
842 1378 955 1434 sutem
976 1369 1048 1448 dno,
1071 1375 1197 1450 ntpnr-
1251 1375 1374 1448 teneaa-
1392 1391 1471 1450 quae
1491 1390 1605 1433 mersus
1617 1369 1641 1452 ¹)
1660 1370 1757 1434 locum
1779 1372 1866 1452 apud
1881 1373 1956 1452 pios
1972 1372 2082 1437 babere
2098 1393 2163 1460 non,
2176 1374 2228 1437 de-

157 1461 165 1477 '
219 1460 411 1537 titisumus,
435 1479 581 1523 seorsum
605 1457 735 1541 singula
752 1455 952 1538 dispicienda
969 1476 1088 1536 seraper
1109 1460 1197 1534 sunt·
1249 1455 1343 1520 beant.
1388 1456 1438 1520 De
1456 1455 1543 1520 civili
1564 1456 1710 1537 repimine
1732 1458 1791 1520 erit
1811 1457 1889 1522 alibi
1910 1459 2033 1522 dicendi
2054 1459 2144 1523 loms.
2175 1458 2229 1523 De

220 1552 262 1623 et,
285 1544 364 1608 dum
392 1545 532 1609 sitorum
559 1543 797 1620 consideretur,
826 1541 984 1607 avocandi
1012 1540 1197 1606 avertendi·
1251 1543 1367 1624 lapibus
1388 1541 1599 1606 ecclesiasticis
1621 1541 1744 1622 aliquid
1766 1544 1832 1606 iam
1853 1543 1969 1608 dictum
1991 1549 2043 1622 est,
2071 1564 2168 1626 quum
2189 1546 2229 1610 de

219 1652 282 1712 que
310 1632 351 1695 ab
380 1631 515 1695 alterius
548 1630 742 1712 cogitatione
776 1629 885 1692 enimi.
931 1625 1019 1692 Sunt
1045 1628 1134 1691 enim
1162 1628 1197 1690 in
1244 1633 1393 1708 potestate
1414 1629 1557 1692 ccclesiae
1577 1626 1795 1707 scriberemus,-
1822 1631 1903 1710 quod
1924 1631 2230 1712 spectauere
2297 1710 2300 1719 Α

221 1717 352 1782 homine
373 1715 476 1781 veluti
498 1716 615 1780 mundi
638 1715 716 1792 duo,
747 1714 863 1796 quibus
885 1720 918 1778 et
939 1714 1023 1779 varii
1043 1734 1137 1796 reges
1165 1719 1198 1776 et
1249 1718 1292 1777 est
1312 1714 1513 1778 tractandum.
2138 1774 2144 1781 .

219 1804 330 1868 verine
353 1803 442 1885 leges
464 1823 614 1884 praeesse
636 1807 781 1883 possunt.
828 1799 900 1864 Hac
923 1800 1117 1864 distinctione
1136 1798 1197 1878 bet,

868 2445 1073 2622 CAPUT
1111 2537 1475 2622 TREDEOIMU
1475 2539 1534 2621 M.
1544 2537 1573 2620 ²)

461 2870 463 2874 .
724 2759 818 2854 nn
846 2738 1373 2858 recensentem
1398 2760 1723 2858 Hancne.
1783 2705 1841 2859 '.

306 3004 332 3064 1.
376 2998 406 3081 ⁸)
422 2999 525 3079 Quum
541 3018 611 3081 cryc
633 2999 675 3062 ad
696 2998 865 3080 spirituale
884 3017 1014 3079 repnum
1029 2997 1194 3079 pertineat,
1250 2998 1337 3079 apud
1352 2996 1459 3062 Deum
1476 3002 1617 3078 possunt.
1659 2997 1792 3063 Unicum
1813 3021 1913 3082 repem
1935 3008 2110 3084 musicum,
2133 3025 2231 3070 suum

216 3085 371 3168 quidquid
392 3084 429 3147 de
451 3083 625 3148 christiana
643 3084 780 3149 libertate
801 3106 822 3148 a
838 3084 927 3148 nobis
948 3082 1064 3146 dictum
1085 3087 1137 3160 est,
1160 3085 1196 3147 in
1250 3083 1443 3148 liberatorem
1472 3081 1648 3162 Christum
1682 3089 1710 3147 et
1734 3106 1802 3150 una
1829 3087 1981 3152 libertatis
2009 3090 2086 3171 lepc,
2120 3111 2230 3174 nempe

216 3173 271 3239 boc
292 3190 440 3245 sermone,
468 3174 504 3233 ut
524 3170 679 3249 dicimus,
709 3170 834 3235 nullum
862 3170 1013 3234 adomsus
1029 3170 1196 3251 politicum
1248 3189 1338 3234 sacro
1366 3168 1518 3252 ecanpelii
1545 3169 1649 3248 cebo,
1681 3177 1830 3254 repautur
1859 3179 1987 3254 oportet,
2019 3177 2049 3239 si
2078 3178 2229 3260 pretinm,

217 3259 320 3340 lepum
346 3261 401 3320 aut
425 3256 638 3338 lepislatorum
667 3257 806 3321 ordinem
832 3256 921 3321 uobis
953 3259 1106 3320 certamen
1137 3259 1197 3334 cst,·
1249 3276 1346 3336 quam
1371 3256 1407 3320 iu
1436 3254 1559 3319 Olristo
1586 3256 1679 3320 sernel
1706 3257 1913 3336 obtinuerunt,
1948 3261 2077 3326 retinere
2106 3264 2232 3344 colunt,-

216 3342 317 3413 nibilo
336 3343 434 3407 'etiam
454 3343 558 3424 inopis
584 3349 691 3408 corstra
719 3348 846 3407 sanetas
872 3347 899 3406 d
925 3340 1083 3405 saluta-res
1110 3342 1197 3405 eccle
1249 3342 1340 3407 rsulla
1361 3342 1504 3406 seruitute
1525 3345 1698 3420 eruantur,
1721 3344 1822 3409 nullis
1836 3346 1976 3416 vinculis
2004 3349 2231 3431 astrinpcntur.

216 3430 284 3494 siae
304 3428 541 3506 constitutiones,
560 3448 640 3507 quac
661 3428 710 3493 ccl
731 3429 774 3492 ad
794 3428 1006 3509 disciplinam,
1029 3427 1077 3492 cel
1091 3427 1198 3508 prrbli
1337 3431 1365 3490 2.
1412 3425 1554 3510 Fiupunt
1581 3428 1705 3508 quidem
1728 3428 1855 3495 Selenes
1882 3432 1951 3510 isti,
1980 3453 2059 3498 suas
2083 3431 2244 3500 mustitm

219 3534 289 3579 cam
309 3513 496 3578 lerustatern
517 3515 760 3580 conserecudam
779 3515 919 3596 faciunt
945 3514 1000 3576 sed
1021 3518 1127 3578 contra
1149 3533 1199 3577 ec-
1249 3514 1347 3578 tiones
1368 3514 1446 3595 lcpes
1467 3533 1532 3578 esse
1549 3513 1707 3592 libertatis,
1726 3536 1823 3581 sunus
1839 3519 1959 3599 iupum,
1977 3539 2056 3583 onus
2073 3521 2152 3599 leue;
2174 3524 2232 3588 sed

219 3600 469 3664 traordinariom
486 3600 641 3663 duntarat
651 3605 832 3682 potestcum
848 3619 943 3679 quam
959 3603 1117 3680 usurpant
1126 3600 1197 3677 sibi,
1249 3620 1338 3664 mem
1364 3619 1429 3663 esse
1455 3600 1619 3664 mordacia
1644 3602 1718 3681 quis
1744 3623 1806 3666 riou
1837 3604 1966 3668 uideat?
2000 3605 2136 3671 Nullam
2162 3609 2231 3690 ipsi

220 3687 277 3765 qui
291 3690 436 3766 pastores
457 3687 600 3750 ecclesiae
621 3685 722 3750 uideri
737 3688 851 3764 uolunt,
873 3707 907 3749 rc
924 3691 1027 3750 numm
1043 3706 1116 3751 cera
1132 3706 1199 3751 sce
1250 3685 1374 3766 quidm
1397 3686 1498 3767 lepum
1518 3706 1651 3750 suorum
1665 3689 1850 3770 paridem
1871 3692 2014 3770 sentiunt,
2038 3694 2094 3772 qui
2112 3692 2230 3760 undo

219 3772 344 3835 nissimi
364 3775 437 3834 sunt
457 3770 625 3850 carnifices.
662 3773 854 3853 Qucseuim
875 3773 1199 3854 usercensem
1250 3771 1315 3836 Dei
1340 3773 1449 3836 timore
1471 3776 1537 3836 tam
1562 3791 1641 3836 suas
1668 3794 1763 3854 cuam
1791 3775 1921 3841 dininas
1947 3777 2027 3860 lepes
2055 3798 2160 3843 secure
2190 3801 2231 3845 ac
2265 3775 2269 3782 ’

219 3856 353 3920 rituales
370 3876 434 3919 esso
455 3858 560 3932 aiunt,
590 3856 633 3921 ad
655 3859 798 3922 animam
812 3860 1009 3939 pertinentes,
1030 3864 1058 3921 et
1079 3877 1133 3922 eas
1155 3858 1199 3921 ad
1249 3862 1371 3923 sucum
1392 3858 1558 3940 neplipunl.
1606 3858 1669 3938 Qui
1689 3866 1759 3923 iero
1781 3862 1893 3945 aliqua
1914 3864 2031 3928 salutis
2051 3885 2129 3930 suae
2150 3886 2231 3933 cura

219 3943 318 4006 uitam
349 3947 506 4006 aeternam
543 3945 738 4008 necessarias
777 3944 948 4024 attineant.
1006 3943 1059 4008 su
1095 3949 1199 4008 autem
1249 3947 1427 4025 tcupuntur‚
1440 3944 1619 4024 plurimum
1646 3945 1729 4008 abest
1748 3949 1827 4027 quin
1855 3969 1887 4012 se
1905 3949 2015 4014 liberos
2041 3952 2229 4032 existiment,

218 4048 350 4110 repnum
374 4025 494 4092 Christi
524 4029 704 4108 inuaditur,·
731 4031 778 4095 sic
799 4031 940 4107 libertas,
970 4031 1010 4094 ab
1037 4033 1107 4111 ipso
1123 4029 1198 4110 lide·
1249 4030 1404 4109 quomdiu
1430 4028 1481 4093 bis
1514 4029 1635 4109 laqueis
1666 4032 1879 4113 implicantur.
1930 4036 2079 4100 Videmus
2107 4044 2231 4118 quanta

194 4186 200 4204 Ι
221 4115 300 4178 lium
321 4114 516 4178 conscientiis
536 4115 628 4193 data,
663 4117 853 4198 opprimitur
867 4117 997 4198 penitus
1018 4137 1055 4180 ac
1076 4116 1198 4181 disimi-
1249 4117 1389 4181 cautione
1410 4120 1552 4181 uersatus
1571 4116 1668 4180 sitin
1689 4117 1856 4200 lacpcrte
1879 4120 2017 4200 Paulus,
2045 4128 2081 4186 ut
2099 4144 2138 4188 ne
2159 4145 2230 4191 una

219 4206 277 4266 tur.
325 4201 423 4264 Taceo
445 4221 535 4278 nunc,
558 4207 678 4281 quatita
699 4203 856 4285 impietate
877 4204 978 4285 lepurn
994 4223 1128 4267 marum
1150 4201 1198 4265 ob
1226 4202 1373 4282 vquidem
1392 4203 1428 4264 in
1449 4223 1482 4264 re
1504 4202 1649 4281 laqueum
1670 4204 1796 4272 iniicere
1817 4226 1917 4271 ausus
1936 4208 2033 4288 fuerit
2051 4208 2083 4293 (l
2099 4209 2173 4274 (lor.
2196 4216 2227 4289 7,

220 4288 424 4363 sanctiorum
445 4288 608 4351 sarreiant:
637 4289 713 4352 dum
735 4310 772 4353 ea
794 4291 868 4370 ipsa
890 4294 1131 4370 etpeccatcrum
1152 4308 1198 4350 re·
1250 4288 1315 4371 35),
1337 4308 1433 4367 neque
1460 4286 1495 4351 id
1522 4288 1613 4352 nulla
1634 4309 1740 4354 causa.
1786 4290 2000 4375 Prospiciebat
2025 4300 2100 4359 certe
2126 4315 2228 4376 quam
2279 4347 2282 4353 .

215 4374 413 4450 missionem,
441 4377 469 4436 et
490 4374 661 4453 iustitiam,
689 4380 716 4439 et
743 4375 877 4440 salutern
904 4395 1050 4456 quadem
1076 4375 1196 4449 doceut;
1247 4379 1314 4439 tum
1341 4376 1457 4438 vulnus
1483 4373 1673 4457 inlliperetur
1693 4380 1902 4458 cumcuntiis,
1926 4383 1957 4444 si
1983 4402 2092 4446 earum
2119 4401 2229 4447 rerum

219 4459 295 4523 dum
316 4464 411 4523 totam
431 4460 593 4541 relipionis
614 4466 641 4523 et
656 4461 787 4542 pietatis
808 4481 966 4525 munnam
988 4462 1023 4523 in
1044 4461 1118 4540 ipsa
1134 4463 1198 4523 sta
1248 4461 1415 4525 necessitas
1431 4459 1500 4523 illis
1521 4460 1737 4542 imponeretur,
1759 4486 1894 4545 quarum
1914 4469 2024 4532 relicta
2041 4465 2228 4532 csselaDa

219 4550 316 4610 tuum.
362 4544 429 4608 Hoc
448 4566 547 4609 urium
566 4546 725 4624 canendo,
748 4549 956 4610 necessitatem
983 4546 1103 4626 imponi
1129 4565 1197 4608 con-
1248 4549 1334 4611 mino
1358 4546 1491 4610 libertas.
1537 4545 1653 4612 Genua
1672 4553 1835 4615 nunmrari
1855 4555 1910 4616 eie
1926 4559 2061 4634 possunt
2081 4555 2228 4618 constitu·

219 4631 358 4696 scientiis
379 4651 441 4695 non
463 4632 581 4710 debus,
612 4634 647 4695 iu
677 4632 790 4711 cuibus
816 4632 906 4695 rebus
935 4655 956 4695 a
980 4629 1103 4695 Christo
1125 4631 1197 4695 ube
1248 4634 1359 4711 lienes,
1388 4652 1469 4712 quas
1490 4632 1545 4696 isti
1564 4635 1751 4716 pravissime
1771 4642 1912 4703 aeterrsae
1933 4642 2043 4704 urentis
2063 4640 2227 4706 denuntia·

219 4722 339 4794 rantur,
361 4736 414 4780 uec
435 4718 501 4781 nisi
519 4719 673 4794 liberatae,
695 4721 730 4781 ut
747 4721 839 4780 antea
856 4716 1025 4792 docuimus,
1045 4717 1197 4796 quiescere
1248 4721 1328 4784 tione
1356 4723 1544 4798 secernunt
1572 4740 1652 4799 quas
1677 4725 1869 4789 seuerissime
1900 4727 2039 4808 eripuit,
2074 4731 2228 4806 tanquam

1248 4805 1290 4869 ad
1311 4806 1444 4869 salutent
1463 4807 1664 4871 necessarias.
1703 4808 1748 4873 Et
1768 4811 1804 4873 in
1820 4811 1871 4875 bis
1888 4813 2062 4892 permudae
2083 4816 2157 4875 suut
2177 4813 2227 4876 ob

1247 4895 1372 4955 sanctu
1394 4889 1618 4970 difficillimam
1645 4913 1749 4960 omnes
1770 4916 1852 4975 cero,
1881 4898 1911 4961 si
1933 4898 1969 4961 in
1989 4899 2112 4962 turbam
2132 4918 2227 4961 sicam

222 4875 317 4882 ...ι-’.-
329 4874 423 4880 --ι-...μ

251 4962 258 4971 ’
289 4973 318 5039 1)
341 4990 433 5024 nrrsns
458 4976 541 5026 omitt.
561 4970 636 5023 1543.
663 4969 737 5024 1545.
833 4971 863 5040 2)
881 4972 943 5026 Hoc
965 4978 1048 5040 caput
1065 4974 1140 5029 abest
1161 4975 1195 5028 ab
1247 4981 1458 5059 emperantia,
1481 4977 1705 5058 impossibiles:
1725 4986 1831 5047 tantm
1847 4989 1891 5047 net
1906 5003 2044 5048 atmiis.
2077 4984 2138 5064 Qui
2155 5004 2227 5066 enyo
2353 5004 2361 5013 ¹

220 5039 763 5175 ttttdttttt‘tttttmtt
774 5043 1196 5178 ttttttlttttt:
1245 5063 1317 5143 tri·
1333 5063 1459 5144 roera
1489 5067 1525 5125 u
1550 5083 1612 5125 nu
1633 5071 1768 5218 eruam
1786 5071 1939 5134 annue
1965 5075 1992 5132 u
2017 5075 2131 5133 eeu-0
2152 5091 2225 5150 pe.

222 5179 331 5233 babebis
354 5180 433 5257 initio
456 5181 556 5243 eapitis
579 5179 694 5231 editioni
712 5181 804 5259 priori
820 5180 972 5246 peculiaris
1000 5195 1114 5233 numero
1139 5181 1196 5233 illic
1241 5149 1332 5298 {illm
1352 5152 1497 5244 “smmi
1520 5148 1634 5245 (iulius
1658 5156 1692 5218 la
1725 5177 1746 5219 a
1768 5154 1965 5254 difficilia&
1987 5156 2083 5254 mles
2106 5157 2224 5219 immi

223 5246 300 5302 XIV
314 5254 403 5300 notati
418 5264 445 5315 p.
464 5246 516 5298 360
528 5264 579 5316 seq.
598 5248 671 5316 quod
688 5248 750 5302 cide
767 5248 845 5313 intra
860 5254 923 5315 post
940 5254 1063 5304 nonrum
1073 5247 1104 5301 X
1110 5247 1194 5302 VIII.
1295 5234 1313 5296 ?
1356 5232 1466 5297 Huius
1484 5253 1610 5316 §elteri-9
1629 5261 1698 5324 erpo
1719 5245 1947 5307 contristatione&
1968 5240 2019 5306 luc
2037 5261 2225 5342 tfnpuytture
