4770 6030
218 350 276 408 171
849 343 1115 412 INSTITUTIO
1137 345 1242 410 REI..
1267 343 1446 410 CHRIS'P.
1474 347 1564 408 1536.
1785 390 1792 414 ,
2157 351 2217 413 172

216 531 304 614 Quid
331 554 450 616 quaeso
477 533 570 598 nobis
597 535 813 615 praestitisset
832 534 1000 614 Christus,
1032 534 1060 600 si
1082 533 1190 600 adhuc
1244 533 1324 598 dicis
1351 538 1415 612 est,
1443 531 1582 597 alterum
1606 533 1723 614 patris;
1751 533 1868 610 iudex,
1898 555 1972 598 cum
2000 534 2219 601 facinorosum

214 640 273 701 pro
295 620 434 701 peccatis
455 640 561 701 poena
583 619 790 703 exigeretur?
836 621 923 685 Nam
945 643 1021 686 cum
1043 621 1189 698 dicimus,
1241 619 1351 701 punit,
1385 619 1421 682 in
1447 620 1555 700 ipsum
1582 616 1737 684 delictum
1763 619 1994 684 animadvertit
2022 626 2055 685 et
2081 621 2121 685 de
2148 624 2218 704 ipso

215 726 291 770 eum
311 705 483 786 pertulisse
505 706 616 769 omnia
637 712 770 787 peccata
791 714 904 771 nostra
923 708 960 770 in
981 727 1114 790 corpore
1132 727 1191 772 suo
1242 705 1384 770 facinore
1408 725 1547 788 poenam
1575 705 1706 786 expetit.
1755 705 1869 782 Pater,
1902 727 1978 769 cum
1999 706 2104 770 filium
2126 729 2217 773 seve-

215 811 313 872 super
344 790 489 873 lignum,
529 812 597 854 non
629 791 719 855 aliud
749 793 971 875 significamus
1004 813 1102 876 quam
1134 791 1191 857 de-
1242 792 1311 854 rius
1333 790 1475 873 corrigit,
1497 810 1563 854 non
1584 789 1646 854 hoc
1668 791 1745 873 agit,
1768 796 1806 854 ut
1824 783 1975 869 vindicet,
1999 799 2057 856 aut
2081 793 2218 858 mulctet

214 876 364 940 functum
396 897 512 958 poena,
535 888 568 941 et
594 876 752 954 vindicta,
787 879 870 961 quae
902 880 1043 960 peccatis
1070 879 1191 944 nostris
1242 877 1312 940 eius
1334 875 1491 954 admissa,
1519 874 1576 941 sed
1602 876 1707 959 magis
1733 884 1772 940 ut
1793 876 1907 941 doceat
1926 884 1960 940 et
1981 879 2159 943 cautiorem
2181 881 2217 944 in

213 959 392 1025 debebatur
420 960 453 1048 (1
473 963 562 1028 Petr.
584 962 628 1046 2).
679 961 720 1026 Id
743 965 851 1045 ipsum
874 965 1112 1047 significantius
1134 964 1190 1029 de·
1242 972 1408 1044 posterum
1436 960 1559 1026 reddat.
1604 961 1773 1039 Breviter,
1807 962 1992 1044 ubicunque
2024 985 2130 1045 poena
2157 974 2215 1044 est,

214 1046 353 1112 claravit
380 1047 517 1127 Iesaias,
547 1070 623 1113 cum
648 1048 726 1114 dicit
746 1047 823 1133 (Ies.
845 1049 915 1133 53),
944 1051 1190 1134 castigationem
1240 1047 1287 1112 ibi
1308 1047 1491 1112 maledictio
1514 1055 1548 1111 et
1567 1048 1617 1111 ira
1633 1047 1707 1125 Dei,
1729 1069 1829 1129 quam
1843 1049 1914 1130 ipse
1937 1048 2123 1114 afidelibus
2140 1072 2216 1115 con-

213 1133 282 1197 sive
312 1135 544 1198 correctionem
571 1135 660 1216 pacis
687 1141 818 1199 nostrae
844 1135 944 1200 fuisse
973 1158 1072 1219 super
1104 1157 1188 1200 eum.
1242 1134 1332 1198 tinet
1384 1131 1579 1216 Castigatio,
1607 1133 1672 1197 Dei
1694 1132 1873 1198 benedictio
1896 1143 1946 1198 est
1967 1142 2000 1198 et
2027 1136 2146 1200 amoris
2166 1145 2216 1202 te·

214 1216 304 1298 Quid
329 1240 409 1284 vero
436 1226 486 1284 est
513 1221 668 1285 correctio
696 1222 785 1303 pacis
816 1228 961 1301 nostrae,
994 1222 1058 1287 nisi
1084 1243 1190 1304 poena
1241 1219 1441 1283 stimonium.
1491 1218 1589 1283 Illam
1616 1227 1744 1284 sanctos
1771 1240 1884 1284 omues
1908 1241 2036 1302 semper
2059 1221 2215 1303 depreca-

213 1305 354 1387 peccatis
375 1304 483 1370 debita
505 1313 538 1371 et
557 1307 651 1370 nobis
672 1305 900 1388 persolvenda,
924 1313 1100 1390 antequam
1116 1308 1189 1372 Deo
1241 1312 1292 1369 tos
1318 1305 1419 1368 fuisse
1446 1304 1600 1387 legimus,
1630 1303 1716 1369 hano
1742 1304 1869 1388 placido
1892 1306 2001 1369 animo
2025 1308 2214 1389 suscepisse.

213 1391 416 1455 reconciliari
440 1412 622 1473 possemus,
649 1393 715 1456 nisi
741 1393 830 1457 vices
855 1400 983 1458 nostras
1004 1395 1085 1476 -ipse
1112 1394 1188 1459 sub·
1242 1389 1377 1473 Castiga
1397 1411 1450 1454 me
1472 1390 1622 1468 Domine,
1646 1389 1704 1454 sed
1725 1391 1761 1455 in
1782 1390 1910 1467 iudicio,
1933 1411 2001 1454 non
2021 1392 2056 1455 in
2076 1393 2128 1456 ira
2148 1402 2214 1471 tua,
2325 1444 2329 1451 ,

213 1474 326 1540 iisset?
371 1477 426 1540 En
448 1476 535 1542 clare
557 1476 663 1556 vides,
692 1476 863 1542 Christum
884 1486 1090 1560 peccatorum
1112 1501 1188 1562 poe-
1240 1497 1283 1540 ne
1303 1477 1386 1539 forte
1407 1475 1583 1540 imminuas
1604 1497 1666 1539 me.
1708 1475 1851 1540 Effunde
1872 1477 2016 1541 furorem
2036 1485 2131 1542 tuum
2155 1487 2214 1562 etc.

214 1582 274 1626 nas
294 1562 501 1641 sustinuisse,
529 1569 568 1626 ut
587 1584 663 1628 suos
685 1564 726 1628 ab
754 1563 819 1628 illis
841 1565 1007 1630 eximeret.
1052 1565 1188 1630 Utinam
1241 1559 1398 1645 (Ier.10).
1433 1559 1631 1644 Quanquam
1649 1583 1691 1625 ne
1707 1562 1849 1626 reluctor
1865 1561 2005 1643 quidem,
2028 1565 2216 1646 quincasti·

214 1647 339 1712 sineere
361 1648 631 1732 intelligeremus,
660 1649 746 1732 quod
767 1648 922 1714 Christus
948 1650 1098 1716 fidelibus
1120 1653 1188 1716 suis
1241 1648 1328 1730 gatio
1355 1646 1541 1711 huiusmodi
1568 1647 1759 1712 delictorum
1785 1648 1911 1729 punitio
1933 1647 1996 1712 dici
2061 1650 2135 1728 ssit,
2158 1650 2216 1716 sed

212 1733 369 1815 promisit.
415 1732 481 1814 Qui
503 1733 607 1799 credit
626 1735 662 1799 in
682 1756 745 1814 me,
767 1736 873 1817 inquit
893 1734 997 1822 (Ioan.
1019 1735 1062 1821 5),
1085 1738 1120 1801 in
1137 1738 1188 1801 iu·
1240 1732 1400 1814 quomodo
1415 1732 1609 1814 accipienda
1630 1734 1673 1797 sit
1688 1754 1812 1798 moneo.
1847 1731 1996 1798 Siccam
2041 1734 2097 1798 aul
2113 1757 2149 1800 re
2196 1758 2215 1801 o

213 1817 335 1883 dicium
361 1813 429 1883 non
456 1820 562 1898 venit,
591 1820 649 1884 sed
676 1822 831 1887 transivit
851 1841 871 1886 a
891 1830 997 1886 morte
1018 1822 1054 1885 in
1075 1824 1186 1886 vitam.
1242 1819 1366 1897 abiecit,
1389 1818 1558 1900 puniebat;
1588 1840 1662 1884 curn
1683 1819 1847 1884 Davidem
1872 1819 2009 1901 parvulo
2030 1819 2138 1884 filioo
2179 1843 2214 1886 a-

213 1901 317 1968 Cuius
341 1906 564 1986 promissionis
596 1905 730 1985 fiducia,
764 1928 877 1972 secure
907 1907 1033 1973 Paulus
1062 1910 1186 1986 asserit,
1240 1905 1302 1982 vit,
1332 1905 1527 1986 corripiebat
1552 1903 1585 1989 (1
1607 1903 1697 1969 Sam.
1721 1910 1767 1969 15.
1798 1902 1925 1968 isam.
1951 1905 2013 1989 12).
2058 1905 2099 1970 In
2128 1906 2214 1973 hanc

214 1988 340 2053 nullam
363 2011 433 2054 esse
453 1990 757 2057 condemnationem
777 1994 831 2072 iis,
854 1993 910 2077 qui
932 1996 1068 2058 suntin
1090 1995 1188 2060 Chri·
1241 1991 1436 2055 sententiam
1459 1990 1682 2072 accipiendum
1704 1999 1755 2055 est
1774 1989 1861 2072 quod
1882 1991 1928 2054 ait
1943 1990 2069 2056 Paulus
2091 1990 2123 2075 (1
2134 1991 2213 2058 Cor.

213 2081 263 2139 sto
284 2074 361 2140 Iesu
384 2075 494 2160 (Rom.
514 2075 558 2160 8).
1244 2075 1311 2160 11):
1335 2076 1414 2140 dum
1434 2075 1624 2152 iudicamur,
1648 2097 1668 2140 a
1689 2077 1832 2141 Domino
1853 2077 2054 2158 corripimur,
2075 2099 2117 2142 ue
2139 2100 2215 2143 cum

298 2159 374 2224 Non
401 2160 512 2226 dubito
538 2164 617 2244 quin
638 2185 691 2227 me
717 2165 816 2229 risuri
842 2164 921 2245 sint,
955 2167 1010 2250 qui
1032 2167 1189 2232 iudicium
1241 2162 1302 2227 hoc
1324 2161 1446 2225 mundo
1468 2161 1676 2241 damnemur;
1703 2162 1765 2227 hoc
1791 2169 1855 2240 est,
1883 2161 1962 2225 dum
1988 2183 2048 2227 nos
2068 2163 2129 2227 filii
2150 2164 2214 2229 Dei

213 2252 247 2310 et
267 2246 570 2312 condemnationem
588 2248 683 2313 aliter
702 2250 990 2335 accipiam,=quam
1007 2274 1066 2334 pro
1082 2274 1189 2335 poena
1240 2269 1342 2313 manu
1370 2248 1516 2313 coelestis
1541 2249 1645 2330 patris
1672 2249 1864 2331 affligimur,
1897 2268 1965 2311 nou
1997 2249 2078 2313 haec
2110 2270 2215 2332 poena

213 2336 355 2397 aeterna.
400 2332 441 2396 Id
462 2354 540 2398 vero
562 2333 644 2397 nihil
667 2334 709 2399 ad
731 2336 980 2415 satisfactiones,
1009 2359 1090 2420 quas
1112 2360 1188 2422 poe·
1241 2345 1291 2399 est
1317 2355 1382 2415 qua
1416 2330 1457 2418 [p.
1476 2331 1552 2420 352]
1576 2333 1829 2412 contrudamur,
1857 2333 1914 2398 sed
1939 2335 2124 2417 castigatio,
2151 2356 2216 2418 qua

211 2417 264 2482 nis
293 2419 498 2499 temporariis
530 2420 672 2501 persolvi
705 2421 831 2486 docent
880 2423 1023 2502 Verum,
1057 2425 1121 2490 nisi
1153 2426 1189 2489 in
1240 2420 1437 2485 erudiamur.
1481 2419 1556 2484 Hac
1578 2421 1773 2503 cogitatione
1793 2419 1924 2485 fidelem
1945 2420 2063 2484 instrui
2082 2443 2214 2486 necesse

212 2503 358 2568 animum
382 2503 590 2570 induxissent
610 2506 762 2571 resistere
788 2529 804 2572 s
827 2508 917 2572 iritui
939 2517 1064 2588 sancto,
1086 2512 1188 2575 maio-
1240 2514 1292 2570 est
1311 2510 1347 2571 in
1369 2504 1581 2569 afflictionum
1602 2506 1786 2570 acerbitate.
1831 2506 1974 2587 Tempus
1996 2515 2053 2584 est,
2073 2514 2113 2570 ιιι
2130 2506 2215 2570 iudi-

212 2609 285 2653 rem
311 2590 417 2655 inesse
444 2589 569 2660 Christi
602 2599 636 2655 et
665 2591 763 2656 Pauli
797 2529 838 2679 di.
856 2593 933 2681 350]
957 2596 1066 2661 verbis
1094 2618 1188 2661 euer·
1240 2594 1328 2659 cium
1349 2591 1483 2672 incipiat
1504 2612 1524 2655 a
1546 2591 1640 2655 domo
1658 2592 1802 2669 Domini,
1822 2592 1859 2655 in
1880 2611 1945 2674 qua
1960 2592 2148 2657 invocatum
2165 2600 2215 2656 est

213 2675 302 2758 giam
319 2675 495 2754 sentirent,
517 2697 636 2759 nempe
653 2677 766 2743 fideles
786 2680 946 2762 apeceati
962 2682 1188 2748 maledictione
1240 2701 1361 2745 nomen
1382 2678 1452 2741 eius
1474 2676 1507 2762 (1
1527 2676 1616 2741 Petr.
1636 2677 1680 2761 4).
1732 2676 1820 2757 Quid
1846 2676 2069 2742 facerentfilii
2090 2678 2165 2755 Dei,
2186 2678 2215 2742 si

193 2760 259 2842 ,sio
286 2781 346 2843 per
372 2760 543 2826 Christum
574 2762 742 2843 liberatos,
776 2772 814 2828 ut
844 2766 880 2829 in
912 2774 1087 2850 conspeetu
1113 2769 1187 2847 Dei,
1241 2768 1448 2831 severitatem
1475 2783 1574 2844 quam
1601 2764 1760 2840 sentiunt,
1788 2763 1946 2827 ultionem
1966 2763 2030 2827 Dei
2052 2783 2122 2828 esse
2144 2784 2215 2828 cre·

211 2847 304 2928 quasi
326 2846 442 2911 mundi
464 2854 498 2911 et
524 2849 599 2930 puri
622 2858 810 2932 appareant.
854 2851 981 2916 Verum
1003 2854 1133 2936 quando
1156 2863 1189 2918 et
1240 2847 1376 2916 darent?
1421 2846 1488 2928 Qui
1510 2848 1599 2912 enim
1619 2870 1721 2913 manu
1743 2849 1808 2913 Dei
1828 2869 2010 2930 percussus,
2031 2849 2141 2913 Deum
2164 2849 2214 2912 iu·

210 2931 274 3014 ipsi
299 2933 480 3014 scripturae
512 2934 705 2999 testimoniis
737 2957 807 3001 sese
839 2946 985 3017 armant,
1018 2940 1188 3006 videamus
1241 2937 1345 3002 dicem
1366 2935 1557 3016 punientem
1578 2935 1707 3017 cogitat,
1730 2955 1798 2998 non
1818 2939 1926 3016 potest
1952 2934 2016 3000 nisi
2038 2935 2161 2999 iratum
2182 2944 2216 2999 et

211 3017 322 3099 qualia
343 3019 417 3095 sint,
441 3039 524 3100 quae
543 3019 607 3101 ipsi
628 3020 810 3086 obtendunt
831 3031 1033 3106 argumenta.
1068 3026 1186 3104 David,
1241 3023 1416 3088 adversum
1437 3020 1498 3085 sibi
1525 3020 1707 3103 concipere,
1733 3021 1843 3101 ipsum
1863 3041 1942 3085 vero
1963 3020 2028 3085 Dei
2048 3019 2216 3103 flagellum

212 3102 686 3274 {latitantia
703 3106 1188 3263 hfflililailiphi‘finla'
1240 3117 1277 3259 t
1297 3105 2216 3275 &titillattqttflttttatttaditet

519 3240 527 3269 ,
919 3218 995 3276 ιι,
1024 3219 1041 3263 ι
1146 3219 1187 3262 en
2067 3241 2075 3268 ‚

212 3280 317 3338 morte
350 3274 424 3354 filii,
457 3296 555 3360 quem
587 3298 629 3342 ex
659 3214 818 3345 adtilterio
851 3217 1041 3363 susttilerat,
1076 3291 1188 3366 postea
1240 3301 1320 3365 erga
1336 3302 1371 3346 se
1389 3278 1543 3344 affectum
1560 3278 1688 3355 sentiet,
1711 3285 1749 3341 ut
1771 3277 1879 3343 adhuc
1895 3278 2013 3360 punire
2029 3277 2117 3343 velit
2145 3277 2215 3343 Nec

211 3358 365 3442 plectitur
383 3360 417 3446 (2
437 3358 526 3426 Sam.
549 3362 612 3447 12).
649 3364 746 3429 'Pales
767 3387 898 3449 poenas,
921 3388 1004 3450 quae
1024 3379 1098 3452 post
1119 3371 1187 3435 cul·
1239 3367 1353 3444 refert,
1381 3367 1466 3430 sitne
1493 3371 1626 3428 aeterna
1650 3384 1768 3445 poena,
1800 3385 1843 3427 an
1873 3363 2078 3445 temporaria.
2131 3363 2214 3428 Tam

212 3466 275 3528 pae
291 3445 390 3512 ctiam
409 3447 634 3538 remissionem
651 3451 977 3534 infligendaeessent,
997 3456 1187 3522 satisfactio-
1240 3453 1327 3517 enim
1347 3451 1442 3528 bella,
1465 3447 1577 3527 fames,
1606 3449 1818 3532 pestilentiae,
1847 3449 1951 3514 morbi
1973 3447 2215 3515 maledictiones

211 3531 308 3596 nibus
335 3531 496 3598 redimere
522 3533 683 3601 docemur.
728 3537 932 3604 Hortabatur
958 3541 1046 3605 enim
1067 3542 1187 3607 Daniel
1238 3539 1303 3604 Dei
1324 3545 1410 3616 sunt,
1433 3555 1532 3618 quam
1551 3535 1660 3617 ipsum
1681 3536 1794 3599 mortis
1817 3542 1967 3600 aeternae
1987 3533 2152 3600 iudicium

212 3616 492 3683 Nabuchadnezer
510 3618 610 3704 (Dan.
630 3623 665 3707 4)
688 3630 725 3686 ut
746 3624 960 3711 eleemosynis
981 3634 1114 3709 peccata
1135 3649 1186 3692 re·
1324 3622 1534 3706 Perspiciunt
1559 3641 1687 3697 omnes,
1718 3622 1753 3684 ni
1780 3620 1890 3699 fallor,
1918 3641 1981 3703 quo
2009 3626 2133 3702 spectet
2157 3619 2215 3685 illa

214 3699 359 3782 dimeret,
388 3712 421 3768 et
442 3703 598 3770 Solomon
625 3709 738 3773 scribit
759 3708 871 3793 (Prov.
900 3716 996 3791 1.10,
1030 3715 1120 3778 Petr.
1139 3713 1185 3800 4.)
1238 3711 1374 3776 Domini
1395 3705 1634 3774 animadversio
1655 3708 1691 3770 in
1712 3705 1884 3785 Davidem,
1906 3727 2032 3789 nempe,
2057 3719 2096 3769 ut
2116 3704 2214 3771 docu-

212 3787 347 3852 caritate
368 3791 487 3872 operiri
506 3792 751 3859 multitudinem
814 3804 987 3864 coetorum.
1032 3801 1079 3864 Et
1100 3800 1186 3883 apud
1238 3804 1387 3861 mentum
1416 3801 1516 3872 esset,
1544 3792 1688 3876 graviter
1714 3793 1786 3857 Deo
1814 3791 1983 3874 displicere
2005 3791 2216 3858 homicidium

211 3871 339 3937 Lucam
368 3873 464 3958 (Luc.
486 3875 537 3962 7),
567 3878 731 3946 Dominus
786 3904 805 3946 ι
837 3884 974 3948 muhere
1007 3887 1186 3968 peccatrice
1239 3888 1274 3947 et
1294 3882 1516 3957 adulterium,
1535 3877 1710 3943 adversum
1737 3877 1823 3960 quod
1848 3885 1976 3943 tantam
2003 3877 2216 3943 offensionem

212 3957 273 4035 ait,
298 3960 435 4025 remissa
463 3982 534 4026 esse
562 3963 610 4026 illi
638 3975 772 4048 peccata
791 3970 909 4049 multa,
938 3972 1015 4053 quia
1036 3971 1188 4036 dilexerit
1240 3968 1450 4045 declarasset;
1476 3974 1514 4029 ut
1541 3963 1679 4028 eruditio
1701 3970 1787 4028 esset
1807 3964 1869 4046 ipsi
1890 3962 2016 4040 David,
2039 3984 2082 4027 ne
2102 3970 2215 4045 postea

210 4041 361 4108 multum.
406 4046 454 4112 Ut
481 4067 634 4128 perverse
661 4073 790 4136 semper
811 4063 844 4119 et
872 4063 1079 4138 praepostere
1101 4057 1188 4124 facta
1240 4055 1305 4119 tale
1326 4054 1452 4119 facinus
1474 4049 1618 4127 auderet,
1641 4070 1706 4113 non
1729 4055 1839 4114 autem
1859 4057 1897 4114 ut
1912 4069 2018 4131 poena
2034 4055 2128 4127 esset,
2149 4069 2216 4130 qua

211 4128 277 4194 Dei
299 4131 479 4195 aestimant
1240 4139 1535 4222 compensationem
1555 4134 1721 4217 quandam
1740 4137 1813 4201 Deo
1833 4134 1998 4218 penderet.
2042 4132 2099 4199 Sic
2121 4140 2155 4198 et
2175 4133 2215 4199 dc

297 4215 345 4278 At
374 4216 402 4279 si
429 4217 671 4299 observassent,
700 4224 787 4304 quod
813 4227 947 4290 minime
976 4235 1186 4310 practereim-
1240 4226 1343 4290 altera
1364 4223 1565 4305 correptione
1586 4221 1795 4286 iudicandum
1815 4229 1874 4300 est,
1895 4242 1960 4303 qua
1976 4221 2139 4285 Dominus
2157 4240 2215 4301 po-

212 4299 292 4364 dum
313 4308 392 4379 erat,
416 4301 479 4366 duo
496 4324 567 4368 esse
585 4305 688 4371 divini
704 4309 815 4375 iudicii
832 4333 962 4394 genera,
984 4314 1080 4398 longe
1098 4312 1187 4377 aliud
1239 4311 1354 4394 pulum
1382 4308 1568 4376 vehementi
1593 4314 1685 4389 peste
1707 4306 1849 4385 adflixit,
1882 4307 1922 4371 ob
1942 4305 2083 4371 Davidis
2103 4305 2214 4370 inobe-

211 4385 246 4450 in
276 4386 338 4451 hac
359 4387 499 4452 Davidis
519 4393 721 4473 correptione
742 4395 914 4476 vidissent,
944 4420 1041 4482 quam
1062 4400 1187 4481 peccati
1239 4397 1409 4475 dicntiam,
1444 4415 1543 4476 quam
1568 4393 1604 4456 in
1634 4392 1831 4459 recensendo
1854 4389 1924 4475 ipsb
1956 4390 2074 4474 populo
2097 4411 2213 4473 perpe·

210 4490 351 4554 poenam
372 4479 406 4536 et
422 4472 593 4555 ultionem;
614 4478 772 4544 iudicium
788 4504 901 4562 unum,
925 4484 1061 4550 docendi
1079 4505 1185 4563 eausa,
1239 4489 1385 4547 traverat
1406 4480 1440 4566 (2
1460 4478 1550 4544 Sam.
1571 4478 1636 4563 24).
1672 4476 1713 4564 [p.
1732 4476 1809 4564 eta]
1828 4478 1916 4542 Nam
1936 4478 2062 4560 peccati
2082 4476 2215 4559 quidem

210 4577 364 4657 vocemus
395 4558 575 4657 vindictae,
607 4563 747 4628 alterum
779 4569 1009 4653 castigationis.
1061 4569 1186 4635 Iudicio
1238 4590 1359 4633 noxam
1379 4563 1502 4633 Davidi
1522 4565 1623 4649 gratis
1645 4565 1784 4643 remisit;
1812 4563 1869 4628 sed
1890 4564 1975 4646 quia,
1998 4570 2070 4627 tum
2091 4562 2134 4627 ad
2154 4583 2214 4644 pu-

210 4641 375 4708 vmdrotae
401 4664 486 4709 iram
509 4667 602 4710 suam
623 4649 660 4713 in
686 4653 839 4734 reprobos
862 4662 992 4721 exercet
1012 4656 1184 4734 Dominus,
1237 4655 1359 4720 blicum
1380 4653 1527 4716 omnium
1547 4650 1750 4717 saeculorum
1770 4649 1965 4732 exemplum,
1988 4655 2060 4713 tum
2080 4646 2123 4713 ad
2142 4647 2213 4712 Da·

210 4726 392 4808 ulciscitur,
426 4730 607 4811 confundit,
642 4735 792 4819 dissipat,
818 4740 856 4802 in
882 4740 1024 4805 nihilum
1057 4738 1184 4824 redigit.
1238 4739 1322 4805 vidis
1343 4759 1469 4822 quoque
1496 4735 1755 4801 humiliationem
1774 4735 1972 4817 pertinebat,
1995 4734 2061 4799 tale
2087 4729 2214 4798 facinus

210 4811 253 4878 Id
279 4815 410 4897 proprie
436 4824 488 4881 est
512 4825 682 4899 peccatum
709 4825 826 4906 punire
852 4822 892 4911 [p.
912 4825 987 4914 ιιι]
1018 4834 1052 4891 ιι
1077 4826 1186 4892 vindi·
1237 4847 1304 4890 non
1332 4826 1530 4908 impunitum
1556 4842 1703 4900 manere,
1731 4821 1839 4903 ipsum
1865 4819 1995 4903 flagello
2015 4841 2074 4885 suo
2103 4839 2214 4901 asper-

211 4919 295 4963 care.
340 4899 443 4983 quue
463 4923 569 4985 poena
589 4908 719 4990 proprie
739 4918 797 4973 aut
818 4912 1011 4994 supplicium
1034 4912 1098 4979 dici
1113 4918 1186 4996 pot-
1238 4912 1320 4976 rime
1342 4911 1522 4993 castigavit.
1556 4908 1681 4972 Mirum
1703 4914 1813 4971 autem
1833 4914 1891 4983 ιιι,
1914 4906 2037 4971 cursio
2057 4907 2093 4970 in
2110 4923 2214 4969 unum

211 4991 269 5048 est.
301 4984 443 5086 ⁸Iudicio
476 4990 711 5074 castigationis,
749 5016 817 5060 non
850 4998 1045 5081 supplicium
1076 4999 1184 5077 sumit,
1237 4996 1376 5063 Davidis
1408 4994 1595 5078 exemplum
1621 4992 1742 5058 ocrdos‘
1758 4993 1945 5068 coniiciant,
1979 4998 2028 5055 tot
2055 4989 2214 5072 exemplis

211 5090 278 5133 non
299 5080 464 5151 irascitur,
486 5096 553 5138 non
575 5078 735 5160 vindicat,
759 5082 826 5146 sed
838 5105 913 5148 suos
935 5085 1051 5164 erudit,
1074 5083 1186 5150 admo·
1238 5104 1305 5147 non
1326 5085 1592 5165 permoveantur,
1614 5079 1787 5161 inquibus
1809 5078 1987 5160 gratritam
2007 5082 2214 5158 peecatorum

211 5161 282 5253 net,
310 5157 461 5241 castigat,
484 5160 622 5227 vellicat.
666 5165 707 5230 Id
729 5189 797 5240 nou
815 5191 921 5252 poena
941 5176 1004 5249 est,
1034 5177 1092 5235 aut
1111 5171 1186 5235 vin-
1238 5169 1462 5232 remissionem
1487 5165 1605 5230 licebat
1630 5163 1851 5246 contemplari.
1903 5163 2043 5246 Legitur
2068 5159 2214 5244 publica·

212 5237 313 5320 dieta,
341 5242 398 5306 sed
425 5247 580 5312 correctio
606 5258 704 5333 atque
730 5252 915 5323 admonitio.
960 5256 1115 5322 Alterum
1135 5256 1185 5320 iu·
1238 5276 1300 5319 nus
1327 5250 1531 5318 descendisse
1557 5271 1577 5314 e
1604 5249 1725 5330 templo
1752 5250 1961 5327 iustificatus,
1992 5267 2098 5330 poena
2122 5246 2215 5312 nulla
