4770 6030
177 368 241 434 111
828 365 1011 433 11111.
1054 340 1526 432 111111111111111
2012 328 2017 335 ’
2120 371 2183 434 aaa

177 556 272 622 facile
294 556 337 620 sit
354 555 547 634 discernere,
571 556 645 638 quis
662 557 803 621 utilitate
819 556 1057 639 praeponderet
1074 556 1155 621 adeo
1208 562 1316 621 torum
1337 556 1456 622 animia
1479 557 1572 639 aequi
1594 557 1734 639 iustique
1757 578 1845 634 cura,
1868 557 1932 621 nisi
1953 558 2069 622 virtuti
2088 579 2184 640 para-
2226 618 2238 647 Ι

177 643 289 724 aequis
322 640 561 707 venditionibus
594 642 806 709 contendunt.
866 642 1027 708 Proclivis
1057 649 1108 707 est
1136 663 1156 706 a
1208 650 1262 707 tus
1285 643 1327 707 sit
1349 663 1428 707 suus
1455 641 1576 720 henos;
1602 662 1664 707 nee
1686 643 1845 707 contineri
1873 642 2104 708 sceleratorum
2124 644 2184 709 ho-

177 749 281 812 regue
308 728 345 791 in
372 727 584 812 tyrannidem
612 727 737 810 lapsus3
771 727 829 794 sed
856 749 924 792 non
944 729 1049 793 multo
1070 727 1155 793 diffi-
1207 729 1336 791 minum
1357 727 1472 807 libide,
1495 728 1561 793 nisi
1581 728 1754 793 severitate
1776 749 1814 793 ac
1834 749 2015 811 poenarum
2035 728 2184 794 animad-

178 813 285 893 cilior,
315 813 355 878 ab
383 813 580 896 optimatum
600 821 760 896 potestate
781 815 817 877 in
842 835 1021 896 paucerum
1042 814 1155 879 faotio-
1208 814 1357 878 versione
1378 820 1493 896 petest
1526 813 1636 896 Atque
1657 813 1720 878 hae
1742 813 1826 879 duae
1843 822 1952 897 partes
1970 814 2184 896 comprehen·
2284 862 2291 873 ,

176 921 271 979 nem;
295 898 400 963 multo
421 919 499 965 vero
521 899 695 964 facillimus
717 921 737 963 a
763 899 913 982 populari
935 899 1155 964 dominatione
1208 920 1263 964 sae
1285 907 1364 963 sunt
1391 921 1411 964 a
1437 900 1597 984 propheta
1618 898 1696 983 (Ier.
1717 899 1788 985 22),
1819 899 1899 965 dum
1923 922 2018 984 reges
2039 900 2183 984 aliosque

177 987 213 1051 11
236 985 436 1050 seditionem.
483 983 579 1065 Quod
602 987 630 1050 si
651 1007 720 1048 nen
745 986 780 1049 in
802 1007 904 1050 unam
927 984 1089 1050 duntaxat
1110 986 1155 1050 ci·
1207 986 1387 1067 praefectos
1407 985 1498 1050 iubet
1518 986 1625 1051 faeere
1646 985 1803 1051 iudicium
1825 992 1859 1050 et
1879 987 2045 1052 iustitiam.
2083 986 2184 1052 Iusti·

177 1073 316 1138 ritatem
337 1070 447 1135 oculos
469 1070 607 1154 defigas,
631 1071 689 1136 sed
709 1071 902 1136 universum
924 1071 1022 1135 simul
1043 1070 1156 1135 orbem
1207 1071 1255 1135 tia
1276 1071 1408 1154 quidem
1430 1079 1487 1151 eet,
1510 1071 1700 1137 innocentes
1722 1073 1758 1135 in
1779 1071 1877 1136 fidem
1899 1073 2072 1154 suscipere,
2096 1094 2184 1138 com-

178 1157 421 1239 circumspicias
444 1178 481 1221 ac
503 1157 741 1239 contempleris,
763 1157 816 1222 vel
839 1164 1006 1239 aspectum
1026 1157 1063 1220 in
1083 1155 1156 1221 len·
1208 1157 1319 1238 plecti,
1343 1158 1442 1235 tueri,
1476 1157 1657 1236 vindicare,
1686 1157 1833 1223 liberare.
1877 1158 2041 1224 Iudicium
2063 1167 2182 1238 autem,

179 1245 272 1328 giera
293 1241 409 1308 saltem
442 1243 614 1326 regionum
640 1243 746 1324 spatia
769 1241 948 1320 diffundas,
977 1243 1154 1324 comperies
1207 1240 1383 1325 impierum
1405 1242 1559 1308 audaciae
1581 1244 1752 1322 obsistere,
1780 1244 1850 1309 rim
1871 1246 2099 1326 comprimere,
2126 1244 2183 1310 de·

179 1331 337 1413 profecte,
366 1327 479 1393 divina
504 1327 711 1410 previdentia
736 1327 819 1392 illud
840 1350 907 1392 nen
930 1330 987 1393 abs
1009 1348 1045 1392 re
1067 1349 1155 1393 cem·
1208 1328 1286 1394 licta
1306 1329 1424 1410 punire
1446 1328 1580 1413 (Matth.
1602 1333 1630 1393 5.
1653 1328 1757 1393 Exed.
1778 1329 1843 1413 20).

179 1421 347 1498 paratum,
376 1421 415 1478 ut
436 1413 574 1479 diversis
600 1414 722 1496 pelitiis
748 1415 897 1498 regiones
918 1415 1028 1480 variae
1051 1413 1155 1478 admi·
1294 1413 1423 1478 Verum
1449 1414 1553 1493 ardua
1574 1415 1642 1493 hic,
1664 1422 1703 1478 ut
1723 1414 1868 1494 videbar,
1892 1423 1925 1479 et
1946 1414 2087 1482 difficilis
2107 1438 2184 1482 nas·

179 1502 408 1566 nistrarentur.
458 1499 547 1564 Nam
573 1498 847 1589 quemadmodum
872 1520 955 1577 non,
977 1501 1042 1564 nisi
1064 1501 1155 1564 inae-
1208 1500 1293 1564 citur
1313 1501 1467 1582 quaestio.
1503 1499 1542 1565 Si
1563 1500 1634 1583 lege
1652 1501 1718 1565 Dei
1736 1499 1849 1585 (Deut.
1870 1501 1904 1585 5)
1922 1500 2067 1567 occidere
2086 1502 2184 1585 (11111-

179 1586 268 1670 quali
290 1591 527 1668 temperatura,
550 1586 712 1650 elementa
732 1585 821 1650 inter
841 1607 876 1650 se
897 1586 1086 1665 cohaerent,
1109 1587 1156 1650 ita
1209 1585 1306 1649 stiani
1328 1606 1440 1650 omnes
1461 1593 1631 1664 vetantur,
1661 1595 1694 1650 et
1714 1587 1874 1670 propheta
1896 1586 1972 1672 (Ies.
1995 1587 2184 1673 1165)(11

180 1674 244 1738 hae
271 1693 331 1737 sua
358 1670 499 1753 quadam
526 1671 756 1753 inaequalitate
783 1672 903 1753 optime
936 1672 1154 1736 continentur.
1208 1676 1319 1734 ruente
1358 1679 1472 1736 sancte
1503 1672 1582 1750 Dei,
1622 1672 1684 1737 hec
1722 1678 1773 1737 est
1804 1673 1952 1751 ecclesia,
1985 1674 2185 1739 vaticinatur

93 1786 97 1791 ·
181 1757 382 1840 Quanquam
408 1757 490 1822 haec
512 1758 611 1821 etiam
635 1757 745 1821 emnia
772 1757 896 1821 frustm
918 1757 970 1822 his
991 1756 1154 1835 dicuntur,
1208 1755 1294 1837 qued
1314 1778 1381 1821 nen
1403 1757 1605 1842 affligentia
1627 1780 1679 1835 ea,
1703 1780 1809 1842 neque
1829 1759 2000 1838 nocebunt,
2024 1757 2184 1842 quomedo

181 1844 300 1927 quibus
316 1843 452 1908 Domini
473 1843 627 1907 voluntas
649 1842 833 1908 satisfaciet.
877 1843 965 1907 Nam
987 1844 1014 1908 si
1036 1842 1085 1907 illi
1106 1843 1156 1908 vi·
1208 1833 1452 1925 magistratibus
1482 1850 1516 1907 et
1541 1844 1603 1926 piis
1630 1843 1729 1909 simul
1756 1851 1790 1909 et
1811 1844 2030 1928 sanguinariis
2052 1866 2122 1910 esse
2143 1844 2183 1908 li·

181 1951 257 1996 sum
283 1935 347 2007 est,
376 1950 413 1993 re
436 1950 470 1993 es
492 1930 604 2012 regnis
625 1929 815 2012 praeficere,
838 1929 949 1994 liberie
971 1929 1156 1994 civitatibus
1208 1926 1300 1993 ceat?
1345 1928 1393 1993 At
1414 1929 1442 1993 si
1463 1930 1700 2014 intelligamus,
1723 1931 1951 2014 magistratum
1971 1931 2184 1996 111111111-

181 2022 316 2081 senatus
333 2021 391 2080 aut
409 1950 600 2080 decuriones
607 2037 615 2094 ;
632 2035 842 2097 quoscunque
859 2015 938 2081 loeis
955 2015 1155 2097 praefecerit,
1209 2012 1259 2078 dis
1286 2013 1452 2096 suppliciis
1484 2036 1553 2079 nen
1581 2038 1601 2081 a
1633 2038 1668 2082 se
1696 2038 1794 2101 agere
1820 2017 2012 2100 quidquam,
2044 2014 2085 2102 [p
2105 2012 2182 2103 483]

180 2104 217 2166 in
244 2100 362 2184 quibus
389 2099 552 2184 degimus,
579 2110 729 2165 nostrum
757 2107 806 2164 est
833 2100 873 2165 iis
899 2122 958 2166 nes
978 2102 1157 2185 morigeros
1209 2099 1266 2165 sed
1288 2100 1451 2182 ipsissima
1471 2102 1536 2165 Dei
1556 2101 1676 2167 iudicia
1697 2104 1823 2185 exequi,
1846 2102 1929 2167 nihil
1951 2104 2014 2168 heo
2031 2101 2184 2185 scrupulo

181 2209 220 2254 ac
239 2185 424 2294 obedientes
444 2193 620 2285 praestare.
754 2272 761 2285 ι
1208 2185 1432 2287 impediamur.
1477 2183 1645 2287 Occidere·
1662 2188 1717 2252 lex
1738 2188 1872 2276 Domini
1893 2190 2058 2289 prohibet,
2087 2195 2122 2252 at
2141 2209 2184 2289 ns

180 2360 247 2425 us
269 2269 498 2437 ibiibi?
514 2271 1040 2440 tilttttt'ttbtttd
1053 2273 1157 2424 {llll
1208 2279 1370 2423 htttt
1394 2272 2184 2441 iildtffiiliff’qdiffliiuiubiffiffl

181 2446 244 2511 heo
264 2444 334 2510 loeo
353 2443 566 2509 indicandum
587 2449 645 2508 est.
701 2443 848 2527 Regibus
870 2443 1047 2510 denunciat
1066 2444 1156 2509 Iere·
1208 2450 1353 2508 exerant
1398 2443 1556 2528 Affligere
1578 2451 1611 2509 et
1631 2465 1757 2523 nocere,
1779 2446 1908 2527 piorum
1929 2468 1997 2511 non
2019 2453 2076 2511 est
2120 2447 2184 2511 At·

180 2533 264 2596 miae
287 2530 365 2616 (Ier.
386 2528 456 2614 22),
483 2536 522 2593 ut
542 2530 664 2594 faciant
690 2528 847 2594 iudicium
869 2537 902 2594 et
922 2530 1094 2609 iustitiam,
1116 2530 1156 2594 li·
1207 2529 1265 2613 qui
1286 2529 1347 2595 hec
1368 2551 1434 2594 non
1455 2551 1572 2595 nocere
1593 2536 1651 2609 est,
1675 2552 1735 2596 nec
1754 2530 1909 2613 affligere,
1931 2533 2060 2614 piorum
2082 2531 2184 2597 111111-
2212 2534 2215 2551 “

179 2618 297 2682 berent
317 2617 352 2682 ri
378 2635 570 2698 oppressum
592 2615 632 2681 de
653 2636 755 2679 manu
777 2615 1035 2696 calumniatoris,
1062 2637 1156 2699 pere-
1208 2615 1322 2694 tiones,
1344 2616 1480 2680 Domini
1501 2615 1665 2695 mandate,
1684 2616 1804 2681 ulcisci.
1837 2616 1975 2682 Utinam
1992 2617 2081 2682 istud
2098 2639 2183 2682 sem·

180 2704 314 2787 grinum
333 2707 368 2766 et
387 2700 522 2768 viduam
544 2708 578 2766 et
594 2701 755 2786 pupillum
776 2723 819 2766 ne
841 2703 1034 2767 contristent
1050 2723 1156 2785 neque
1206 2721 1268 2784 per
1288 2702 1406 2766 animis
1432 2702 1553 2768 nostris
1580 2703 1820 2767 obversaretur:
1850 2700 1934 2766 nihil
1960 2703 2014 2767 hic
2039 2702 2183 2768 hominis
2258 2764 2259 2767 ,

180 2789 335 2853 iniuriam
351 2786 482 2867 faciant,
501 2793 535 2852 et
552 2789 746 2872 sangumem
762 2788 971 2854 innocentem
988 2788 1156 2853 1111111-
1208 2787 1406 2866 temeritate,
1435 2787 1493 2853 sed
1514 2789 1579 2853 Dei
1606 2787 1748 2854 iubentis
1771 2789 1944 2853 autoritate
1966 2789 2075 2853 omnia
2095 2787 2182 2867 fieri;

181 2874 271 2939 dant.
303 2873 414 2939 Moses
433 2895 512 2938 rere
530 2871 643 2957 (Dent.
666 2873 699 2957 1)
720 2873 931 2956 principibus,
954 2895 1034 2957 ques
1051 2875 1087 2939 11
1105 2875 1155 2940 vi·
1207 2892 1273 2955 qua
1293 2882 1485 2956 praeeunte,
1511 2895 1531 2939 a
1552 2881 1642 2940 recta
1660 2875 1715 2939 via
1736 2895 1906 2957 nunquam
1928 2875 2099 2940 aberratur
2119 2872 2184 2939 nisi

180 2982 237 3026 cce
258 2980 333 3025 suas
353 2959 541 3037 suffecerat,
565 2959 675 3025 edicit:
706 2958 842 3024 audiant
863 2981 997 3025 eausam
1015 2961 1155 3026 fratrum
1207 2958 1290 3023 ferte
1317 2958 1448 3025 divinae
1475 2960 1618 3025 iustitiae
1647 2960 1804 3025 iniectum
1831 2968 1881 3025 est
1904 2961 2049 3041 frenum,
2078 2981 2119 3025 11
2142 2957 2183 3023 (11

180 3066 317 3112 suornm
341 3052 375 3110 et
401 3045 548 3111 iudicent
573 3046 661 3110 inter
681 3047 791 3110 virum
812 3054 846 3110 et
872 3046 1009 3111 fratrem
1030 3047 1100 3112 eius
1122 3053 1156 3111 et
1208 3044 1383 3110 sceleribus
1404 3066 1525 3128 peenas
1547 3053 1663 3111 sumat.
1709 3045 1807 3127 Quod
1829 3047 1858 3112 si
1877 3045 1926 3110 illi
1946 3047 2054 3132 legem
2075 3046 2183 3113 dicere

178 3132 406 3217 peregrinum,
427 3152 533 3214 neque
554 3131 653 3196 facies
675 3137 855 3215 agnoscant
873 3133 908 3196 in
929 3132 1062 3211 iudicio,
1085 3139 1156 3197 tam
1206 3131 1257 3206 fae
1278 3151 1346 3195 nen
1366 3138 1428 3211 est,
1452 3153 1510 3197 cur
1532 3132 1602 3197 eius
1626 3133 1784 3198 ministris
1810 3133 2010 3198 calumniam
2031 3131 2183 3198 intenda-

178 3238 320 3303 parvum
346 3238 446 3300 quam
472 3238 631 3301 magnum
653 3216 803 3297 audiant,
826 3239 932 3300 neque
954 3219 1092 3284 timeant
1113 3218 1154 3283 ab
1207 3217 1303 3282 mus?
1351 3216 1428 3281 Non
1453 3218 1576 3283 frustra
1602 3217 1749 3302 gladium
1770 3226 1902 3302 gerrmt,
1929 3220 2037 3302 inquit
2057 3218 2183 3284 Paulus

179 3304 248 3369 ulle
269 3304 353 3370 viro:
375 3305 452 3386 quia
472 3303 629 3368 iudicium
650 3303 713 3369 Dei
736 3310 793 3368 est.
824 3303 888 3368 Illa
910 3309 1021 3369 autem
1042 3305 1155 3369 emitte
1207 3302 1316 3385 (Rem
1339 3301 1404 3388 13),
1428 3324 1507 3368 nam
1527 3305 1592 3369 Dei
1613 3304 1754 3370 ministri
1774 3311 1861 3385 sunt,
1885 3306 1927 3370 ad
1944 3307 2037 3384 iram,
2060 3305 2183 3370 ultores

179 3388 379 3474 (Deut17):
413 3389 464 3455 Ne
484 3389 704 3473 multiplicent
724 3389 786 3454 sibi
806 3410 906 3472 eques
923 3411 1026 3475 reges,
1050 3412 1092 3455 ne
1113 3390 1155 3456 ad
1207 3390 1293 3454 male
1317 3389 1498 3474 agentibus.
1550 3390 1678 3474 Itaque,
1707 3391 1735 3455 11
1757 3390 1841 3454 nihil
1861 3390 2003 3467 Domine
2025 3412 2084 3455 sua
2106 3390 2181 3455 ebe-

180 3477 354 3542 avaritiam
374 3475 530 3541 adiiciant
546 3476 702 3555 animum,
725 3497 769 3540 ne
785 3475 957 3540 eleventur
974 3497 1072 3559 super
1088 3476 1154 3542 fra·
1208 3474 1331 3540 dientia
1350 3475 1419 3541 fere
1442 3477 1604 3559 acceptius
1622 3483 1746 3541 nerunt
1761 3477 1925 3560 principes
1947 3477 2065 3558 aliique
2086 3496 2181 3558 prae-

178 3570 247 3628 tree
269 3582 354 3641 sues,
376 3563 469 3626 utin
492 3542 682 3627 meditanda
701 3560 774 3645 lege
791 3562 927 3626 Domini
948 3563 1016 3627 1111
1032 3561 1156 3627 assidui
1205 3561 1296 3641 fecti,
1323 3563 1360 3626 in
1381 3561 1442 3627 hec
1464 3563 1681 3628 ministerium
1707 3563 1912 3642 incumbant,
1947 3563 1975 3627 si
1995 3583 2090 3626 suam
2108 3562 2181 3628 Dee

179 3649 306 3714 cunctis
331 3647 446 3713 diebus
473 3648 560 3713 ritae
587 3669 680 3726 suae;
712 3669 756 3712 ne
783 3647 905 3712 iudices
927 3648 1033 3731 quivis
1056 3648 1154 3715 deeli-
1206 3647 1375 3731 pietatem,
1410 3648 1583 3728 iustitiam,
1619 3649 1855 3732 integritatem,
1897 3648 2076 3730 approbare
2112 3655 2181 3713 stu·

178 3740 261 3800 nent
280 3735 317 3799 in
339 3734 477 3799 alteram
497 3740 627 3816 portem
648 3733 761 3818 (Dent.
784 3732 854 3818 16),
877 3754 920 3798 11
941 3755 1080 3799 munera
1100 3756 1154 3800 ao·
1208 3732 1308 3798 dent·
1339 3732 1413 3799 Hoc
1435 3733 1558 3800 seilicet
1579 3734 1698 3802 affeetu
1719 3734 1878 3824 agebatur
1899 3734 2025 3812 Moses,
2048 3756 2124 3799 cum
2146 3756 2181 3801 se
2208 3803 2211 3809 ,

179 3821 315 3904 cipiunt,
350 3826 384 3885 et
414 3840 498 3903 quae
530 3820 652 3901 passim
685 3821 722 3883 in
754 3821 923 3903 seripturis
961 3819 1080 3886 similia
1106 3821 1154 3887 le·
1208 3818 1407 3884 destinatum
1439 3819 1550 3902 pepuli
1577 3820 1629 3885 sui
1659 3819 1866 3884 liberatorem
1895 3820 2031 3884 Domini
2058 3821 2181 3886 virtute

179 3911 312 3990 guntur.
1207 3925 1244 3971 co
1291 3926 1414 3985 escens,
1436 3904 1600 3989 Aegyptio
1621 3926 1739 3977 manus
1759 3905 1873 3969 intulit
1893 3905 2013 3990 (Exed
2033 3905 2077 3991 2).
2112 3906 2181 3972 De·

260 3991 444 4073 Quoniam,
473 3992 508 4056 in
534 3990 725 4073 exponendo
752 3991 806 4057 hic
833 3991 1086 4074 magistratuum
1107 3993 1154 4057 ef·
1207 3993 1243 4055 in
1264 4012 1283 4069 e
1304 4012 1380 4056 omn
1403 3992 1510 4056 'caesis
1537 4011 1602 4054 uuo
1623 3989 1676 4054 die
1702 3991 1806 4056 tribus
1833 3991 2004 4056 hominum
2024 3990 2179 4071 millibus,

177 4079 261 4157 ficio,
283 4099 352 4142 nen
370 4083 440 4142 tam
458 4078 671 4161 magistratus
691 4078 779 4160 ipsos
795 4077 966 4142 instituere
984 4077 1155 4143 consilium
1206 4078 1243 4141 in
1263 4076 1376 4160 pepuli
1396 4077 1603 4161 sacrilegium
1624 4075 1804 4142 vindicavit
1825 4076 1944 4163 (Exed
1964 4076 2030 4162 32).
2070 4075 2180 4142 David

178 4171 238 4243 est,
259 4184 357 4246 quam
375 4163 455 4228 11111
467 4163 592 4242 decere,
609 4162 688 4246 quid
699 4164 767 4228 sint
778 4164 990 4246 magistratu
1007 4169 1041 4227 et
1057 4185 1155 4246 quem
1207 4184 1334 4246 queque
1361 4184 1437 4228 eum
1467 4163 1528 4228 sub
1561 4163 1648 4229 ritae
1675 4183 1753 4227 suae
1784 4165 1887 4228 finem
1912 4161 2080 4231 Selemeni
2112 4162 2179 4228 filie

177 4252 214 4315 in
234 4250 336 4315 finem
358 4271 378 4314 1
398 4251 471 4314 Dee
494 4250 600 4332 positi
645 4248 805 4314 Videmus
834 4270 913 4333 erge
933 4249 1083 4332 publicae
1103 4252 1155 4315 in·
1206 4249 1377 4333 praecipit,
1417 4247 1457 4313 de
1496 4247 1670 4315 occidendo
1703 4248 1782 4313 Ieab
1819 4246 1961 4350 [1484]
1994 4257 2028 4314 et
2060 4246 2178 4314 Semei.

177 4336 362 4414 nocentiae,
393 4334 585 4415 modestiae,
624 4335 804 4400 honestatis
838 4357 875 4401 ae
909 4335 1155 4419 tranquillitatis
1207 4333 1377 4416 Quomodo
1397 4334 1472 4399 lene
1493 4335 1576 4400 illud
1598 4347 1631 4399 et
1650 4334 1816 4417 placidum
1826 4336 1930 4401 Musis
1952 4335 2123 4419 ingenium
2143 4333 2180 4397 in

178 4429 377 4505 protectores
398 4423 498 4486 statui
516 4442 554 4486 ac
571 4420 726 4499 medices,
749 4421 867 4504 quibus
887 4421 1032 4486 studium
1049 4442 1154 4486 unum
1206 4427 1332 4486 tantam
1363 4420 1597 4489 truculentiam
1628 4420 1779 4498 exardet,
1812 4428 1851 4486 ut
1878 4422 2019 4486 fratrum
2046 4438 2180 4484 suorum

178 4510 231 4586 sit,
255 4508 420 4572 communi
441 4506 589 4571 emnium
610 4505 708 4572 saluti
734 4528 773 4572 ae
793 4507 867 4590 paci
888 4508 1079 4591 prospicere.
1113 4508 1154 4573 Id
1206 4508 1367 4592 sanguine
1389 4528 1541 4590 aspersus
1563 4529 1601 4573 ac
1622 4506 1788 4586 madidus,
1818 4513 2006 4591 porcestre
2028 4504 2180 4571 decurrat

179 4612 258 4659 vere
281 4590 322 4680 [p.
342 4591 419 4680 482]
439 4614 514 4659 cum
535 4599 703 4676 praestare
724 4614 792 4658 nen
813 4594 952 4675 possint,
981 4593 1045 4658 nisi
1065 4594 1154 4660 vires
1206 4592 1248 4657 ad
1270 4614 1372 4658 nevas
1394 4592 1543 4677 strages?
1589 4591 1760 4674 Quomodo
1781 4592 1900 4672 David,
1923 4598 2016 4656 tants
2036 4591 2180 4656 inomni

144 4680 280 4749 ‚bonos
302 4681 342 4745 ab
363 4680 585 4762 improborum
611 4680 740 4744 iniuriis
761 4678 969 4762 prohibeant,
992 4679 1154 4762 oppressis
1205 4679 1275 4744 rita
1293 4679 1544 4745 mansuetudine
1565 4681 1625 4758 vir,
1648 4686 1821 4745 cruentum
1842 4676 1924 4742 illud
1945 4683 2180 4742 testamentum

178 4764 289 4831 adsint
305 4785 368 4850 epe
390 4786 427 4830 ae
446 4763 624 4847 praesidio,
654 4771 813 4847 potestate
836 4765 953 4829 armati
975 4771 1066 4845 sunt,
1088 4786 1154 4848 qua
1205 4764 1292 4829 inter
1313 4764 1445 4831 ultimos
1466 4787 1481 4830 s
1504 4767 1599 4831 iritus
1619 4773 1796 4847 nuncupet,
1818 4785 1862 4828 ne
1882 4763 1970 4828 filius
1992 4784 2073 4828 suus
2090 4764 2179 4830 cani·

177 4851 288 4934 palam
319 4851 484 4917 maleficos
517 4870 555 4917 ao
586 4851 798 4930 facinerosos,
836 4870 975 4933 querum
1007 4852 1154 4934 nequitia
1205 4851 1284 4916 tiem
1310 4849 1391 4916 Ioab
1412 4858 1446 4916 et
1494 4853 1577 4917 emei
1598 4852 1633 4916 in
1660 4871 1740 4933 paee
1766 4848 1807 4915 ad
1836 4848 2021 4931 sepulcrum
2043 4848 2181 4915 deducat

178 4938 390 5020 perturbatur
406 4957 444 5002 ae
462 4938 650 5023 exagitatur
664 4937 794 5020 publica
810 4937 910 5020 quies,
934 4956 1047 5002 severe
1063 4956 1153 5002 coer-
1205 4937 1239 5023 (l
1259 4937 1341 5021 Reg.
1363 4935 1419 5022 2)1
1453 4937 1581 5003 Verum
1603 4946 1739 5029 uterque
1760 4957 1878 5001 manus
1899 4955 1984 5013 suas,
2006 4955 2088 5018 quas
2100 4956 2180 5086 Har-

179 5031 275 5088 ceant
293 5023 404 5174 dim
426 5021 489 5108 13).
541 5021 712 5106 Siquidem
735 5020 769 5086 id
794 5042 928 5105 prorsus
955 5023 1152 5106 experimur,
1206 5022 1307 5089 cende
1335 5023 1550 5107 inquinasset,
1580 5026 1626 5089 sic
1647 5020 1820 5088 saeviendo
1847 5021 2076 5100 sanctificavit,
2121 5042 2180 5086 um

178 5108 266 5191 quod
321 5109 425 5175 'cebet
450 5106 566 5174 Seleu:
598 5109 744 5191 praemio
769 5117 804 5172 et
828 5128 934 5192 poena
959 5129 1013 5174 res
1039 5129 1153 5175 omnes
1205 5109 1364 5174 ultionem
1380 5109 1442 5174 sibi
1460 5111 1562 5175 aDeo
1578 5109 1785 5175 commissam
1803 5113 1985 5189 exequutus
2002 5115 2061 5173 est.
2089 5107 2179 5173 Abo-

177 5194 325 5277 publicas
341 5196 518 5261 consistere
523 5219 532 5275 ;
553 5195 594 5260 iis
611 5194 757 5274 sublatis,
779 5201 883 5260 totam
899 5195 1070 5262 civitatum
1086 5192 1153 5260 dis·
1204 5195 1341 5260 minatio
1351 5201 1403 5261 est
1414 5195 1501 5281 apud
1518 5217 1621 5280 reges,
1643 5195 1750 5283 inquit
1760 5190 1899 5259 Solome
1916 5192 2029 5342 ξων.
2046 5192 2109 5279 16),
2130 5190 2180 5259 a·

178 5280 334 5364 ciplinam
355 5279 471 5347 collabi
499 5302 536 5347 ac
556 5279 715 5362 dissipari.
760 5281 877 5366 Friget
897 5281 986 5347 enim
1012 5281 1048 5346 in
1067 5279 1155 5346 mul·
1205 5300 1278 5347 cere
1295 5281 1509 5365 iniquitatem,
1529 5281 1684 5364 queniam
1700 5279 1874 5345 iniustitia
1887 5300 1922 5344 so
1938 5279 2180 5359 'umfirmatur3

1795 5387 1808 5416 0
