4770 6030
221 357 282 417 139
867 344 1135 413 8888188810
1155 346 1262 412 888.
1285 344 1466 414 annisu
1493 350 1584 412 8888.
2170 355 2238 438 848

219 543 285 608 8188
302 546 381 607 sunt
396 537 576 605 absconditi
591 535 676 623 (001.
692 536 737 621 2),
755 541 848 601 tanta
866 535 1034 601 affluentia
1051 541 1085 600 et
1101 535 1197 601 uber·
1250 536 1335 621 gulis
1353 535 1395 601 ad
1412 536 1585 601 minimum
1602 536 1858 604 hebdomadibus
1875 543 2111 621 proponeretur
2127 538 2231 604 eecle-

219 633 295 707 tate,
319 632 357 692 ut
374 646 495 691 novam
517 624 661 706 aliquam
684 623 902 688 accessionem
923 621 966 686 ad
987 620 1047 686 hos
1064 621 1197 687 thesau·
1250 623 1326 688 siae.
1371 622 1509 686 Initium
1530 629 1640 687 autem
1666 624 1761 688 fieret
1782 645 1802 688 a
1822 623 1960 706 publicis
1981 623 2146 706 precibus,
2169 625 2230 691 ha-

218 709 696 879 afflabat?
697 760 705 788 ’
713 708 1199 860 8818818888
1249 707 1532 876 1831181311
1558 710 2230 861 alaaaaaaaaa

218 885 358 962 esurire,
391 903 563 966 quaerere,
592 887 754 963 spectare,
785 879 924 958 discere,
953 869 1110 958 ediscere,
1138 900 1198 944 nos
1252 878 1369 945 deinde
1390 881 1620 962 promissiones
1641 871 1925 964 enarraret'quae
1945 881 1981 946 in
2002 902 2042 946 ea
2062 882 2156 946 nobis
2178 849 2231 948 re³

218 976 358 1054 oportet:
389 968 491 1034 donec
512 989 652 1052 magnus
679 966 736 1031 ille
758 965 827 1030 dies
853 965 1014 1044 illuxerit,
1044 986 1107 1048 quo
1129 965 1198 1048 glo-
1251 966 1347 1031 lictac
1375 973 1466 1044 sunt,
1495 966 1595 1031 simul
1621 988 1675 1032 eos
1703 988 1816 1032 omnes
1840 967 2151 1047 excommunicaret,
2174 970 2231 1051 qui

218 1059 304 1122 riam
324 1056 420 1140 regni
443 1055 494 1120 sui
514 1053 677 1126 Dominus
700 1051 743 1117 ad
767 1051 902 1134 plenum
922 1051 1145 1116 manifestabit
1166 1057 1200 1115 et
1251 1051 1423 1118 interdicto
1442 1053 1578 1117 Domini
1599 1053 1640 1118 ab
1661 1074 1700 1119 ea
1724 1059 1886 1118 areentur.
1928 1052 2050 1118 Postea
2071 1061 2228 1133 oraretur,

218 1165 254 1208 88
275 1142 381 1225 888118
403 1147 454 1205 888
475 1140 567 1205 nobis
589 1137 804 1221 spectandum
825 1136 974 1202 ostendet
995 1134 1032 1286 8]
1051 1135 1125 1201 088.
1149 1141 1197 1201 15.
1251 1143 1296 1217 ut,
1319 1159 1384 1221 qua
1404 1139 1566 1203 Dominus
1587 1138 1790 1223 benignitate
1810 1159 1942 1204 sacrum
1958 1137 2020 1204 hoc
2038 1139 2231 1206 alimentum

221 1234 236 1292 l
261 1229 352 1293 Ioan.
373 1226 417 1311 3).
462 1227 572 1307 Atque
598 1223 660 1289 hac
685 1225 811 1289 ratione
832 1229 983 1289 nostrum
1028 1244 1066 1288 88
1086 1244 1197 1288 saecu·
1250 1223 1344 1289 nobis
1364 1224 1503 1308 largitus
1526 1231 1590 1303 est,
1619 1246 1679 1290 nos
1700 1245 1827 1309 quoque
1865 1251 1892 1302 p.
1911 1222 1987 1311 283]
2008 1224 2049 1290 ad
2071 1224 2106 1289 id
2127 1226 2229 1292 susci·

217 1315 288 1379 lum
314 1315 350 1377 in
376 1313 560 1395 scripturis,
589 1332 648 1393 per
670 1310 884 1375 novissimam
904 1308 1035 1388 horam,
1058 1309 1197 1375 novissi-
1250 1308 1419 1392 piendum,
1448 1309 1513 1375 fide
1535 1316 1569 1375 et
1596 1311 1697 1376 animi
1723 1312 1848 1394 gratitu
1872 1311 1878 1324 '
1905 1332 1923 1375 e
1944 1310 2090 1376 erudiret
2111 1312 2230 1378 88188-

217 1421 289 1465 mos
321 1399 406 1478 dies,
440 1398 618 1463 novissima
645 1402 793 1479 tempora
825 1394 1026 1479 designatur,
1055 1416 1097 1459 ne
1125 1395 1197 1478 quis
1250 1401 1370 1475 maret,
1400 1401 1433 1460 et
1453 1395 1583 1479 quando
1605 1418 1647 1461 ex
1667 1397 1760 1462 nobis
1782 1419 1849 1461 non
1871 1397 1999 1476 sumus,
2022 1418 2083 1462 sua
2103 1398 2230 1464 miseri·

217 1507 305 1552 vana
326 1506 430 1550 novae
452 1483 588 1548 alicuius
619 1489 676 1546 aut
697 1481 878 1560 doctrinae,
901 1486 959 1545 aut
979 1480 1196 1559 revelationis,
1250 1480 1360 1546 cordia
1386 1503 1446 1546 nos
1475 1481 1590 1567 dignos
1616 1482 1740 1548 faceret
1764 1482 1824 1547 tali
1851 1481 2008 1548 eohvivio.
2053 1482 2120 1550 Hic
2141 1505 2228 1563 vero,

218 1572 442 1655 expectatione
470 1590 541 1634 sese
568 1568 669 1633 fallat.
721 1565 964 1650 Saepenumero
997 1567 1086 1631 enim
1111 1566 1197 1631 mul·
1250 1575 1308 1632 aut
1329 1573 1525 1633 canerentur
1544 1567 1671 1651 psalmi,
1694 1575 1752 1633 aut
1773 1567 1895 1651 aliquid
1915 1567 2088 1651 legeretur,
2112 1575 2146 1634 et
2166 1591 2229 1654 quo

218 1657 323 1741 818888
351 1656 456 1721 modis
484 1661 581 1720 antea
610 1653 737 1720 locutus
761 1674 821 1736 per
848 1652 1039 1736 prophetas,
1072 1651 1197 1718 ultimis
1250 1652 1344 1719 decet
1365 1653 1477 1719 ordine
1498 1653 1611 1720 fideles
1643 1656 1857 1720 sacrosanctis
1880 1653 1984 1736 epulis
2012 1656 2231 1722 communica·

217 1743 270 1809 his
299 1743 412 1808 diebus
439 1742 566 1807 locutus
590 1737 630 1825 [p.
649 1738 726 1826 281]
752 1745 802 1805 888
822 1740 985 1804 Dominus
1010 1739 1046 1803 in
1079 1737 1197 1804 dilecto
1249 1746 1332 1818 rent,
1351 1740 1509 1805 ministris
1527 1761 1647 1823 panem
1664 1741 1900 1825 frangentibus,
1918 1745 1953 1804 et
1968 1739 2121 1822 poculum
2135 1762 2231 1824 prae·

216 1829 285 1894 filio
307 1850 375 1908 suo,
397 1829 453 1911 qui
476 1827 563 1892 solus
580 1830 708 1908 patrem
725 1826 935 1891 manifestare
953 1829 1061 1908 potest
1077 1821 1194 1908 (Hebr.
1249 1826 1409 1891 bentibus.
1461 1826 1574 1891 Finita
1603 1848 1718 1907 coena,
1753 1826 1936 1891 exhortatio
1964 1825 2154 1907 haber-ebir,
2188 1827 2233 1892 ad

221 1920 247 1980 1.
272 1916 353 1981 Luc.
376 1913 440 1998 10).
487 1923 495 1936 “
1250 1912 1412 1977 sinceram
1437 1911 1537 1977 fidem
1559 1919 1592 1976 et
1617 1911 1696 1977 fidei
1717 1912 1965 1990 confessionem,
1997 1911 2040 1976 ad
2060 1913 2231 1979 caritatem

303 2001 377 2065 Iam
410 2019 503 2077 vero,
533 2004 571 2062 88
598 1996 660 2063 hoo
688 1998 875 2062 hominibus
895 1995 1042 2061 ablatum
1063 2006 1127 2074 est,
1155 2017 1198 2060 ne
1250 2004 1284 2062 88
1311 2019 1417 2062 mores
1444 1997 1642 2063 Christianis
1663 1998 1787 2082 dignos.
1832 1998 2018 2077 Postremo,
2048 1999 2230 2082 gratiarnm

217 2107 304 2152 nova
330 2089 535 2152 sacramenta
566 2084 602 2147 in
635 2083 771 2150 ecclesia
798 2083 864 2148 Dei
895 2081 1034 2147 condere
1062 2081 1196 2164 possint,
1250 2084 1334 2148 actio
1356 2083 1546 2165 referretur,
1570 2091 1604 2149 88
1623 2083 1737 2150 laudes
1758 2085 1831 2149 Dec
1854 2089 2059 2150 canerentur.
2104 2082 2232 2165 Quibus

217 2174 264 2238 ita
285 2170 465 2256 optandum
486 2174 587 2249 esset,
609 2170 650 2234 iis
670 2170 751 2251 ipsis
767 2189 850 2252 quae
875 2168 983 2234 aDeo
1001 2174 1079 2233 sunt
1100 2188 1199 2250 quam
1250 2169 1360 2248 finitis,
1383 2170 1519 2235 ecelesia
1541 2169 1760 2245 dimitteretur
1780 2170 1815 2235 in
1835 2191 1925 2253 pace.
1956 2169 2000 2234 In
2020 2191 2157 2235 manum
2178 2192 2232 2239 ae·

217 2258 393 2322 minimum
415 2257 580 2321 humanae
606 2255 806 2330 inventionis
828 2253 1008 2320 admisceri.
1053 2252 1198 2318 Perinde
1252 2255 1375 2337 cipiunt
1399 2254 1513 2321 fideles
1534 2277 1595 2323 nec
1616 2278 1674 2336 ne,
1701 2257 1788 2321 inter
1809 2278 1844 2321 88
1873 2253 2023 2321 dividant
2044 2277 2088 2320 an
2109 2256 2230 2342 singuli

218 2346 308 2417 enim
339 2344 436 2427 alque
464 2342 574 2406 infusa
605 2362 691 2424 aqua
722 2342 838 2406 vinum
870 2340 955 2425 fugit
987 2346 1021 2404 et
1053 2338 1196 2418 diluitur,
1251 2340 1337 2423 quod
1369 2341 1430 2406 sibi
1463 2341 1577 2406 datum
1603 2343 1703 2408 fuerit
1730 2341 1843 2421 edant,
1878 2340 2012 2407 calicem
2040 2343 2076 2406 in
2104 2341 2232 2410 diaconi

222 2450 418 2514 aspersoque
439 2427 598 2493 fermento
621 2432 690 2491 tota
711 2427 837 2492 1881888
864 2446 973 2492 massa
996 2425 1127 2504 acescit,
1151 2425 1198 2491 sic
1250 2447 1352 2490 manu
1373 2434 1534 2508 reponant
1560 2450 1603 2494 an
1626 2428 1775 2512 proximo
1801 2426 1948 2506 tradant,
1974 2428 2070 2510 panis
2098 2428 2141 2492 sit
2166 2429 2231 2494 fer-

219 2517 451 2603 mysteriorum
471 2514 537 2578 Dei
557 2513 728 2578 sinceritas
753 2511 838 2577 nihil
859 2511 949 2576 aliud
970 2532 1069 2594 quam
1090 2511 1198 2594 inqui·
1250 2518 1415 2577 mentetua
1433 2535 1476 2577 an
1494 2536 1637 2599 azymus,
1659 2515 1775 2580 vinum
1790 2514 1928 2579 rubrum
1944 2533 1988 2578 an
2004 2512 2124 2592 album,
2146 2514 2231 2578 nihil

218 2609 333 2683 natur,
361 2600 419 2666 ubi
445 2600 543 2665 homo
568 2599 746 2682 quidquam
775 2597 815 2662 de
837 2618 896 2664 888
918 2596 1037 2662 adiicit
1081 2597 1128 2660 Et
1149 2602 1198 2661 ta-
1250 2598 1358 2662 881888
1391 2598 1485 2664 Haec
1506 2600 1727 2665 indifferentia
1746 2605 1824 2665 sunt
1844 2606 1878 2664 88
1898 2599 1933 2664 18
1954 2597 2109 2664 ecclesiae
2130 2598 2229 2666 liber·

218 2710 297 2754 men
318 2686 476 2786 videmus,
499 2691 659 2768 quantum
681 2706 701 2749 a
722 2705 880 2783 germana
899 2696 962 2783 sua
982 2683 1125 2765 puritate
1143 2681 1198 2747 de·
1251 2691 1319 2783 tate
1337 2685 1451 2783 posita.
1488 2683 1686 2770 Quanquam
1707 2693 1833 2785 certum
1855 2692 1913 2765 888,
1933 2684 2053 2784 setene
2075 2684 2230 2752 ecclesiae

219 2778 411 2927 attat?
425 2768 1199 2940 {affaltrahltttlfmtt
1251 2771 2232 2942 aldtffflafffatnaffltthtlttfaff

221 2946 436 3022 oblationum,
460 2949 495 3007 at
512 2943 605 3007 verbi
625 2943 691 3007 Dei
711 2943 844 3007 interim
864 2940 957 3006 nulla
977 2961 1083 3022 neque
1105 2942 1197 3019 ratio,
1251 2948 1435 3006 mentatum
1462 2948 1495 3007 et
1520 2943 1693 3028 vulgarem
1718 2964 1838 3026 panem
1858 2943 1973 3022 fuisse,
2002 2948 2078 3007 ante
2100 2949 2229 3025 tempus

221 3052 326 3115 neque
347 3030 486 3108 mentio,
513 3029 584 3094 sine
605 3048 669 3110 quo
689 3033 895 3093 sacramenta
915 3027 1016 3091 etiam
1041 3026 1114 3108 ipsa
1146 3047 1198 3092 sa-
1250 3027 1435 3092 Alexandri
1461 3031 1589 3094 romani
1617 3030 1771 3112 episcopi,
1804 3039 1943 3094 narrant
1969 3028 2140 3108 historiae,
2173 3030 2230 3112 qui

221 3122 390 3184 eramenta
414 3136 481 3179 non
502 3120 587 3180 8888
633 3111 723 3194 Quin
743 3135 804 3180 nec
826 3113 1048 3179 caeremoniae
1067 3112 1200 3195 ipsaea
1250 3114 1375 3196 primus
1397 3136 1510 3199 azymo
1538 3137 1623 3199 pane
1652 3115 1830 3181 (1818888888
1851 3120 1918 3195 est;
1946 3135 2012 3198 qua
2036 3112 2072 3178 id
2093 3114 2229 3194 ratione,

221 3203 294 3269 Deo
321 3201 504 3279 institutae,
532 3201 568 3263 in
596 3206 689 3265 tanta
716 3200 813 3265 turba
838 3204 937 3282 eaput
964 3218 1098 3264 exerere
1124 3193 1198 3282 pos'-
1251 3220 1318 3264 non
1338 3198 1448 3280 video,
1477 3202 1541 3266 nisi
1559 3208 1598 3266 ut
1624 3201 1728 3285 plebis
1750 3200 1859 3266 888188
1881 3221 1966 3266 novo
1989 3200 2173 3283 spectaculo
2194 3201 2230 3266 in

222 3294 313 3365 sunt,
347 3285 405 3352 sed
430 3291 587 3369 tanquam
612 3306 785 3369 oppressae
811 3286 926 3351 iacent
972 3282 1143 3365 Quantum
1163 3285 1199 3348 in
1251 3285 1500 3351 admirationem
1520 3287 1667 3353 traheret
1694 3287 1799 3371 magis
1820 3307 1919 3370 quam
1939 3292 1979 3351 ut
2004 3286 2130 3352 animos
2152 3285 2229 3353 reli·

220 3374 382 3456 baptismo
404 3373 573 3454 aspicitur,
601 3370 688 3454 quod
709 3392 812 3435 unum
832 3371 899 3436 illic
920 3370 1030 3437 lucere
1052 3375 1086 3435 et
1107 3391 1198 3453 spec-
1251 3372 1346 3454 gione
1365 3372 1559 3438 institueret

219 3460 285 3526 tari
307 3458 472 3538 debuerat,
494 3478 621 3540 nempe,
644 3458 825 3540 baptismus
845 3455 936 3540 ipse?
973 3455 1085 3521 Ooena
1105 3477 1197 3539 pror·
1339 3454 1379 3543 [p.
1399 3457 1475 3545 284]
1500 3458 1627 3524 Adiuro
1649 3480 1769 3541 ,omnes
1790 3459 1847 3542 qui
1867 3457 2010 3524 vellavi
2031 3457 2138 3540 aliquo
2159 3458 2227 3540 pie-

220 3568 276 3612 sus
297 3544 425 3627 sepulta
444 3549 503 3624 est,
526 3564 602 3609 cum
621 3564 718 3608 versa
734 3543 796 3607 fuit
812 3543 848 3629 in
864 3543 1008 3621 missam,
1031 3542 1095 3607 nisi
1112 3543 1198 3625 quod
1250 3543 1327 3607 tatis
1348 3542 1455 3608 studio
1476 3551 1666 3629 tangimtur,
1689 3566 1732 3609 an
1753 3565 1820 3609 non
1841 3543 2009 3611 evidenter
2029 3544 2228 3626 perspiciant

156 3667 158 3672 ·
219 3630 320 3697 semel
341 3629 529 3713 quotannis,
552 3628 610 3695 sed
627 3635 800 3712 concerpta
817 3633 851 3694 88
867 3627 1051 3707 dimidiata,
1073 3627 1197 3693 lacera-
1250 3636 1284 3693 et
1304 3635 1426 3712 quanto
1448 3628 1647 3714 praeclarius
1668 3631 1734 3696 Dei
1755 3630 1860 3715 gloria
1880 3630 1937 3702 hic
1956 3628 2171 3712 resplendeat,
2194 3636 2228 3696 et

215 3738 278 3801 que
304 3716 410 3781 forma
438 3716 562 3781 visitur.
615 3715 664 3781 At
689 3721 811 3798 quanto
834 3715 935 3780 satius
957 3720 1043 3793 erat,
1072 3715 1197 3797 quoties
1249 3736 1349 3798 quam
1370 3715 1555 3782 affluentior
1574 3716 1752 3800 spiritimlis
1774 3715 2003 3783 consolationis
2023 3716 2168 3781 suavitas
2185 3715 2228 3781 ad

213 3801 427 3885 baptisandus
449 3801 565 3884 aliquis
587 3807 686 3881 esset,
715 3802 751 3866 in
772 3807 901 3868 coetum
920 3799 1074 3888 fidelium
1089 3800 1198 3882 ipsum
1249 3800 1362 3866 fideles
1389 3802 1517 3883 redeat,
1551 3825 1651 3887 quam
1676 3803 1805 3869 inistis
1824 3801 1952 3886 frigidis
1973 3807 2008 3867 88
2028 3800 2247 3868 histrionicis·

214 3888 464 3971 repraesentari,
487 3896 521 3953 et
541 3893 610 3952 tota
631 3887 775 3967 ecclesia,
799 3887 891 3953 velut
911 3891 1002 3966 teste,
1030 3892 1196 3968 spectante
1249 3888 1359 3971 nugis,
1375 3909 1459 3971 quae
1476 3888 1604 3954 nullum
1622 3888 1724 3953 alium
1739 3910 1836 3954 usum
1853 3888 2004 3967 afferrmt,
2022 3887 2088 3953 nisi
2103 3892 2142 3952 ut
2157 3893 2226 3953 stu·

214 3972 257 4126 Ep.
277 3971 353 4060 282]
379 3979 413 4037 88
440 3979 553 4038 orante
575 3995 673 4056 super
701 3995 792 4053 eum,
815 3974 888 4038 Deo
909 3970 1042 4038 offerri?
1066 3972 1197 4039 recitari
1249 3974 1356 4056 pentis
1378 3975 1489 4057 populi
1511 3996 1644 4041 sensum
1664 3973 1802 4040 fallant?
1835 3973 1877 4039 Id
1896 3973 2055 4057 populum
2070 3972 2226 4056 religione

240 4059 292 4125 dei
314 4059 562 4137 confessionem,
592 4060 721 4142 quasit
747 4058 966 4125 instituendus
989 4057 1196 4124 catechume-
1248 4060 1406 4124 contineri
1428 4067 1561 4141 vocant,
1584 4083 1660 4127 eum
1681 4083 1721 4127 su
1761 4061 1909 4126 rstitione
1931 4057 2067 4126 stolidus
2089 4065 2123 4124 et
2141 4058 2226 4126 infa-

213 4144 299 4212 nus?
327 4145 489 4222 enarrari,
512 4165 595 4227 quae
616 4145 652 4208 in
672 4145 833 4227 baptismo
855 4146 1035 4223 habentur,
1057 4145 1195 4226 promis·
1248 4151 1359 4210 tuatus
1381 4147 1496 4229 quovis
1518 4147 1669 4213 trahitur.
1743 4147 1756 4211 i
1778 4147 1850 4230 quis
1871 4151 2034 4213 vetustate
2056 4145 2143 4211 tueri
2163 4145 2226 4211 hu·

215 4230 344 4298 8188881
368 4229 640 4296 catechumenum
660 4231 817 4314 baptisari
838 4232 873 4295 in
895 4252 1015 4295 nomen
1037 4231 1141 4312 patris
1163 4236 1197 4294 et
1248 4231 1388 4296 iusmodi
1404 4233 1609 4299 inventiones
1629 4232 1718 4314 velit,
1740 4255 1801 4299 nec
1817 4234 1887 4316 ipse
1904 4233 2029 4317 ignoro,
2052 4252 2152 4314 quam
2168 4253 2226 4298 ve-

213 4317 273 4382 filii
294 4323 329 4382 et
350 4317 484 4399 spiritus
506 4315 631 4382 sancti?
655 4315 777 4381 remitti
795 4316 928 4382 demum
949 4338 1025 4382 cum
1045 4315 1195 4398 precibus
1248 4323 1356 4383 tustus
1382 4319 1427 4383 sit
1458 4319 1645 4386 chrismatis
1677 4326 1711 4385 et
1738 4319 1974 4385 exsufflationis
2000 4317 2038 4384 in
2064 4317 2225 4401 baptismo

214 4409 248 4468 et
274 4402 455 4486 gratiarum
483 4401 628 4468 actione?
675 4400 731 4469 Sic
755 4403 839 4467 nihil
861 4403 1079 4480 omitteretur,
1109 4400 1195 4483 quod
1247 4425 1344 4483 usus,
1366 4425 1466 4487 quam
1486 4426 1552 4470 non
1573 4406 1733 4490 longeab
1755 4412 1861 4471 aetate
1884 4402 2105 4488 apostolorum
2125 4423 2226 4470 coena

214 4488 257 4554 ad
277 4510 349 4553 rem
371 4489 494 4554 laceret
515 4494 549 4553 et
569 4509 636 4553 una
656 4488 715 4553 illa
736 4490 952 4568 caeremonia,
976 4508 1059 4570 quae
1081 4508 1102 4550 a
1121 4486 1194 4552 Deo
1246 4490 1382 4554 Domini
1410 4496 1498 4557 tacta
1524 4493 1675 4577 rubigine
1703 4491 1809 4557 fuerit
1859 4489 1928 4557 Sed
1956 4489 2082 4566 isthaec
2103 4489 2226 4557 scilicet

215 4581 326 4639 autore
355 4574 500 4657 profecta
528 4582 593 4655 est,
620 4574 721 4640 nullis
741 4576 875 4640 exoticis
897 4572 1045 4639 sordibus
1067 4572 1192 4653 obruta,
1246 4575 1411 4642 humanae
1432 4577 1647 4645 confidentiae
1671 4578 1852 4661 procacitas
1873 4583 1938 4657 est,
1960 4597 2044 4661 quae
2065 4597 2100 4642 se
2122 4574 2224 4642 conti-

214 4659 394 4725 olarissime
422 4660 602 4744 effulgeret
653 4659 831 4726 Caeterum
862 4666 1072 4744 mergaturne
1105 4663 1192 4724 totus
1245 4683 1325 4727 nere
1347 4664 1473 4746 nequit,
1495 4666 1576 4749 quin
1597 4685 1725 4747 semper
1745 4663 1782 4728 in
1802 4663 1868 4728 Dei
1888 4663 2055 4749 mysteriis
2077 4660 2170 4728 ludat
2191 4666 2225 4726 88

213 4747 270 4829 881
291 4746 437 4829 tingitur,
461 4768 505 4810 an
524 4747 633 4812 infusa
654 4753 785 4812 tantum
805 4767 891 4829 aqua
907 4750 1109 4828 aspergatur,
1130 4745 1192 4808 mi·
1244 4747 1417 4814 lasciviat
1431 4749 1500 4816 Nos
1520 4773 1597 4818 vero
1614 4750 1868 4830 meminerimus,
1887 4749 1971 4814 tanti
1982 4769 2053 4814 esse
2063 4749 2136 4814 Deo
2148 4769 2224 4815 ver·

211 4830 340 4896 nimum
357 4832 470 4912 refert;
493 4831 551 4897 sed
566 4831 602 4897 id
618 4853 677 4915 pro
695 4832 867 4916 regionum
883 4831 1072 4897 diversitate
1089 4830 1191 4896 eccle·
1244 4833 1281 4899 bi
1300 4835 1351 4900 sni
1372 4834 1604 4918 obedientiam,
1632 4842 1671 4901 ut
1690 4836 1726 4901 in
1748 4857 1788 4901 ea
1808 4841 1842 4901 88
1948 4835 1997 4900 los
2018 4854 2094 4903 suos
2116 4840 2150 4898 88
2170 4855 2223 4899 or-

214 4917 272 4983 siis
292 4916 433 4983 liberum
459 4939 530 4983 esse
553 4918 664 4998 debet,
695 4939 882 5001 quanquam
903 4923 937 4983 88
955 4917 1064 5000 ipsum
1085 4916 1191 5000 bapti·
1244 4920 1319 4985 bem
1340 4921 1531 4989 universum
1550 4921 1694 4989 iudicare
1716 4942 1776 4987 nos
1797 4921 1879 4987 velit
1922 4918 2068 4985 111886.
2088 4918 2223 5004 Gall).
2276 4921 2279 4935 “

213 5001 308 5069 sandi
329 5003 467 5068 verbum
487 5026 636 5088 mergere
657 5003 821 5089 significat
841 5010 874 5069 et
899 5001 1070 5088 mergendi
1090 5003 1191 5068 ritum

214 5089 319 5154 veteri
339 5088 493 5154 ecclesiae
514 5091 721 5157 observatum
741 5091 841 5157 fuisse
861 5095 997 5156 constat

300 5172 471 5255 Quantum
492 5175 535 5241 ad
554 5198 683 5243 sacram
704 5198 839 5243 coenam
859 5177 990 5255 attinet,
1018 5176 1064 5241 sic
1086 5174 1189 5240 admi-

213 5259 347 5326 nistrari
375 5259 600 5328 decentissime
627 5268 768 5345 poterat:
796 5263 826 5328 si
852 5263 1041 5348 saepissime
1063 5268 1097 5326 et
1122 5262 1189 5327 sin·
1247 5345 1250 5355 Ι

1631 5179 1835 5192 -n———u—
