4770 6030
100 4416 106 4431 ι
230 4381 315 4438 sunt.
340 4373 485 4439 Proinde
498 4397 562 4439 uno
575 4376 637 4439 isto
650 4381 843 4458 argumento
855 4374 1063 4441 Sadducaeos
1076 4396 1096 4438 a
1109 4374 1206 4438 (lhri-
1256 4375 1327 4440 loco
1355 4375 1509 4451 habebat,
1540 4397 1560 4439 a
1588 4398 1622 4440 se
1652 4376 1822 4441 dimittere.

150 334 153 342 ⁴
218 339 289 402 sos
394 400 397 405 ,
791 330 1058 428 marmano
1080 333 1184 402 auu.
1206 330 1387 467 οιιιιιι
1413 334 1643 397 isse-1554.
2155 336 2218 397 sos

1841 431 1969 520 [n2303
1987 446 2099 513 sair,
2119 444 2222 501 cars

220 524 337 609 nam¹)
367 545 401 588 so
429 523 584 588 homini
575 545 610 586 ιιι
632 522 730 588 deum
757 522 954 601 manifestet,
982 523 1035 587 cui
1056 543 1123 585 non
1145 544 1196 586 sa-
1338 526 1386 584 10.
1431 521 1511 600 lam,
1535 521 1589 603 qui
1610 521 1802 601 praecipuus
1824 528 1874 585 est
1890 520 2017 585 cardo
2008 543 2045 583 111
2066 521 2128 586 hac
2145 543 2223 586 con-

162 666 165 672 .
220 546 300 674 ilutis
323 630 448 691 quoque
469 609 641 673 thesauros
659 608 803 691 aperiat?
828 608 889 674 hac
908 609 995 672 enim
1013 607 1263 672 conditionet
1249 608 1421 684 troversia,
1445 605 1653 687 dispiciamus
1674 627 1784 669 annon
1811 607 1875 687 ipsi
1896 627 2022 688 quoque
2042 602 2201 671 fideles
2176 628 2223 671 s1c

222 696 301 760 daus
323 702 435 758 noster
452 699 510 772 est,
533 696 625 757 utin
641 694 748 758 medio
765 695 868 758 nostri
885 694 1025 772 habitet;
1048 701 1085 757 ut
1093 694 1121 777 ²)
1139 715 1198 775 per
1249 693 1389 757 instituti
1412 658 1534 756 inerint
1556 713 1576 755 ι
1598 691 1750 768 Domino,
1773 697 1811 755 ut
1831 692 1999 755 meliorem
2021 692 2098 757 alibi
2120 693 2224 757 vitam

221 781 338 846 Mosen
367 745 548 844 testabatur
581 778 677 863 (ch.
709 783 765 858 26,
798 780 860 862 ll).
906 778 1056 844 Obtineri
1089 786 1198 843 autem
1250 780 1312 843 sibi
1333 799 1404 842 esse
1425 777 1599 852 sentirent,
1628 798 1666 841 ao
1687 777 1836 859 neglecta
1857 783 1987 841 terrena
2007 777 2098 841 illam
2120 777 2224 842 medi-

222 865 297 930 talis
324 865 394 929 eius
420 865 606 947 praesentia
628 886 695 928 non
715 871 835 947 potest,
864 872 900 929 ut
921 886 988 928 non
1010 864 1109 929 simul
1130 865 1199 930 vita
1250 871 1409 928 tarentur
1460 827 1625 939 Primum,
1653 883 1750 942 quam
1775 861 1840 927 illis
1862 862 2070 962 dispensabat
2091 863 2225 928 vivendi

221 949 433 1050 possideatur.
479 952 588 1032 Atque
608 958 646 1014 nt
667 949 750 1014 nihil
772 951 860 1014 ultra
876 951 1123 1049 exprimeretur,
1147 971 1199 1014 sa·
1250 949 1483 1026 conditionem,
1512 913 1680 1012 assiddum
1700 955 1773 1012 erat
1794 949 1999 1026 exercitium,
2027 969 2102 1047 quo
2112 948 2225 1013 admo-

222 1037 264 1102 tis
293 1036 417 1101 claram
446 1036 611 1101 habebant
637 1037 724 1100 vitae
751 1035 928 1117 spiritualis
953 1036 1199 1117 promissionem
1250 1043 1421 1112 narentur,
1456 1056 1490 1098 se
1517 1034 1663 1115 omnium
1689 1055 1759 1098 esse
1791 1035 2004 1111 miserrimos,
2035 1035 2063 1098 si
2093 1036 2130 1098 in
2162 1034 2226 1098 hac

223 1124 258 1187 in
285 1122 336 1186 his
366 1121 487 1186 verbis:
523 1143 596 1185 sum
629 1121 709 1186 deus
736 1131 853 1186 vester.
906 1120 988 1185 Non
1007 1121 1095 1184 enim
1123 1121 1199 1185 solis
1250 1120 1346 1184 modo
1367 1121 1437 1185 vita
1463 1119 1573 1183 felices
1594 1127 1710 1183 essent.
1756 1119 1878 1199 Adam,
1908 1119 1961 1184 vel
1984 1120 2053 1184 sola
2074 1119 2224 1184 recorda-

222 1208 334 1289 utique
367 1207 554 1288 corporibus
586 1207 684 1270 doum
718 1229 752 1271 se
780 1207 849 1271 fore
881 1206 1108 1284 denuntiabat,
1142 1205 1200 1271 scd
1251 1207 1339 1269 tione
1367 1205 1513 1287 perditae
1535 1204 1697 1269 felicitatis
1725 1205 1977 1282 infelicissimus,
2006 1206 2113 1270 anxiis
2133 1206 2224 1270 labo-

223 1293 341 1358 animis
363 1293 549 1441 praecipua
579 1294 707 1357 animae
730 1300 854 1369 autem,
877 1293 942 1356 nisi
963 1313 1022 1374 per
1042 1292 1200 1355 iustitiam
1252 1292 1341 1356 ribus
1368 1296 1547 1374 egestatem
1574 1312 1666 1354 suam
1695 1312 1792 1372 aegre
1819 1298 1990 1355 sustentat.
2039 1293 2089 1356 Ac
2118 1312 2161 1356 no
2188 1293 2224 1354 in

224 1380 297 1445 Deo
319 1379 525 1455 coniunctae,
560 1379 691 1476 abipso
720 1378 875 1442 alienae
866 1400 902 1441 ιιι
930 1385 1035 1441 morte
1055 1383 1198 1440 manent.
1252 1377 1329 1442 solis
1351 1398 1508 1440 manuum
1529 1375 1693 1440 laboribus
1714 1376 1779 1441 Dei
1801 1376 2025 1441 maledictione
2047 1384 2225 1459 prematur,

224 1465 323 1530 Adsit
354 1485 484 1528 rursum
517 1429 576 1528 illa
609 1465 807 1528 coniunctio:
842 1470 1032 1545 perpetuam
1061 1463 1201 1527 salutem
1252 1462 1339 1526 unde
1366 1462 1516 1525 solatium
1537 1461 1588 1524 illi
1614 1461 1771 1538 restabat,
1802 1469 1986 1526 extremum
2006 1463 2130 1528 luctum
2151 1484 2226 1544 per·

225 1570 336 1615 secum
357 1548 461 1614 ducet.
1253 1548 1338 1629 cipit.
1383 1549 1447 1627 Ex¹
1461 1547 1585 1611 duobus
1606 1547 1682 1612 filiis
1704 1547 1786 1611 alter
1807 1547 1854 1611 illi
1877 1547 2016 1612 nefando
2037 1549 2148 1613 fratris
2167 1570 2226 1630 pa-

225 1743 295 1786 esse
317 1683 514 1798 testabatur,
543 1686 602 1785 sed
623 1742 658 1784 se
680 1741 805 1802 quoque
827 1741 955 1802 semper
975 1720 1043 1784 fore
1065 1721 1201 1802 promit
1253 1704 1419 1800 aspectum
1451 1719 1567 1782 merito
1600 1718 1779 1783 detestetur
1808 1741 1845 1783 ao
1878 1719 2019 1783 horreat.
2074 1686 2159 1786 iibel
2190 1721 2227 1783 in
2253 1761 2262 1775 ·

226 1806 315 1872 tabat
322 1828 331 1885 ;ν
352 1827 415 1888 quo
437 1828 511 1888 spes
533 1827 655 1884 eorum,
677 1806 901 1888 praesentibus
922 1807 1015 1870 bonis
1036 1828 1102 1870 non
1123 1828 1201 1871 con·
1252 1805 1322 1886 ipso
1345 1805 1460 1869 aetatis
1482 1806 1561 1868 flore
1579 1804 1754 1868 crudeliter
1770 1805 1951 1869 trucidatus
1968 1805 2154 1887 exemplum
2175 1813 2228 1870 cst

226 1899 332 1970 tenta,
355 1892 390 1955 in
413 1892 638 1970 aeternitatem
662 1890 918 1974 protenderetur.
963 1891 1004 1955 Id
1025 1912 1121 1974 porro
1143 1912 1201 1956 va·
1252 1890 1417 1955 humanae
1445 1890 1647 1955 calamitatis.
1697 1890 1768 1954 Noe
1794 1890 1914 1955 bonam
1947 1892 2061 1955 aetatis
2087 1899 2225 1973 partem,

225 1979 326 2043 luisse
353 1976 440 2059 apud
467 1999 522 2042 eos
554 1978 708 2058 temporis
734 1978 836 2040 futuri
857 1978 1071 2055 notationem,
1094 1984 1200 2042 osten-
1253 1975 1332 2040 dum
1353 1983 1441 2041 totus
1463 1975 1549 2039 orbis
1571 1996 1683 2040 secure
1705 1975 1890 2052 deliciatur,
1913 1998 1987 2041 cum
2000 1998 2130 2060 magna
2151 1977 2227 2041 fati·

227 2064 310 2129 dunt
330 2063 453 2127 multae
474 2084 584 2140 voces,
608 2063 662 2127 ubi
685 2083 719 2126 se
741 2083 807 2125 ιιοιι
825 2063 861 2126 in
882 2063 1110 2145 praesentibus
1128 2070 1201 2126 tan-
1254 2063 1383 2146 gationo
1412 2062 1447 2125 in
1474 2082 1549 2125 arca
1576 2061 1774 2126 exstruenda
1800 2061 1924 2126 deterit.
1970 2060 2066 2142 Quod
2087 2070 2228 2126 mortem

227 2155 298 2213 tum
329 2149 440 2226 malis,
480 2148 537 2214 sed
568 2149 603 2211 ιιι
640 2154 807 2230 posterum
837 2148 1047 2212 consolantur
1078 2147 1200 2226 fideles,
1254 2149 1376 2231 effugit,
1399 2146 1433 2211 id
1454 2148 1492 2211 fit
1512 2148 1689 2213 maioribus
1711 2149 1780 2212 eius
1801 2147 1966 2225 molestiis,
1989 2169 2087 2229 quam
2105 2148 2132 2212 si
2150 2169 2228 2213 cen·

228 2233 315 2316 quod
336 2233 398 2298 sibi
418 2235 510 2299 Deus
528 2255 696 2315 nunquam
714 2232 884 2299 defuturus
902 2241 995 2298 esset.
1023 2233 1096 2298 Iam
1113 2255 1201 2312 vero,
1254 2240 1325 2297 turn
1357 2245 1478 2296 mortes
1509 2232 1677 2297 obeundae
1710 2240 1826 2297 essent.
1884 2233 1971 2297 Nam
1998 2240 2228 2316 praeterquam

228 2342 312 2403 quae
340 2341 417 2401 pars
439 2326 509 2384 erat
496 2319 678 2384 tsecunda
704 2319 940 2417 promissionis,
967 2320 1054 2402 ipsos
1077 2319 1117 2383 de
1138 2319 1203 2384 Dei
1237 2318 1340 2417 quod
1361 2340 1438 2383 arca
1458 2318 1506 2381 illi
1529 2325 1579 2383 est
1600 2320 1691 2400 quasi
1714 2319 1899 2417 sepulcrum
1917 2318 2027 2384 decom
2048 2321 2225 2383 mensium:

228 2405 467 2485 benedictione,
498 2412 592 2468 extra
618 2412 767 2468 terrenae
790 2405 876 2468 vitae
904 2406 1037 2483 limites,
1068 2426 1148 2488 erga
1168 2426 1203 2469 se
1255 2405 1424 2469 insuavius
1441 2403 1525 2467 nihil
1543 2425 1612 2469 esse
1630 2412 1745 2485 potest,
1767 2425 1865 2486 quam
1883 2406 1918 2469 in
1937 2405 2127 2469 animalium
2146 2413 2229 2469 ster·

229 2490 443 2590 proroganda
463 2490 581 2556 clarius
605 2491 785 2554 etiamnum
803 2490 1032 2555 confirmabat:
1056 2512 1111 2555 ero
1124 2491 1239 2556 deus
1255 2491 1384 2555 coribus
1402 2510 1505 2570 paene
1523 2491 1715 2553 immersum
1732 2489 1858 2554 tamdiu
1869 2490 2015 2554 detineri
2049 2490 2230 2588 Postquam

230 2578 363 2642 seminis
385 2577 486 2641 vestri
512 2581 587 2660 post
614 2597 681 2641 vos.
731 2575 817 2639 Nam
845 2576 873 2639 si
900 2597 995 2641 suam
1016 2598 1095 2659 erga
1117 2597 1203 2640 mor·
1255 2582 1365 2640 tantas
1387 2574 1594 2639 difficultates
1616 2575 1847 2640 eluctatust
1797 2583 1855 2651 est,
1877 2576 1914 2637 in
1933 2597 2052 2639 novam
2074 2576 2229 2640 moeroris

230 2668 303 2727 tuos
331 2663 591 2726 benevolentiam
614 2661 839 2759 declaraturus
859 2669 944 2738 erat,
917 2661 1203 2726 tbcnefaciendo
1256 2662 1428 2725 materiam
1449 2660 1578 2725 incidit:
1605 2660 1746 2725 ludibrio
1770 2683 1804 2726 se
1834 2627 1946 2725 liaberi
1969 2683 1988 2725 a
2009 2661 2138 2743 proprio
2158 2661 2228 2725 filio

230 2749 376 2831 posteris,
399 2768 479 2831 erga
500 2749 588 2830 ipsos
608 2747 712 2811 multo
733 2747 843 2811 minus
866 2713 1017 2811 defutura
1039 2755 1110 2812 erat
1134 2748 1204 2812 eius
1255 2746 1353 2811 videt.
1396 2747 1443 2810 Et
1470 2767 1567 2829 quem
1596 2767 1716 2845 magno
1744 2748 1809 2810 Dei
1840 2747 1996 2812 beneficio
2026 2746 2153 2812 salvum
2185 2768 2230 2811 ex

229 2834 422 2933 benignitas.
466 2833 580 2915 Neque
602 2833 690 2898 enim
712 2834 816 2896 instar
837 2832 1006 2897 hominurn
1031 2839 1081 2898 est
1067 2834 1203 2910 t‚Deus
1256 2832 1377 2896 diluvio
1399 2839 1578 2913 receperat,
1601 2854 1659 2896 suo
1680 2833 1783 2931 ipsius
1803 2852 1858 2896 ore
1879 2832 2072 2898 maledicere
2092 2834 2228 2916 cogitur.

229 2921 285 3002 qui
317 2941 414 2984 suum
444 2919 517 2983 ideo
546 2940 689 2983 amorem
717 2918 759 2983 ιιι
781 2919 959 2992 amicorum
985 2919 1069 2984 filios
1096 2928 1203 2983 trans·
1345 2922 1392 2981 ll.
1437 2918 1616 2995 Abraham,
1639 2918 1694 2983 ubi
1715 2919 1858 3017 primum
1879 2925 2014 2984 vocatur
2036 2941 2057 2983 a
2076 2920 2229 2998 Domino,

184 3079 195 3101 .
229 3006 352 3084 ferunt,
388 3005 465 3104 quia
496 3011 601 3068 morte
633 3004 883 3086 interrumpitur
915 3025 1027 3068 eorum
1055 3005 1202 3082 facultas,
1256 3004 1423 3102 apati-ia,
1457 2969 1662 3085 parentibus,
1691 3005 1817 3083 amicis,
1847 3005 2013 3082 avellitur,
2046 3006 2082 3068 in
2113 2970 2234 3104 quibui

230 3113 292 3173 quo
314 3091 424 3154 minus
444 3091 485 3155 iis
507 3091 623 3172 quibus
644 3092 727 3155 bene
748 3090 909 3168 volebant,
932 3089 1127 3172 impendant
1144 3112 1204 3154 sua
1254 3090 1462 3171 praecipuam
1483 3091 1572 3154 vitae
1594 3089 1798 3154 dulcedinem
1820 3111 1889 3155 esse
1918 3056 2049 3172 putarit,
2079 3113 2117 3156 ac
2140 3092 2167 3155 si
2189 3091 2230 3155 il-

228 3177 342 3241 officia.
387 3176 434 3240 At
454 3177 547 3240 Deus
571 3177 664 3242 ouius
689 3176 910 3242 beneficentia·
928 3185 1033 3240 morte
1054 3197 1121 3240 non
1141 3178 1203 3240 im·
1254 3176 1333 3252 lum,
1357 3175 1517 3240 destinato
1538 3175 1679 3254 consilio,
1701 3175 1851 3240 omnibus
1872 3177 1959 3241 vitae
1986 3177 2230 3242 oblectamentis

227 3261 365 3345 peditur,
386 3283 465 3327 suae
486 3262 628 3344 profecto
650 3260 890 3327 misericordiae
907 3262 1049 3327 fructum
1066 3262 1204 3326 mortuis
1256 3261 1395 3344 spoliare
1420 3261 1583 3325 Dominus
1613 3261 1720 3326 vellet.
1773 3258 1881 3325 Simul
1912 3269 2035 3327 terram
2061 3263 2230 3345 ingressus

226 3369 294 3411 non
323 3346 421 3426 tollit,
449 3369 548 3430 quam
570 3368 682 3411 eorum
710 3368 809 3412 causa
830 3347 1030 3412 transfundit
1057 3349 1093 3412 in
1114 3347 1204 3411 mille
1256 3354 1319 3426 est,
1351 3347 1386 3411 in
1415 3355 1480 3428 qua
1505 3347 1637 3411 iubetur
1663 3347 1826 3424 habitare,
1859 3348 1945 3411 fame
1971 3347 2048 3413 inde
2076 3349 2228 3431 exigitur.

227 3433 462 3516 generationes.
506 3433 681 3498 Praeclare
703 3433 804 3516 igitur
825 3431 1018 3498 documento
1039 3433 1204 3516 magnitu-
1254 3434 1305 3497 Eo
1328 3432 1370 3497 ad
1391 3453 1486 3515 opem
1512 3432 1733 3515 quaerendam
1755 3434 1889 3516 refugit,
1915 3433 1973 3498 ubi
1994 3456 2057 3515 quo
2084 3456 2119 3498 se
2140 3435 2229 3499 inco-
2277 3488 2285 3497 .

227 3517 337 3583 dinem
366 3527 463 3601 atque
491 3519 692 3583 affluentiam
714 3539 791 3583 suae
812 3519 981 3596 bonitatis,
1010 3540 1108 3600 quam
1131 3525 1205 3601 post
1255 3519 1378 3583 lumem
1406 3526 1528 3596 servet,
1563 3539 1695 3584 necesse
1727 3519 1825 3583 habet
1852 3541 1989 3585 uxorem
2017 3521 2229 3601 prostituere;

227 3611 366 3668 mortem
388 3604 517 3669 sensuri
538 3610 662 3681 essent,
694 3603 825 3668 volebat
845 3603 910 3668 illis
931 3605 1094 3668 Dominus
1116 3626 1203 3670 oom-
1254 3604 1341 3686 quod
1367 3605 1527 3669 incertum
1553 3626 1597 3668 an
1626 3605 1737 3669 multis
1764 3606 1923 3670 mortibus
1950 3607 2049 3670 fivcrit
2071 3606 2228 3670 acerbius.

227 3689 398 3769 mandare,
428 3711 529 3773 quum
555 3689 655 3754 talem
684 3689 900 3768 describebat,
935 3711 1017 3788 quae
1038 3691 1074 3754 ιιι
1102 3698 1203 3754 totam
1254 3691 1321 3755 Ubi
1354 3691 1390 3754 in
1422 3695 1544 3755 terram
1574 3689 1751 3755 habitaculi
1784 3692 1835 3755 sni
1868 3712 2019 3756 reversus
2053 3699 2116 3768 est,
2150 3691 2229 3754 inde

227 3774 387 3839 familiam
416 3776 617 3840 exuberaret
660 3774 770 3838 Huius
797 3796 874 3840 vero
901 3776 1125 3858 promissionis
1147 3797 1203 3840 ve-
1255 3798 1388 3840 rursum
1414 3776 1500 3840 fame
1528 3776 1710 3858 expellitur.
1763 3774 1879 3856 Qualis
1901 3783 1950 3841 est
1936 3776 2124 3854 tfelicitas,
2155 3797 2230 3839 eam

228 3860 360 3923 ritatem
387 3868 458 3924 tum
479 3861 663 3943 obsignavit
650 3861 867 3938 tDominus,
896 3868 930 3925 et
949 3863 1043 3942 quasi
1064 3861 1204 3944 comple·
1255 3868 1398 3925 terram
1410 3862 1564 3939 incolere,
1597 3862 1653 3926 ubi
1685 3862 1779 3927 toties
1807 3862 2029 3941 esuriendum,
2057 3863 2122 3926 imo
2149 3882 2229 3926 vcro

228 3953 378 4009 mentum
403 3945 553 4027 protulit,
581 3966 682 4027 quum
710 3945 808 4009 deum
836 3968 871 4011 se
899 3946 1082 4025 Abraham,
1110 3946 1205 4012 Isaac
1243 3946 1364 4011 inedia
1384 3912 1595 4027 pereunduin,
1617 3948 1679 4012 nisi
1702 3941 1877 4031 aufugias‘l
1906 3946 2014 4013 Simul
2036 3947 2149 4012 eodem
2170 3968 2229 4011 ne-

229 4040 263 4095 et
294 4031 406 4109 Iacob,
446 4031 542 4114 longe
582 4042 655 4114 post
687 4053 800 4096 corum
832 4040 986 4111 mortem,
1026 4033 1205 4115 appellaret
1257 4033 1415 4097 cessitatis
1443 4032 1602 4116 redigitur
1623 4033 1709 4116 apud
1732 4033 1937 4111 Abimelech,
1964 4040 2002 4097 ut
2023 4042 2122 4116 caput
2142 4033 2229 4097 redi-

230 4115 349 4214 (leod.
370 4120 399 4195 3,
420 4116 463 4216 6).
509 4116 598 4197 Quid
620 4117 730 4182 enim?
761 4139 870 4183 annon
897 4117 1034 4183 ridicula
1054 4127 1126 4183 erat
1147 4139 1204 4216 ap·¹
1256 4139 1360 4196 mere,
1389 4119 1501 4183 uxoris
1528 4120 1668 4197 iactura,
1696 4141 1777 4202 opus
1806 4119 1935 4184 habeat.
1978 4120 2070 4184 Dum
2092 4119 2157 4184 huc
2179 4126 2229 4183 at

229 4203 376 4301 pallatio,
406 4203 435 4268 si
460 4203 648 4285 perierant?
693 4203 836 4268 Perinde
859 4205 946 4269 enim
967 4205 1096 4282 fuisset,
1119 4204 1205 4268 acsi
1256 4224 1319 4285 que
1345 4169 1423 4268 illuc
1452 4203 1571 4269 multos
1598 4226 1701 4270 annos
1735 4206 1880 4271 incertus
1907 4213 2062 4288 vagatur,
2091 4205 2229 4271 assiduis

229 4288 276 4352 ita
302 4288 397 4352 foret
420 4289 586 4371 loquutus:
621 4310 681 4372 ego
716 4310 788 4353 sum
816 4289 896 4355 deus
922 4310 1035 4355 eorum
1057 4291 1112 4370 qui
1140 4309 1206 4352 non
1258 4311 1428 4354 servorum
1460 4290 1558 4354 rixis.
1579 4292 1796 4373 compellitur,
1835 4299 2001 4457 nepotem,
2041 4312 2135 4373 quem
2169 4291 2230 4354 filii

1900 4398 1962 4441 uae
1984 4376 2135 4441 discessio
2158 4377 2230 4440 sine

231 4467 280 4524 sto
307 4461 498 4526 constrictos
524 4461 623 4525 fuisse
650 4462 870 4544 evangelistae
897 4462 1044 4525 referunt
1031 4459 1205 4542 s(Match.
1258 4461 1355 4525 dubio
1383 4482 1449 4546 non
1475 4461 1569 4525 aliter
1589 4461 1629 4526 ab
1648 4483 1686 4526 eo
1707 4470 1839 4544 accepta
1858 4463 1934 4540 fuit,
1958 4483 2057 4544 quam
2078 4462 2106 4525 si
2127 4483 2230 4526 mern·

232 4548 280 4623 22,
301 4549 351 4609 32.
375 4546 457 4611 Luc.
478 4549 528 4624 20,
548 4546 619 4630 37),
642 4556 679 4609 ut
700 4568 742 4610 ne
763 4548 903 4612 inficiari
923 4546 1053 4629 quidem
1076 4552 1208 4627 possent
1258 4548 1309 4611 bri
1335 4547 1433 4611 unius
1455 4547 1630 4612 sectionem
1657 4569 1770 4630 passus
1799 4548 1890 4612 foret.
1934 4549 2039 4612 Paulo
2060 4558 2134 4629 post
2154 4570 2230 4630 cap·

231 4633 502 4697 resurrectionem
540 4640 744 4695 mortuorum
777 4655 797 4697 a
823 4631 912 4695 Mosa
944 4652 1014 4696 esse
1043 4637 1204 4695 testatam.
1258 4634 1363 4697 tivum
1386 4633 1425 4696 ab
1449 4632 1595 4698 hostibus
1624 4633 1727 4715 abripi
1756 4633 1853 4698 audit
1899 4634 1972 4698 Iam
1993 4633 2050 4698 ubi
2069 4632 2111 4696 ad
2133 4634 2230 4697 effoc-

230 4714 357 4798 Nempe
376 4717 433 4800 qui
454 4739 496 4781 ex
518 4718 587 4798 ipso
608 4717 702 4781 Mose
724 4717 918 4795 didicerant,
942 4737 1054 4780 omnes
1078 4725 1206 4782 sanctos
1257 4726 1327 4783 tam
1354 4725 1554 4783 senectutem
1583 4729 1717 4785 ventum
1745 4726 1807 4796 est,
1836 4719 1921 4802 quod
1950 4720 2049 4784 habet
2076 4741 2115 4783 ea
2142 4728 2232 4783 actas

231 4822 302 4865 esse
334 4804 368 4866 in
401 4824 503 4867 manu
536 4802 624 4866 illius
653 4801 765 4886 (Deut.
787 4806 837 4879 33,
858 4801 900 4885 3).
956 4799 1052 4866 Unde
1085 4801 1206 4867 inferre
1257 4805 1523 4869 insuavissimum
1544 4812 1578 4868 et
1599 4771 1857 4883 acerbissimiim,
1879 4806 2017 4869 orbitate
2038 4805 2232 4870 mulctatum

229 4894 417 4968 promptum
435 4894 514 4963 erat,
538 4909 580 4952 ne
598 4894 703 4951 morte
721 4854 851 4985 quiderir
874 4886 1047 4969 exstingui,
1070 4909 1150 4987 quos
1171 4889 1206 4953 in
1259 4912 1294 4955 sc
1315 4890 1418 4955 videt:
1443 4890 1545 4956 donec
1569 4899 1698 4972 praetor
1720 4912 1811 4973 spem
1832 4891 2006 4956 Ismaelem
2028 4892 2163 4974 gignit3¹
2174 4912 2231 4955 cu·

231 4972 376 5051 tutelam,
400 4941 581 5039 custodiam
603 4972 900 5055 protectionemque
922 4993 1015 5036 suam
1032 4975 1207 5055 recepisset
1258 4977 1310 5041 ius
1339 4983 1449 5040 tamen
1477 4978 1682 5040 nativitatem
1709 4998 1828 5060 magno
1855 4975 1998 5052 redimit,
2027 4976 2105 5040 dum
2127 4974 2232 5041 Sarae

231 5057 287 5137 qui
309 5023 422 5123 moitis
444 5066 478 5124 et
498 5059 585 5126 vitae
607 5064 657 5123 est
678 5058 808 5122 arbiter.
1259 5063 1386 5144 probris
1413 5062 1583 5144 fatigatur,
1617 5062 1751 5143 perinde
1779 5085 1816 5127 ιο
1843 5063 1872 5126 si
1898 5027 2035 5126 anciliae
2062 5071 2231 5128 contuma-

1259 5149 1343 5213 ciam
1368 5147 1520 5225 fovendo,
1548 5146 1742 5212 domesticae
1769 5147 2050 5229 perturbationis
2042 5170 2111 5230 ipse
2134 5169 2233 5213 causa

301 5241 417 5313 1)1533
432 5247 516 5302 male:
535 5247 669 5315 qnoniam.
722 5242 754 5315 2)
772 5245 997 5314 quomadmodum
1016 5245 1084 5300 1543
1101 5261 1170 5314 seqq.
1259 5241 1353 5298 esset.
1397 5233 1554 5298 Nascitur·
1572 5231 1704 5296 demum
1721 5233 1834 5298 Isaac:
1854 5231 1929 5300 sed·
1942 5252 1980 5295 oa
2002 5233 2166 5312 mercede,
2194 5241 2234 5299 ut
