<?xml version="1.0" encoding="UTF-8"?>
<!DOCTYPE html PUBLIC "-//W3C//DTD XHTML 1.0 Transitional//EN"
    "http://www.w3.org/TR/xhtml1/DTD/xhtml1-transitional.dtd">
<html xmlns="http://www.w3.org/1999/xhtml" xml:lang="en" lang="en">
 <head>
  <title>
</title>
<meta http-equiv="Content-Type" content="text/html;charset=utf-8" />
  <meta name='ocr-system' content='tesseract 3.04.00' />
  <meta name='ocr-capabilities' content='ocr_page ocr_carea ocr_par ocr_line ocrx_word'/>
</head>
<body>
  <div class='ocr_page' id='page_1' title='image "./ioanniscalvinio05calvgoog_0124.png"; bbox 0 0 4770 6030; ppageno 0'>
   <div class='ocr_carea' id='block_1_1' title="bbox 194 497 2197 570">
    <p class='ocr_par' dir='ltr' id='par_1_1' title="bbox 194 497 2197 570">
     <span class='ocr_line' id='line_1_1' title="bbox 194 497 2197 570; baseline -0.001 -1"><span class='ocrx_word' id='word_1_1' title='bbox 194 509 252 570; x_wconf 87' lang='grc'><strong>113</strong></span> <span class='ocrx_word' id='word_1_2' title='bbox 864 501 963 567; x_wconf 82' lang='lat' dir='ltr'><strong>GAP.</strong></span> <span class='ocrx_word' id='word_1_3' title='bbox 987 501 1047 564; x_wconf 88' lang='lat' dir='ltr'><strong>IV.</strong></span> <span class='ocrx_word' id='word_1_4' title='bbox 1090 500 1154 564; x_wconf 85' lang='lat' dir='ltr'><strong>DE</strong></span> <span class='ocrx_word' id='word_1_5' title='bbox 1177 497 1516 567; x_wconf 70' lang='lat' dir='ltr'><strong>SAORAbfflNTIS.</strong></span> <span class='ocrx_word' id='word_1_6' title='bbox 2136 506 2197 568; x_wconf 85' lang='lat'><strong>114</strong></span> 
     </span>
    </p>
   </div>
   <div class='ocr_carea' id='block_1_2' title="bbox 187 688 2211 1640">
    <p class='ocr_par' dir='ltr' id='par_1_2' title="bbox 187 688 2211 1379">
     <span class='ocr_line' id='line_1_2' title="bbox 188 688 2192 839; baseline -0.002 -77"><span class='ocrx_word' id='word_1_7' title='bbox 188 697 286 762; x_wconf 90' lang='lat' dir='ltr'><strong>etiam</strong></span> <span class='ocrx_word' id='word_1_8' title='bbox 313 714 412 778; x_wconf 86' lang='lat' dir='ltr'><strong>opera</strong></span> <span class='ocrx_word' id='word_1_9' title='bbox 437 694 473 757; x_wconf 94' lang='lat' dir='ltr'><strong>in</strong></span> <span class='ocrx_word' id='word_1_10' title='bbox 499 692 593 758; x_wconf 88' lang='lat' dir='ltr'><strong>nobis</strong></span> <span class='ocrx_word' id='word_1_11' title='bbox 614 691 751 774; x_wconf 78' lang='lat' dir='ltr'><strong>profert,</strong></span> <span class='ocrx_word' id='word_1_12' title='bbox 781 712 864 775; x_wconf 86' lang='lat' dir='ltr'><strong>quae</strong></span> <span class='ocrx_word' id='word_1_13' title='bbox 886 691 1047 772; x_wconf 91' lang='lat' dir='ltr'><strong>scriptura</strong></span> <span class='ocrx_word' id='word_1_14' title='bbox 1068 693 1164 755; x_wconf 84' lang='lat' dir='ltr'><strong>vocat</strong></span> <span class='ocrx_word' id='word_1_15' title='bbox 1304 688 1343 777; x_wconf 82' lang='lat' dir='ltr'><strong>[p.</strong></span> <span class='ocrx_word' id='word_1_16' title='bbox 1364 689 1447 839; x_wconf 55' lang='lat' dir='ltr'><strong>md</strong></span> <span class='ocrx_word' id='word_1_17' title='bbox 1471 689 1576 754; x_wconf 91' lang='lat' dir='ltr'><strong>Nemo</strong></span> <span class='ocrx_word' id='word_1_18' title='bbox 1604 693 1714 755; x_wconf 86' lang='lat' dir='ltr'><strong>autem</strong></span> <span class='ocrx_word' id='word_1_19' title='bbox 1741 711 1776 756; x_wconf 89' lang='lat' dir='ltr'><strong>se</strong></span> <span class='ocrx_word' id='word_1_20' title='bbox 1800 688 1907 769; x_wconf 69' lang='lat' dir='ltr'><strong>stillat,</strong></span> <span class='ocrx_word' id='word_1_21' title='bbox 1941 710 2039 755; x_wconf 92' lang='lat' dir='ltr'><strong>nemo</strong></span> <span class='ocrx_word' id='word_1_22' title='bbox 2066 690 2127 757; x_wconf 91' lang='lat' dir='ltr'><strong>sibi</strong></span> <span class='ocrx_word' id='word_1_23' title='bbox 2155 691 2192 757; x_wconf 91' lang='lat' dir='ltr'><strong>in</strong></span> 
     </span>
     <span class='ocr_line' id='line_1_3' title="bbox 187 773 2191 866; baseline -0.002 -19"><span class='ocrx_word' id='word_1_24' title='bbox 187 803 286 866; x_wconf 90' lang='lat' dir='ltr'><strong>opera</strong></span> <span class='ocrx_word' id='word_1_25' title='bbox 318 780 426 846; x_wconf 88' lang='lat' dir='ltr'><strong>carnis</strong></span> <span class='ocrx_word' id='word_1_26' title='bbox 453 776 563 863; x_wconf 85' lang='lat' dir='ltr'><strong>(Rom</strong></span> <span class='ocrx_word' id='word_1_27' title='bbox 584 780 612 842; x_wconf 83' lang='lat'><strong>5.</strong></span> <span class='ocrx_word' id='word_1_28' title='bbox 632 782 661 843; x_wconf 90' lang='lat'><strong>6.</strong></span> <span class='ocrx_word' id='word_1_29' title='bbox 682 776 725 863; x_wconf 81' lang='lat'><strong>7).</strong></span> <span class='ocrx_word' id='word_1_30' title='bbox 776 777 886 860; x_wconf 83' lang='lat' dir='ltr'><strong>Atque</strong></span> <span class='ocrx_word' id='word_1_31' title='bbox 918 774 952 840; x_wconf 93' lang='lat' dir='ltr'><strong>id</strong></span> <span class='ocrx_word' id='word_1_32' title='bbox 980 783 1043 855; x_wconf 90' lang='lat' dir='ltr'><strong>est,</strong></span> <span class='ocrx_word' id='word_1_33' title='bbox 1098 773 1163 839; x_wconf 93' lang='lat' dir='ltr'><strong>uod</strong></span> <span class='ocrx_word' id='word_1_34' title='bbox 1215 797 1273 841; x_wconf 92' lang='lat' dir='ltr'><strong>suo</strong></span> <span class='ocrx_word' id='word_1_35' title='bbox 1300 775 1386 841; x_wconf 86' lang='lat' dir='ltr'><strong>malo</strong></span> <span class='ocrx_word' id='word_1_36' title='bbox 1413 774 1613 854; x_wconf 89' lang='lat' dir='ltr'><strong>bandiatur,</strong></span> <span class='ocrx_word' id='word_1_37' title='bbox 1638 797 1714 841; x_wconf 91' lang='lat' dir='ltr'><strong>oum</strong></span> <span class='ocrx_word' id='word_1_38' title='bbox 1736 774 1840 854; x_wconf 89' lang='lat' dir='ltr'><strong>audit,</strong></span> <span class='ocrx_word' id='word_1_39' title='bbox 1870 783 2040 858; x_wconf 87' lang='lat' dir='ltr'><strong>peccatum</strong></span> <span class='ocrx_word' id='word_1_40' title='bbox 2061 798 2191 861; x_wconf 89' lang='lat' dir='ltr'><strong>semper</strong></span> 
     </span>
     <span class='ocr_line' id='line_1_4' title="bbox 187 797 2197 952; baseline -0.001 -20"><span class='ocrx_word' id='word_1_41' title='bbox 187 868 317 952; x_wconf 88' lang='lat' dir='ltr'><strong>proprie</strong></span> <span class='ocrx_word' id='word_1_42' title='bbox 350 867 385 930; x_wconf 92' lang='lat' dir='ltr'><strong>in</strong></span> <span class='ocrx_word' id='word_1_43' title='bbox 419 865 588 948; x_wconf 84' lang='lat' dir='ltr'><strong>scripturis</strong></span> <span class='ocrx_word' id='word_1_44' title='bbox 619 871 790 947; x_wconf 88' lang='lat' dir='ltr'><strong>peccatum</strong></span> <span class='ocrx_word' id='word_1_45' title='bbox 822 863 1016 927; x_wconf 90' lang='lat' dir='ltr'><strong>nominatur.</strong></span> <span class='ocrx_word' id='word_1_46' title='bbox 1069 797 1163 941; x_wconf 52' lang='lat' dir='ltr'><strong>{uae</strong></span> <span class='ocrx_word' id='word_1_47' title='bbox 1201 863 1250 927; x_wconf 82' lang='lat' dir='ltr'><strong>&#39;in</strong></span> <span class='ocrx_word' id='word_1_48' title='bbox 1277 862 1370 927; x_wconf 90' lang='lat' dir='ltr'><strong>nobis</strong></span> <span class='ocrx_word' id='word_1_49' title='bbox 1397 861 1553 926; x_wconf 90' lang='lat' dir='ltr'><strong>babitare.</strong></span> <span class='ocrx_word' id='word_1_50' title='bbox 1605 861 1693 934; x_wconf 80' lang='lat' dir='ltr'><strong>Non,</strong></span> <span class='ocrx_word' id='word_1_51' title='bbox 1712 863 1748 927; x_wconf 92' lang='lat' dir='ltr'><strong>in</strong></span> <span class='ocrx_word' id='word_1_52' title='bbox 1776 862 1838 926; x_wconf 94' lang='lat' dir='ltr'><strong>hoc</strong></span> <span class='ocrx_word' id='word_1_53' title='bbox 1869 859 2022 927; x_wconf 89' lang='lat' dir='ltr'><strong>dicuntur</strong></span> <span class='ocrx_word' id='word_1_54' title='bbox 2045 863 2124 941; x_wconf 88' lang='lat' dir='ltr'><strong>ista,</strong></span> <span class='ocrx_word' id='word_1_55' title='bbox 2158 869 2197 929; x_wconf 91' lang='lat' dir='ltr'><strong>ut</strong></span> 
     </span>
     <span class='ocr_line' id='line_1_5' title="bbox 187 945 2195 1035; baseline -0.002 -15"><span class='ocrx_word' id='word_1_56' title='bbox 187 975 265 1020; x_wconf 84' lang='lat' dir='ltr'><strong>vero</strong></span> <span class='ocrx_word' id='word_1_57' title='bbox 293 952 370 1018; x_wconf 92' lang='lat' dir='ltr'><strong>inde</strong></span> <span class='ocrx_word' id='word_1_58' title='bbox 397 956 570 1035; x_wconf 88' lang='lat' dir='ltr'><strong>emergunt</strong></span> <span class='ocrx_word' id='word_1_59' title='bbox 594 971 708 1033; x_wconf 87' lang='lat' dir='ltr'><strong>opera,</strong></span> <span class='ocrx_word' id='word_1_60' title='bbox 743 949 851 1032; x_wconf 90' lang='lat' dir='ltr'><strong>qualia</strong></span> <span class='ocrx_word' id='word_1_61' title='bbox 883 956 961 1013; x_wconf 90' lang='lat' dir='ltr'><strong>sunt</strong></span> <span class='ocrx_word' id='word_1_62' title='bbox 992 946 1161 1024; x_wconf 89' lang='lat' dir='ltr'><strong>adulteria,</strong></span> <span class='ocrx_word' id='word_1_63' title='bbox 1215 948 1356 1031; x_wconf 88' lang='lat' dir='ltr'><strong>peccatis</strong></span> <span class='ocrx_word' id='word_1_64' title='bbox 1378 949 1445 1012; x_wconf 89' lang='lat' dir='ltr'><strong>suis</strong></span> <span class='ocrx_word' id='word_1_65' title='bbox 1468 968 1581 1012; x_wconf 90' lang='lat' dir='ltr'><strong>secure</strong></span> <span class='ocrx_word' id='word_1_66' title='bbox 1600 945 1800 1012; x_wconf 89' lang='lat' dir='ltr'><strong>indormiant</strong></span> <span class='ocrx_word' id='word_1_67' title='bbox 1820 950 2021 1031; x_wconf 83' lang='lat' dir='ltr'><strong>peccatores,</strong></span> <span class='ocrx_word' id='word_1_68' title='bbox 2044 948 2102 1013; x_wconf 89' lang='lat' dir='ltr'><strong>sed</strong></span> <span class='ocrx_word' id='word_1_69' title='bbox 2120 955 2195 1015; x_wconf 88' lang='lat' dir='ltr'><strong>tan-</strong></span> 
     </span>
     <span class='ocr_line' id='line_1_6' title="bbox 188 1032 2195 1118; baseline -0.002 -12"><span class='ocrx_word' id='word_1_70' title='bbox 188 1040 413 1116; x_wconf 89' lang='lat' dir='ltr'><strong>soortationes,</strong></span> <span class='ocrx_word' id='word_1_71' title='bbox 443 1038 546 1115; x_wconf 82' lang='lat' dir='ltr'><strong>firrta,</strong></span> <span class='ocrx_word' id='word_1_72' title='bbox 574 1035 661 1115; x_wconf 90' lang='lat' dir='ltr'><strong>odia,</strong></span> <span class='ocrx_word' id='word_1_73' title='bbox 690 1035 925 1113; x_wconf 80' lang='lat' dir='ltr'><strong>contentiones,</strong></span> <span class='ocrx_word' id='word_1_74' title='bbox 955 1033 1087 1112; x_wconf 88' lang='lat' dir='ltr'><strong>caedes,</strong></span> <span class='ocrx_word' id='word_1_75' title='bbox 1110 1053 1163 1097; x_wconf 93' lang='lat' dir='ltr'><strong>co-</strong></span> <span class='ocrx_word' id='word_1_76' title='bbox 1216 1042 1303 1112; x_wconf 91' lang='lat' dir='ltr'><strong>tum,</strong></span> <span class='ocrx_word' id='word_1_77' title='bbox 1333 1055 1374 1098; x_wconf 91' lang='lat' dir='ltr'><strong>ne</strong></span> <span class='ocrx_word' id='word_1_78' title='bbox 1400 1033 1569 1098; x_wconf 86' lang='lat' dir='ltr'><strong>labescant</strong></span> <span class='ocrx_word' id='word_1_79' title='bbox 1596 1039 1629 1098; x_wconf 89' lang='lat' dir='ltr'><strong>et</strong></span> <span class='ocrx_word' id='word_1_80' title='bbox 1656 1033 1802 1098; x_wconf 90' lang='lat' dir='ltr'><strong>animum</strong></span> <span class='ocrx_word' id='word_1_81' title='bbox 1830 1032 2067 1116; x_wconf 76' lang='lat' dir='ltr'>despondeant,</span> <span class='ocrx_word' id='word_1_82' title='bbox 2096 1036 2195 1118; x_wconf 91' lang='lat' dir='ltr'><strong>quia</strong></span> 
     </span>
     <span class='ocr_line' id='line_1_7' title="bbox 187 1119 2193 1209; baseline -0.003 -18"><span class='ocrx_word' id='word_1_83' title='bbox 187 1126 415 1202; x_wconf 87' lang='lat' dir='ltr'><strong>messationes,</strong></span> <span class='ocrx_word' id='word_1_84' title='bbox 447 1120 486 1209; x_wconf 91' lang='lat' dir='ltr'><strong>[p.</strong></span> <span class='ocrx_word' id='word_1_85' title='bbox 505 1120 581 1209; x_wconf 75' lang='lat'>224]</span> <span class='ocrx_word' id='word_1_86' title='bbox 605 1122 729 1186; x_wconf 80' lang='lat' dir='ltr'><strong>fructus</strong></span> <span class='ocrx_word' id='word_1_87' title='bbox 753 1121 877 1203; x_wconf 90' lang='lat' dir='ltr'><strong>peccati</strong></span> <span class='ocrx_word' id='word_1_88' title='bbox 898 1120 1019 1202; x_wconf 88' lang='lat' dir='ltr'><strong>magis,</strong></span> <span class='ocrx_word' id='word_1_89' title='bbox 1049 1139 1163 1183; x_wconf 89' lang='lat' dir='ltr'><strong>secun·</strong></span> <span class='ocrx_word' id='word_1_90' title='bbox 1217 1142 1315 1186; x_wconf 90' lang='lat' dir='ltr'><strong>carne</strong></span> <span class='ocrx_word' id='word_1_91' title='bbox 1333 1141 1392 1184; x_wconf 92' lang='lat' dir='ltr'><strong>sua</strong></span> <span class='ocrx_word' id='word_1_92' title='bbox 1410 1119 1594 1199; x_wconf 81' lang='lat' dir='ltr'><strong>titillantur,</strong></span> <span class='ocrx_word' id='word_1_93' title='bbox 1618 1126 1825 1198; x_wconf 77' lang='lat' dir='ltr'><strong>exercentur,</strong></span> <span class='ocrx_word' id='word_1_94' title='bbox 1854 1127 2060 1205; x_wconf 79' lang='lat' dir='ltr'><strong>pungtmtur;</strong></span> <span class='ocrx_word' id='word_1_95' title='bbox 2087 1122 2193 1206; x_wconf 88' lang='lat' dir='ltr'><strong>magis</strong></span> 
     </span>
     <span class='ocr_line' id='line_1_8' title="bbox 189 1204 2196 1291; baseline -0.002 -13"><span class='ocrx_word' id='word_1_96' title='bbox 189 1211 268 1278; x_wconf 89' lang='lat' dir='ltr'><strong>dum</strong></span> <span class='ocrx_word' id='word_1_97' title='bbox 279 1232 353 1276; x_wconf 89' lang='lat' dir='ltr'><strong>eam</strong></span> <span class='ocrx_word' id='word_1_98' title='bbox 369 1210 537 1287; x_wconf 88' lang='lat' dir='ltr'><strong>rationem,</strong></span> <span class='ocrx_word' id='word_1_99' title='bbox 556 1209 666 1273; x_wconf 89' lang='lat' dir='ltr'><strong>vocari</strong></span> <span class='ocrx_word' id='word_1_100' title='bbox 684 1206 812 1284; x_wconf 87' lang='lat' dir='ltr'><strong>debent,</strong></span> <span class='ocrx_word' id='word_1_101' title='bbox 835 1227 1021 1289; x_wconf 88' lang='lat' dir='ltr'><strong>quanquam</strong></span> <span class='ocrx_word' id='word_1_102' title='bbox 1038 1210 1072 1269; x_wconf 91' lang='lat' dir='ltr'><strong>et</strong></span> <span class='ocrx_word' id='word_1_103' title='bbox 1088 1225 1164 1288; x_wconf 88' lang='lat' dir='ltr'><strong>peo-</strong></span> <span class='ocrx_word' id='word_1_104' title='bbox 1217 1207 1360 1289; x_wconf 85' lang='lat' dir='ltr'><strong>cogitent</strong></span> <span class='ocrx_word' id='word_1_105' title='bbox 1387 1227 1422 1270; x_wconf 91' lang='lat' dir='ltr'><strong>so</strong></span> <span class='ocrx_word' id='word_1_106' title='bbox 1449 1206 1485 1268; x_wconf 92' lang='lat' dir='ltr'><strong>in</strong></span> <span class='ocrx_word' id='word_1_107' title='bbox 1506 1205 1561 1270; x_wconf 84' lang='lat' dir='ltr'><strong>ria</strong></span> <span class='ocrx_word' id='word_1_108' title='bbox 1589 1204 1696 1271; x_wconf 91' lang='lat' dir='ltr'><strong>adhuc</strong></span> <span class='ocrx_word' id='word_1_109' title='bbox 1724 1227 1809 1287; x_wconf 89' lang='lat' dir='ltr'><strong>esse,</strong></span> <span class='ocrx_word' id='word_1_110' title='bbox 1838 1212 1872 1270; x_wconf 88' lang='lat' dir='ltr'><strong>et</strong></span> <span class='ocrx_word' id='word_1_111' title='bbox 1896 1207 2038 1272; x_wconf 75' lang='lat' dir='ltr'><strong>mtdtum</strong></span> <span class='ocrx_word' id='word_1_112' title='bbox 2059 1229 2094 1273; x_wconf 91' lang='lat' dir='ltr'><strong>se</strong></span> <span class='ocrx_word' id='word_1_113' title='bbox 2120 1229 2196 1291; x_wconf 89' lang='lat' dir='ltr'><strong>pro-</strong></span> 
     </span>
     <span class='ocr_line' id='line_1_9' title="bbox 189 1290 2211 1379; baseline -0.002 -15"><span class='ocrx_word' id='word_1_114' title='bbox 189 1304 262 1365; x_wconf 86' lang='lat' dir='ltr'><strong>cata</strong></span> <span class='ocrx_word' id='word_1_115' title='bbox 282 1317 379 1379; x_wconf 80' lang='lat' dir='ltr'><strong>saepe</strong></span> <span class='ocrx_word' id='word_1_116' title='bbox 400 1297 436 1359; x_wconf 93' lang='lat' dir='ltr'><strong>in</strong></span> <span class='ocrx_word' id='word_1_117' title='bbox 457 1295 619 1376; x_wconf 88' lang='lat' dir='ltr'><strong>scriptura</strong></span> <span class='ocrx_word' id='word_1_118' title='bbox 638 1298 877 1375; x_wconf 89' lang='lat' dir='ltr'><strong>nuncupantur.</strong></span> <span class='ocrx_word' id='word_1_119' title='bbox 1216 1292 1331 1358; x_wconf 87' lang='lat' dir='ltr'><strong>fecisse</strong></span> <span class='ocrx_word' id='word_1_120' title='bbox 1359 1290 1509 1371; x_wconf 88' lang='lat' dir='ltr'><strong>credant,</strong></span> <span class='ocrx_word' id='word_1_121' title='bbox 1536 1313 1612 1357; x_wconf 92' lang='lat' dir='ltr'><strong>cum</strong></span> <span class='ocrx_word' id='word_1_122' title='bbox 1638 1313 1657 1357; x_wconf 88' lang='lat' dir='ltr'><strong>e</strong></span> <span class='ocrx_word' id='word_1_123' title='bbox 1680 1313 1740 1357; x_wconf 90' lang='lat' dir='ltr'><strong>sua</strong></span> <span class='ocrx_word' id='word_1_124' title='bbox 1761 1293 2021 1376; x_wconf 88' lang='lat' dir='ltr'><strong>concupiscentia</strong></span> <span class='ocrx_word' id='word_1_125' title='bbox 2049 1293 2211 1378; x_wconf 71' lang='lat' dir='ltr'><strong>aliquam.</strong></span> 
     </span>
    </p>

    <p class='ocr_par' dir='ltr' id='par_1_3' title="bbox 188 1376 2195 1640">
     <span class='ocr_line' id='line_1_10' title="bbox 273 1376 2195 1465; baseline -0.001 -17"><span class='ocrx_word' id='word_1_126' title='bbox 273 1383 367 1448; x_wconf 89' lang='lat' dir='ltr'><strong>Haeo</strong></span> <span class='ocrx_word' id='word_1_127' title='bbox 394 1382 504 1463; x_wconf 88' lang='lat' dir='ltr'><strong>itaque</strong></span> <span class='ocrx_word' id='word_1_128' title='bbox 530 1379 594 1444; x_wconf 93' lang='lat' dir='ltr'><strong>duo</strong></span> <span class='ocrx_word' id='word_1_129' title='bbox 622 1378 771 1444; x_wconf 85' lang='lat' dir='ltr'><strong>distincte</strong></span> <span class='ocrx_word' id='word_1_130' title='bbox 800 1377 1018 1464; x_wconf 72' lang='lat' dir='ltr'><strong>observanda,</strong></span> <span class='ocrx_word' id='word_1_131' title='bbox 1047 1396 1165 1458; x_wconf 86' lang='lat' dir='ltr'><strong>nempe</strong></span> <span class='ocrx_word' id='word_1_132' title='bbox 1218 1377 1325 1443; x_wconf 92' lang='lat' dir='ltr'><strong>tulum</strong></span> <span class='ocrx_word' id='word_1_133' title='bbox 1353 1378 1458 1441; x_wconf 91' lang='lat' dir='ltr'><strong>minui</strong></span> <span class='ocrx_word' id='word_1_134' title='bbox 1483 1376 1588 1442; x_wconf 91' lang='lat' dir='ltr'><strong>indies</strong></span> <span class='ocrx_word' id='word_1_135' title='bbox 1610 1378 1785 1458; x_wconf 89' lang='lat' dir='ltr'><strong>senserint;</strong></span> <span class='ocrx_word' id='word_1_136' title='bbox 1813 1378 1914 1445; x_wconf 92' lang='lat' dir='ltr'><strong>donec</strong></span> <span class='ocrx_word' id='word_1_137' title='bbox 1936 1401 1974 1444; x_wconf 91' lang='lat' dir='ltr'><strong>eo</strong></span> <span class='ocrx_word' id='word_1_138' title='bbox 2000 1381 2195 1465; x_wconf 89' lang='lat' dir='ltr'><strong>pertigerint</strong></span> 
     </span>
     <span class='ocr_line' id='line_1_11' title="bbox 189 1462 2194 1554; baseline -0.001 -18"><span class='ocrx_word' id='word_1_139' title='bbox 189 1468 275 1554; x_wconf 91' lang='lat' dir='ltr'><strong>quod</strong></span> <span class='ocrx_word' id='word_1_140' title='bbox 302 1469 349 1534; x_wconf 90' lang='lat' dir='ltr'><strong>sic</strong></span> <span class='ocrx_word' id='word_1_141' title='bbox 376 1467 526 1532; x_wconf 90' lang='lat' dir='ltr'><strong>omnibus</strong></span> <span class='ocrx_word' id='word_1_142' title='bbox 558 1471 696 1530; x_wconf 90' lang='lat' dir='ltr'><strong>naturae</strong></span> <span class='ocrx_word' id='word_1_143' title='bbox 722 1468 853 1529; x_wconf 87' lang='lat' dir='ltr'><strong>nostrae</strong></span> <span class='ocrx_word' id='word_1_144' title='bbox 885 1463 1032 1546; x_wconf 92' lang='lat' dir='ltr'><strong>partibus</strong></span> <span class='ocrx_word' id='word_1_145' title='bbox 1058 1462 1165 1528; x_wconf 80' lang='lat' dir='ltr'><strong>vitiati</strong></span> <span class='ocrx_word' id='word_1_146' title='bbox 1217 1484 1281 1547; x_wconf 91' lang='lat' dir='ltr'><strong>quo</strong></span> <span class='ocrx_word' id='word_1_147' title='bbox 1311 1462 1463 1541; x_wconf 82' lang='lat' dir='ltr'><strong>tendunt„</strong></span> <span class='ocrx_word' id='word_1_148' title='bbox 1491 1484 1608 1546; x_wconf 89' lang='lat' dir='ltr'><strong>nempe</strong></span> <span class='ocrx_word' id='word_1_149' title='bbox 1635 1463 1677 1528; x_wconf 90' lang='lat' dir='ltr'><strong>ad</strong></span> <span class='ocrx_word' id='word_1_150' title='bbox 1703 1463 1857 1530; x_wconf 91' lang='lat' dir='ltr'><strong>ultimum</strong></span> <span class='ocrx_word' id='word_1_151' title='bbox 1883 1465 2053 1531; x_wconf 88' lang='lat' dir='ltr'><strong>interitum</strong></span> <span class='ocrx_word' id='word_1_152' title='bbox 2085 1467 2194 1534; x_wconf 88' lang='lat' dir='ltr'><strong>carnis</strong></span> 
     </span>
     <span class='ocr_line' id='line_1_12' title="bbox 188 1548 2193 1640; baseline -0.001 -20"><span class='ocrx_word' id='word_1_153' title='bbox 188 1555 406 1640; x_wconf 85' lang='lat' dir='ltr'><strong>perversique,</strong></span> <span class='ocrx_word' id='word_1_154' title='bbox 441 1553 509 1617; x_wconf 92' lang='lat' dir='ltr'><strong>iam</strong></span> <span class='ocrx_word' id='word_1_155' title='bbox 536 1552 577 1616; x_wconf 94' lang='lat' dir='ltr'><strong>ob</strong></span> <span class='ocrx_word' id='word_1_156' title='bbox 605 1551 706 1615; x_wconf 89' lang='lat' dir='ltr'><strong>talem</strong></span> <span class='ocrx_word' id='word_1_157' title='bbox 737 1549 898 1616; x_wconf 78' lang='lat' dir='ltr'><strong>duntaxat</strong></span> <span class='ocrx_word' id='word_1_158' title='bbox 925 1549 1165 1632; x_wconf 77' lang='lat' dir='ltr'><strong>corruptionem</strong></span> <span class='ocrx_word' id='word_1_159' title='bbox 1218 1571 1304 1628; x_wconf 89' lang='lat' dir='ltr'><strong>suae,</strong></span> <span class='ocrx_word' id='word_1_160' title='bbox 1328 1550 1384 1632; x_wconf 90' lang='lat' dir='ltr'><strong>qui</strong></span> <span class='ocrx_word' id='word_1_161' title='bbox 1404 1549 1440 1613; x_wconf 88' lang='lat' dir='ltr'><strong>in</strong></span> <span class='ocrx_word' id='word_1_162' title='bbox 1461 1548 1559 1614; x_wconf 92' lang='lat' dir='ltr'><strong>huius</strong></span> <span class='ocrx_word' id='word_1_163' title='bbox 1577 1550 1664 1615; x_wconf 86' lang='lat' dir='ltr'><strong>vitae</strong></span> <span class='ocrx_word' id='word_1_164' title='bbox 1681 1550 1828 1616; x_wconf 91' lang='lat' dir='ltr'><strong>mortalis</strong></span> <span class='ocrx_word' id='word_1_165' title='bbox 1845 1551 1980 1616; x_wconf 86' lang='lat' dir='ltr'><strong>interitu</strong></span> <span class='ocrx_word' id='word_1_166' title='bbox 1997 1553 2193 1635; x_wconf 87' lang='lat' dir='ltr'><strong>perficietur.</strong></span> 
     </span>
    </p>
   </div>
   <div class='ocr_carea' id='block_1_3' title="bbox 66 1633 2195 1720">
    <p class='ocr_par' dir='ltr' id='par_1_4' title="bbox 66 1633 2195 1720">
     <span class='ocr_line' id='line_1_13' title="bbox 66 1633 2195 1720; baseline 0 -15"><span class='ocrx_word' id='word_1_167' title='bbox 66 1654 80 1693; x_wconf 81' lang='grc'><strong>-’</strong></span> <span class='ocrx_word' id='word_1_168' title='bbox 189 1641 336 1706; x_wconf 88' lang='lat' dir='ltr'><strong>damnati</strong></span> <span class='ocrx_word' id='word_1_169' title='bbox 367 1639 499 1716; x_wconf 90' lang='lat' dir='ltr'><strong>merito,</strong></span> <span class='ocrx_word' id='word_1_170' title='bbox 537 1637 753 1720; x_wconf 88' lang='lat' dir='ltr'><strong>convictique</strong></span> <span class='ocrx_word' id='word_1_171' title='bbox 770 1655 881 1701; x_wconf 90' lang='lat' dir='ltr'><strong>coram</strong></span> <span class='ocrx_word' id='word_1_172' title='bbox 906 1637 979 1701; x_wconf 91' lang='lat' dir='ltr'><strong>Deo</strong></span> <span class='ocrx_word' id='word_1_173' title='bbox 1005 1642 1164 1712; x_wconf 85' lang='lat' dir='ltr'><strong>tenemur,</strong></span> <span class='ocrx_word' id='word_1_174' title='bbox 1219 1633 1276 1701; x_wconf 84' lang='lat' dir='ltr'><strong>Sic</strong></span> <span class='ocrx_word' id='word_1_175' title='bbox 1297 1656 1375 1719; x_wconf 91' lang='lat' dir='ltr'><strong>ergo</strong></span> <span class='ocrx_word' id='word_1_176' title='bbox 1403 1634 1591 1700; x_wconf 90' lang='lat' dir='ltr'><strong>habendum</strong></span> <span class='ocrx_word' id='word_1_177' title='bbox 1616 1641 1674 1701; x_wconf 88' lang='lat' dir='ltr'><strong>est.</strong></span> <span class='ocrx_word' id='word_1_178' title='bbox 1723 1635 1935 1719; x_wconf 90' lang='lat' dir='ltr'><strong>Baptisamur</strong></span> <span class='ocrx_word' id='word_1_179' title='bbox 1957 1639 1993 1702; x_wconf 93' lang='lat' dir='ltr'><strong>in</strong></span> <span class='ocrx_word' id='word_1_180' title='bbox 2020 1639 2195 1706; x_wconf 89' lang='lat' dir='ltr'><strong>mortifica·</strong></span> 
     </span>
    </p>
   </div>
   <div class='ocr_carea' id='block_1_4' title="bbox 188 1721 2200 2149">
    <p class='ocr_par' dir='ltr' id='par_1_5' title="bbox 188 1721 2200 2149">
     <span class='ocr_line' id='line_1_14' title="bbox 189 1721 2200 1806; baseline -0.001 -13"><span class='ocrx_word' id='word_1_181' title='bbox 189 1728 242 1793; x_wconf 85' lang='lat' dir='ltr'><strong>cni</strong></span> <span class='ocrx_word' id='word_1_182' title='bbox 261 1725 346 1791; x_wconf 90' lang='lat' dir='ltr'><strong>nihil</strong></span> <span class='ocrx_word' id='word_1_183' title='bbox 367 1732 416 1790; x_wconf 91' lang='lat' dir='ltr'><strong>est</strong></span> <span class='ocrx_word' id='word_1_184' title='bbox 438 1730 619 1806; x_wconf 85' lang='lat' dir='ltr'><strong>acceptum,</strong></span> <span class='ocrx_word' id='word_1_185' title='bbox 642 1723 705 1788; x_wconf 89' lang='lat' dir='ltr'><strong>nisi</strong></span> <span class='ocrx_word' id='word_1_186' title='bbox 726 1722 865 1801; x_wconf 90' lang='lat' dir='ltr'><strong>iustitia,</strong></span> <span class='ocrx_word' id='word_1_187' title='bbox 888 1723 1082 1799; x_wconf 89' lang='lat' dir='ltr'><strong>innocentia,</strong></span> <span class='ocrx_word' id='word_1_188' title='bbox 1105 1741 1188 1803; x_wconf 86' lang='lat' dir='ltr'><strong>pu··</strong></span> <span class='ocrx_word' id='word_1_189' title='bbox 1218 1725 1341 1786; x_wconf 84' lang='lat' dir='ltr'><strong>tionem</strong></span> <span class='ocrx_word' id='word_1_190' title='bbox 1362 1721 1470 1786; x_wconf 92' lang='lat' dir='ltr'><strong>oarnis</strong></span> <span class='ocrx_word' id='word_1_191' title='bbox 1492 1727 1632 1801; x_wconf 87' lang='lat' dir='ltr'><strong>nostrae,</strong></span> <span class='ocrx_word' id='word_1_192' title='bbox 1654 1743 1737 1805; x_wconf 88' lang='lat' dir='ltr'><strong>quae</strong></span> <span class='ocrx_word' id='word_1_193' title='bbox 1748 1726 1779 1787; x_wconf 83' lang='lat' dir='ltr'><strong>&#39;a</strong></span> <span class='ocrx_word' id='word_1_194' title='bbox 1799 1724 1960 1806; x_wconf 87' lang='lat' dir='ltr'><strong>baptismo</strong></span> <span class='ocrx_word' id='word_1_195' title='bbox 1981 1725 2018 1789; x_wconf 94' lang='lat' dir='ltr'><strong>in</strong></span> <span class='ocrx_word' id='word_1_196' title='bbox 2038 1727 2131 1791; x_wconf 89' lang='lat' dir='ltr'><strong>nobis</strong></span> <span class='ocrx_word' id='word_1_197' title='bbox 2148 1727 2200 1791; x_wconf 91' lang='lat' dir='ltr'><strong>in·</strong></span> 
     </span>
     <span class='ocr_line' id='line_1_15' title="bbox 188 1807 2198 1894; baseline -0 -16"><span class='ocrx_word' id='word_1_198' title='bbox 188 1814 277 1878; x_wconf 90' lang='lat' dir='ltr'><strong>ritas.</strong></span> <span class='ocrx_word' id='word_1_199' title='bbox 328 1811 438 1894; x_wconf 83' lang='lat' dir='ltr'><strong>Atque</strong></span> <span class='ocrx_word' id='word_1_200' title='bbox 464 1809 545 1875; x_wconf 88' lang='lat' dir='ltr'><strong>adeo</strong></span> <span class='ocrx_word' id='word_1_201' title='bbox 571 1809 712 1873; x_wconf 85' lang='lat' dir='ltr'><strong>infantes</strong></span> <span class='ocrx_word' id='word_1_202' title='bbox 740 1828 867 1892; x_wconf 92' lang='lat' dir='ltr'><strong>quoque</strong></span> <span class='ocrx_word' id='word_1_203' title='bbox 893 1809 971 1891; x_wconf 92' lang='lat' dir='ltr'><strong>ipsi,</strong></span> <span class='ocrx_word' id='word_1_204' title='bbox 1000 1828 1094 1872; x_wconf 88' lang='lat' dir='ltr'><strong>suam</strong></span> <span class='ocrx_word' id='word_1_205' title='bbox 1115 1827 1166 1871; x_wconf 91' lang='lat' dir='ltr'><strong>se·</strong></span> <span class='ocrx_word' id='word_1_206' title='bbox 1219 1807 1364 1886; x_wconf 90' lang='lat' dir='ltr'><strong>choatur,</strong></span> <span class='ocrx_word' id='word_1_207' title='bbox 1387 1829 1486 1891; x_wconf 92' lang='lat' dir='ltr'><strong>quam</strong></span> <span class='ocrx_word' id='word_1_208' title='bbox 1508 1807 1651 1890; x_wconf 90' lang='lat' dir='ltr'><strong>quotidie</strong></span> <span class='ocrx_word' id='word_1_209' title='bbox 1672 1810 1899 1892; x_wconf 91' lang='lat' dir='ltr'><strong>prosequimur</strong></span> <span class='ocrx_word' id='word_1_210' title='bbox 1906 1835 1915 1890; x_wconf 88' lang='lat'>;</span> <span class='ocrx_word' id='word_1_211' title='bbox 1932 1811 2119 1894; x_wconf 90' lang='lat' dir='ltr'><strong>perficietur</strong></span> <span class='ocrx_word' id='word_1_212' title='bbox 2139 1834 2198 1878; x_wconf 91' lang='lat' dir='ltr'><strong>au·</strong></span> 
     </span>
     <span class='ocr_line' id='line_1_16' title="bbox 189 1893 2197 1979; baseline -0.001 -14"><span class='ocrx_word' id='word_1_213' title='bbox 189 1920 265 1965; x_wconf 88' lang='lat' dir='ltr'><strong>oum</strong></span> <span class='ocrx_word' id='word_1_214' title='bbox 286 1897 529 1962; x_wconf 83' lang='lat' dir='ltr'><strong>damnationem</strong></span> <span class='ocrx_word' id='word_1_215' title='bbox 555 1916 573 1959; x_wconf 92' lang='lat' dir='ltr'><strong>e</strong></span> <span class='ocrx_word' id='word_1_216' title='bbox 600 1895 715 1959; x_wconf 90' lang='lat' dir='ltr'><strong>matris</strong></span> <span class='ocrx_word' id='word_1_217' title='bbox 738 1899 831 1960; x_wconf 89' lang='lat' dir='ltr'><strong>utero</strong></span> <span class='ocrx_word' id='word_1_218' title='bbox 854 1895 1010 1974; x_wconf 82' lang='lat' dir='ltr'><strong>afferrmt3</strong></span> <span class='ocrx_word' id='word_1_219' title='bbox 1039 1893 1095 1975; x_wconf 92' lang='lat' dir='ltr'><strong>qui</strong></span> <span class='ocrx_word' id='word_1_220' title='bbox 1117 1897 1166 1956; x_wconf 80' lang='lat' dir='ltr'><strong>ta·</strong></span> <span class='ocrx_word' id='word_1_221' title='bbox 1219 1898 1301 1972; x_wconf 91' lang='lat' dir='ltr'><strong>tem,</strong></span> <span class='ocrx_word' id='word_1_222' title='bbox 1335 1914 1411 1957; x_wconf 90' lang='lat' dir='ltr'><strong>cum</strong></span> <span class='ocrx_word' id='word_1_223' title='bbox 1438 1915 1481 1958; x_wconf 91' lang='lat' dir='ltr'><strong>ex</strong></span> <span class='ocrx_word' id='word_1_224' title='bbox 1507 1894 1570 1960; x_wconf 88' lang='lat' dir='ltr'><strong>hac</strong></span> <span class='ocrx_word' id='word_1_225' title='bbox 1602 1895 1671 1960; x_wconf 81' lang='lat' dir='ltr'><strong>vita</strong></span> <span class='ocrx_word' id='word_1_226' title='bbox 1698 1895 1912 1979; x_wconf 78' lang='lat' dir='ltr'><strong>migrabimus</strong></span> <span class='ocrx_word' id='word_1_227' title='bbox 1939 1895 1982 1961; x_wconf 88' lang='lat' dir='ltr'><strong>ad</strong></span> <span class='ocrx_word' id='word_1_228' title='bbox 2007 1898 2197 1963; x_wconf 92' lang='lat' dir='ltr'><strong>Dominum.</strong></span> 
     </span>
     <span class='ocr_line' id='line_1_17' title="bbox 188 1978 2197 2065; baseline -0 -16"><span class='ocrx_word' id='word_1_229' title='bbox 188 1985 286 2050; x_wconf 89' lang='lat' dir='ltr'><strong>metsi</strong></span> <span class='ocrx_word' id='word_1_230' title='bbox 313 2004 391 2048; x_wconf 89' lang='lat' dir='ltr'><strong>suae</strong></span> <span class='ocrx_word' id='word_1_231' title='bbox 422 1981 602 2065; x_wconf 88' lang='lat' dir='ltr'><strong>iniquitatis</strong></span> <span class='ocrx_word' id='word_1_232' title='bbox 628 1980 754 2046; x_wconf 75' lang='lat' dir='ltr'><strong>huctus</strong></span> <span class='ocrx_word' id='word_1_233' title='bbox 786 1979 931 2045; x_wconf 92' lang='lat' dir='ltr'><strong>nondum</strong></span> <span class='ocrx_word' id='word_1_234' title='bbox 963 1978 1166 2062; x_wconf 88' lang='lat' dir='ltr'><strong>protulerint,</strong></span> <span class='ocrx_word' id='word_1_235' title='bbox 1219 1980 1406 2059; x_wconf 89' lang='lat' dir='ltr'><strong>Postremo,</strong></span> <span class='ocrx_word' id='word_1_236' title='bbox 1436 1987 1470 2043; x_wconf 91' lang='lat' dir='ltr'><strong>et</strong></span> <span class='ocrx_word' id='word_1_237' title='bbox 1495 1979 1622 2046; x_wconf 86' lang='lat' dir='ltr'><strong>hence</strong></span> <span class='ocrx_word' id='word_1_238' title='bbox 1649 1981 1809 2064; x_wconf 89' lang='lat' dir='ltr'><strong>baptismo</strong></span> <span class='ocrx_word' id='word_1_239' title='bbox 1836 1982 2088 2048; x_wconf 90' lang='lat' dir='ltr'><strong>consolationem</strong></span> <span class='ocrx_word' id='word_1_240' title='bbox 2114 1982 2197 2049; x_wconf 88' lang='lat' dir='ltr'><strong>fides</strong></span> 
     </span>
     <span class='ocr_line' id='line_1_18' title="bbox 189 2065 2197 2149; baseline -0 -13"><span class='ocrx_word' id='word_1_241' title='bbox 189 2071 314 2136; x_wconf 89' lang='lat' dir='ltr'><strong>habent</strong></span> <span class='ocrx_word' id='word_1_242' title='bbox 339 2077 452 2134; x_wconf 85' lang='lat' dir='ltr'><strong>tamen</strong></span> <span class='ocrx_word' id='word_1_243' title='bbox 480 2069 514 2132; x_wconf 93' lang='lat' dir='ltr'><strong>in</strong></span> <span class='ocrx_word' id='word_1_244' title='bbox 536 2088 571 2132; x_wconf 90' lang='lat' dir='ltr'><strong>se</strong></span> <span class='ocrx_word' id='word_1_245' title='bbox 596 2066 760 2132; x_wconf 89' lang='lat' dir='ltr'><strong>inclusum</strong></span> <span class='ocrx_word' id='word_1_246' title='bbox 781 2087 908 2145; x_wconf 86' lang='lat' dir='ltr'><strong>semen,</strong></span> <span class='ocrx_word' id='word_1_247' title='bbox 935 2067 1002 2130; x_wconf 91' lang='lat' dir='ltr'><strong>imo</strong></span> <span class='ocrx_word' id='word_1_248' title='bbox 1023 2069 1092 2129; x_wconf 93' lang='lat' dir='ltr'><strong>tota</strong></span> <span class='ocrx_word' id='word_1_249' title='bbox 1113 2084 1167 2128; x_wconf 91' lang='lat' dir='ltr'><strong>eo·</strong></span> <span class='ocrx_word' id='word_1_250' title='bbox 1219 2071 1332 2129; x_wconf 90' lang='lat' dir='ltr'><strong>nostra</strong></span> <span class='ocrx_word' id='word_1_251' title='bbox 1364 2065 1494 2148; x_wconf 89' lang='lat' dir='ltr'><strong>accipit,</strong></span> <span class='ocrx_word' id='word_1_252' title='bbox 1527 2065 1613 2149; x_wconf 92' lang='lat' dir='ltr'><strong>quod</strong></span> <span class='ocrx_word' id='word_1_253' title='bbox 1646 2073 1734 2132; x_wconf 90' lang='lat' dir='ltr'><strong>certo</strong></span> <span class='ocrx_word' id='word_1_254' title='bbox 1765 2067 1858 2132; x_wconf 89' lang='lat' dir='ltr'><strong>nobis</strong></span> <span class='ocrx_word' id='word_1_255' title='bbox 1890 2068 2095 2134; x_wconf 88' lang='lat' dir='ltr'><strong>testificatur:</strong></span> <span class='ocrx_word' id='word_1_256' title='bbox 2130 2091 2197 2135; x_wconf 90' lang='lat' dir='ltr'><strong>non</strong></span> 
     </span>
    </p>
   </div>
   <div class='ocr_carea' id='block_1_5' title="bbox 189 2149 2314 2237">
    <p class='ocr_par' dir='ltr' id='par_1_6' title="bbox 189 2149 2314 2237">
     <span class='ocr_line' id='line_1_19' title="bbox 189 2149 2314 2237; baseline 0.001 -15"><span class='ocrx_word' id='word_1_257' title='bbox 189 2178 265 2222; x_wconf 91' lang='lat' dir='ltr'><strong>rum</strong></span> <span class='ocrx_word' id='word_1_258' title='bbox 290 2161 411 2220; x_wconf 79' lang='lat' dir='ltr'><strong>natum</strong></span> <span class='ocrx_word' id='word_1_259' title='bbox 437 2153 600 2237; x_wconf 90' lang='lat' dir='ltr'><strong>quoddam</strong></span> <span class='ocrx_word' id='word_1_260' title='bbox 627 2158 677 2217; x_wconf 90' lang='lat' dir='ltr'><strong>est</strong></span> <span class='ocrx_word' id='word_1_261' title='bbox 700 2153 825 2236; x_wconf 88' lang='lat' dir='ltr'><strong>peccati</strong></span> <span class='ocrx_word' id='word_1_262' title='bbox 847 2172 973 2231; x_wconf 89' lang='lat' dir='ltr'><strong>semen;</strong></span> <span class='ocrx_word' id='word_1_263' title='bbox 1000 2150 1074 2215; x_wconf 90' lang='lat' dir='ltr'><strong>ideo</strong></span> <span class='ocrx_word' id='word_1_264' title='bbox 1100 2171 1167 2215; x_wconf 90' lang='lat' dir='ltr'><strong>non</strong></span> <span class='ocrx_word' id='word_1_265' title='bbox 1220 2149 1316 2215; x_wconf 94' lang='lat' dir='ltr'><strong>modo</strong></span> <span class='ocrx_word' id='word_1_266' title='bbox 1341 2152 1377 2216; x_wconf 91' lang='lat' dir='ltr'><strong>in</strong></span> <span class='ocrx_word' id='word_1_267' title='bbox 1405 2157 1545 2216; x_wconf 88' lang='lat' dir='ltr'><strong>mortem</strong></span> <span class='ocrx_word' id='word_1_268' title='bbox 1566 2158 1600 2216; x_wconf 91' lang='lat' dir='ltr'><strong>et</strong></span> <span class='ocrx_word' id='word_1_269' title='bbox 1626 2153 1729 2218; x_wconf 81' lang='lat' dir='ltr'><strong>vitam</strong></span> <span class='ocrx_word' id='word_1_270' title='bbox 1749 2152 1875 2220; x_wconf 82' lang='lat' dir='ltr'><strong>Obristi</strong></span> <span class='ocrx_word' id='word_1_271' title='bbox 1896 2177 1956 2220; x_wconf 93' lang='lat' dir='ltr'><strong>nos</strong></span> <span class='ocrx_word' id='word_1_272' title='bbox 1976 2155 2092 2220; x_wconf 90' lang='lat' dir='ltr'><strong>insitos</strong></span> <span class='ocrx_word' id='word_1_273' title='bbox 2115 2177 2194 2236; x_wconf 87' lang='lat' dir='ltr'><strong>esse,</strong></span> <span class='ocrx_word' id='word_1_274' title='bbox 2312 2215 2314 2224; x_wconf 93' lang='lat'><em>.</em></span> 
     </span>
    </p>
   </div>
   <div class='ocr_carea' id='block_1_6' title="bbox 189 2236 2200 2412">
    <p class='ocr_par' dir='ltr' id='par_1_7' title="bbox 189 2236 2200 2412">
     <span class='ocr_line' id='line_1_20' title="bbox 189 2236 2200 2321; baseline -0 -14"><span class='ocrx_word' id='word_1_275' title='bbox 189 2241 301 2308; x_wconf 88' lang='lat' dir='ltr'><strong>odiosa</strong></span> <span class='ocrx_word' id='word_1_276' title='bbox 322 2248 355 2306; x_wconf 92' lang='lat' dir='ltr'><strong>et</strong></span> <span class='ocrx_word' id='word_1_277' title='bbox 377 2239 601 2305; x_wconf 90' lang='lat' dir='ltr'><strong>abominabilis</strong></span> <span class='ocrx_word' id='word_1_278' title='bbox 623 2239 695 2302; x_wconf 90' lang='lat' dir='ltr'><strong>Deo</strong></span> <span class='ocrx_word' id='word_1_279' title='bbox 723 2259 881 2303; x_wconf 89' lang='lat' dir='ltr'><strong>essenon</strong></span> <span class='ocrx_word' id='word_1_280' title='bbox 909 2243 1023 2321; x_wconf 87' lang='lat' dir='ltr'><strong>potest.</strong></span> <span class='ocrx_word' id='word_1_281' title='bbox 1069 2236 1167 2301; x_wconf 92' lang='lat' dir='ltr'><strong>Hanc</strong></span> <span class='ocrx_word' id='word_1_282' title='bbox 1220 2236 1279 2301; x_wconf 91' lang='lat' dir='ltr'><strong>sed</strong></span> <span class='ocrx_word' id='word_1_283' title='bbox 1300 2237 1345 2302; x_wconf 92' lang='lat' dir='ltr'><strong>sio</strong></span> <span class='ocrx_word' id='word_1_284' title='bbox 1366 2237 1429 2319; x_wconf 92' lang='lat' dir='ltr'><strong>ipsi</strong></span> <span class='ocrx_word' id='word_1_285' title='bbox 1451 2236 1583 2302; x_wconf 88' lang='lat' dir='ltr'><strong>Ohristo</strong></span> <span class='ocrx_word' id='word_1_286' title='bbox 1606 2239 1714 2304; x_wconf 87' lang='lat' dir='ltr'><strong>unitos</strong></span> <span class='ocrx_word' id='word_1_287' title='bbox 1736 2246 1769 2304; x_wconf 90' lang='lat' dir='ltr'><strong>ot</strong></span> <span class='ocrx_word' id='word_1_288' title='bbox 1791 2262 1863 2305; x_wconf 91' lang='lat' dir='ltr'><strong>com</strong></span> <span class='ocrx_word' id='word_1_289' title='bbox 1886 2248 1975 2306; x_wconf 87' lang='lat' dir='ltr'><strong>actos</strong></span> <span class='ocrx_word' id='word_1_290' title='bbox 1996 2248 2034 2306; x_wconf 92' lang='lat' dir='ltr'><strong>ut</strong></span> <span class='ocrx_word' id='word_1_291' title='bbox 2051 2243 2200 2308; x_wconf 91' lang='lat' dir='ltr'><strong>omnium</strong></span> 
     </span>
     <span class='ocr_line' id='line_1_21' title="bbox 190 2262 2200 2412; baseline -0.001 -18"><span class='ocrx_word' id='word_1_292' title='bbox 190 2327 434 2399; x_wconf 84' lang='lat' dir='ltr'><strong>damnationem</strong></span> <span class='ocrx_word' id='word_1_293' title='bbox 455 2325 618 2390; x_wconf 82' lang='lat' dir='ltr'><strong>sublatam</strong></span> <span class='ocrx_word' id='word_1_294' title='bbox 639 2331 672 2388; x_wconf 89' lang='lat' dir='ltr'><strong>et</strong></span> <span class='ocrx_word' id='word_1_295' title='bbox 694 2346 714 2389; x_wconf 91' lang='lat' dir='ltr'><strong>a</strong></span> <span class='ocrx_word' id='word_1_296' title='bbox 735 2345 770 2389; x_wconf 90' lang='lat' dir='ltr'><strong>se</strong></span> <span class='ocrx_word' id='word_1_297' title='bbox 792 2323 962 2406; x_wconf 87' lang='lat' dir='ltr'><strong>depulsam</strong></span> <span class='ocrx_word' id='word_1_298' title='bbox 984 2344 1063 2402; x_wconf 87' lang='lat' dir='ltr'><strong>esse,</strong></span> <span class='ocrx_word' id='word_1_299' title='bbox 1086 2323 1168 2389; x_wconf 89' lang='lat' dir='ltr'><strong>certi</strong></span> <span class='ocrx_word' id='word_1_300' title='bbox 1220 2323 1290 2387; x_wconf 88' lang='lat' dir='ltr'><strong>eius</strong></span> <span class='ocrx_word' id='word_1_301' title='bbox 1322 2323 1482 2388; x_wconf 92' lang='lat' dir='ltr'><strong>bonorum</strong></span> <span class='ocrx_word' id='word_1_302' title='bbox 1516 2323 1690 2407; x_wconf 89' lang='lat' dir='ltr'><strong>participes</strong></span> <span class='ocrx_word' id='word_1_303' title='bbox 1723 2326 1825 2391; x_wconf 91' lang='lat' dir='ltr'><strong>simus</strong></span> <span class='ocrx_word' id='word_1_304' title='bbox 1857 2262 1991 2411; x_wconf 65' lang='lat' dir='ltr'><strong>darach.</strong></span> <span class='ocrx_word' id='word_1_305' title='bbox 2019 2327 2063 2412; x_wconf 90' lang='lat'><strong>3).</strong></span> <span class='ocrx_word' id='word_1_306' title='bbox 2120 2328 2200 2394; x_wconf 87' lang='lat' dir='ltr'><strong>Ideo</strong></span> 
     </span>
    </p>
   </div>
   <div class='ocr_carea' id='block_1_7' title="bbox 189 2406 2332 3074">
    <p class='ocr_par' dir='ltr' id='par_1_8' title="bbox 189 2406 2332 3074">
     <span class='ocr_line' id='line_1_22' title="bbox 189 2406 2200 2508; baseline 0 -29"><span class='ocrx_word' id='word_1_307' title='bbox 189 2436 251 2499; x_wconf 91' lang='lat' dir='ltr'><strong>per</strong></span> <span class='ocrx_word' id='word_1_308' title='bbox 280 2414 480 2496; x_wconf 90' lang='lat' dir='ltr'><strong>baptismum</strong></span> <span class='ocrx_word' id='word_1_309' title='bbox 504 2410 617 2476; x_wconf 90' lang='lat' dir='ltr'><strong>fideles</strong></span> <span class='ocrx_word' id='word_1_310' title='bbox 649 2410 741 2474; x_wconf 89' lang='lat' dir='ltr'><strong>fiunt.</strong></span> <span class='ocrx_word' id='word_1_311' title='bbox 792 2406 949 2508; x_wconf 78' lang='lat' dir='ltr'><strong>Quando,</strong></span> <span class='ocrx_word' id='word_1_312' title='bbox 977 2416 1016 2473; x_wconf 94' lang='lat' dir='ltr'><strong>ut</strong></span> <span class='ocrx_word' id='word_1_313' title='bbox 1044 2408 1168 2474; x_wconf 75' lang='lat' dir='ltr'><strong>dictim</strong></span> <span class='ocrx_word' id='word_1_314' title='bbox 1220 2409 1313 2508; x_wconf 40' lang='lat' dir='ltr'><strong>enim·</strong></span> <span class='ocrx_word' id='word_1_315' title='bbox 1328 2408 1527 2491; x_wconf 89' lang='lat' dir='ltr'><strong>baptismum</strong></span> <span class='ocrx_word' id='word_1_316' title='bbox 1548 2410 1583 2473; x_wconf 93' lang='lat' dir='ltr'><strong>in</strong></span> <span class='ocrx_word' id='word_1_317' title='bbox 1605 2430 1663 2473; x_wconf 92' lang='lat' dir='ltr'><strong>suo</strong></span> <span class='ocrx_word' id='word_1_318' title='bbox 1686 2431 1819 2492; x_wconf 91' lang='lat' dir='ltr'><strong>corpore</strong></span> <span class='ocrx_word' id='word_1_319' title='bbox 1841 2410 2003 2478; x_wconf 89' lang='lat' dir='ltr'><strong>dedicavit</strong></span> <span class='ocrx_word' id='word_1_320' title='bbox 2025 2420 2058 2478; x_wconf 91' lang='lat' dir='ltr'><strong>et</strong></span> <span class='ocrx_word' id='word_1_321' title='bbox 2079 2414 2200 2480; x_wconf 88' lang='lat' dir='ltr'><strong>sancti·</strong></span> 
     </span>
     <span class='ocr_line' id='line_1_23' title="bbox 189 2495 2199 2652; baseline -0.001 -86"><span class='ocrx_word' id='word_1_322' title='bbox 189 2500 267 2600; x_wconf 81' lang='lat' dir='ltr'><strong>fuit,</strong></span> <span class='ocrx_word' id='word_1_323' title='bbox 293 2499 457 2565; x_wconf 92' lang='lat' dir='ltr'><strong>Dominus</strong></span> <span class='ocrx_word' id='word_1_324' title='bbox 484 2497 547 2598; x_wconf 80' lang='lat' dir='ltr'><strong>boo</strong></span> <span class='ocrx_word' id='word_1_325' title='bbox 573 2497 666 2580; x_wconf 89' lang='lat' dir='ltr'><strong>signo</strong></span> <span class='ocrx_word' id='word_1_326' title='bbox 696 2496 789 2561; x_wconf 92' lang='lat' dir='ltr'><strong>nobis</strong></span> <span class='ocrx_word' id='word_1_327' title='bbox 816 2495 1001 2645; x_wconf 57' lang='lat' dir='ltr'><strong>pollicetffi,</strong></span> <span class='ocrx_word' id='word_1_328' title='bbox 1035 2495 1167 2578; x_wconf 90' lang='lat' dir='ltr'><strong>plenam</strong></span> <span class='ocrx_word' id='word_1_329' title='bbox 1219 2495 2199 2652; x_wconf 42' lang='lat' dir='ltr'><strong>ffigltmcoffiulrirsemwergrgreiergssriilsoummllrlgbgggtigoffi</strong></span> 
     </span>
     <span class='ocr_line' id='line_1_24' title="bbox 189 2581 2198 2757; baseline -0 -20"><span class='ocrx_word' id='word_1_330' title='bbox 189 2586 391 2755; x_wconf 49' lang='lat' dir='ltr'><strong>ffifflgs</strong></span> <span class='ocrx_word' id='word_1_331' title='bbox 409 2581 1168 2751; x_wconf 44' lang='lat' dir='ltr'><strong>ddffishhhiffiwptrhldlnffishuhhoodmdidhauffi</strong></span> <span class='ocrx_word' id='word_1_332' title='bbox 1220 2667 1303 2731; x_wconf 90' lang='lat' dir='ltr'><strong>inire</strong></span> <span class='ocrx_word' id='word_1_333' title='bbox 1331 2665 1485 2751; x_wconf 87' lang='lat' dir='ltr'><strong>dignatus</strong></span> <span class='ocrx_word' id='word_1_334' title='bbox 1513 2673 1577 2746; x_wconf 90' lang='lat' dir='ltr'><strong>est,</strong></span> <span class='ocrx_word' id='word_1_335' title='bbox 1607 2666 1783 2733; x_wconf 80' lang='lat' dir='ltr'><strong>vinculum.</strong></span> <span class='ocrx_word' id='word_1_336' title='bbox 1833 2634 1882 2733; x_wconf 79' lang='lat' dir='ltr'><strong>U’c</strong></span> <span class='ocrx_word' id='word_1_337' title='bbox 1902 2605 2028 2735; x_wconf 57' lang='lat' dir='ltr'><strong>damus</strong></span> <span class='ocrx_word' id='word_1_338' title='bbox 2050 2669 2140 2756; x_wconf 80' lang='lat' dir='ltr'><strong>(Gal.</strong></span> <span class='ocrx_word' id='word_1_339' title='bbox 2162 2668 2198 2757; x_wconf 82' lang='lat'><strong>3)</strong></span> 
     </span>
     <span class='ocr_line' id='line_1_25' title="bbox 189 2751 2332 2857; baseline -0.002 -35"><span class='ocrx_word' id='word_1_340' title='bbox 189 2757 319 2857; x_wconf 82' lang='lat' dir='ltr'><strong>luenda</strong></span> <span class='ocrx_word' id='word_1_341' title='bbox 370 2756 535 2855; x_wconf 79' lang='lat' dir='ltr'><strong>Iustitiam</strong></span> <span class='ocrx_word' id='word_1_342' title='bbox 561 2774 687 2854; x_wconf 89' lang='lat' dir='ltr'><strong>quoque</strong></span> <span class='ocrx_word' id='word_1_343' title='bbox 715 2752 978 2852; x_wconf 83' lang='lat' dir='ltr'><strong>apprehendunt,</strong></span> <span class='ocrx_word' id='word_1_344' title='bbox 1001 2751 1060 2818; x_wconf 92' lang='lat' dir='ltr'><strong>sed</strong></span> <span class='ocrx_word' id='word_1_345' title='bbox 1087 2769 1167 2836; x_wconf 89' lang='lat' dir='ltr'><strong>qua·</strong></span> <span class='ocrx_word' id='word_1_346' title='bbox 1220 2774 1262 2817; x_wconf 91' lang='lat' dir='ltr'><strong>ex</strong></span> <span class='ocrx_word' id='word_1_347' title='bbox 1284 2773 1323 2853; x_wconf 78' lang='lat' dir='ltr'><strong>eo</strong></span> <span class='ocrx_word' id='word_1_348' title='bbox 1344 2752 1472 2852; x_wconf 85' lang='lat' dir='ltr'><strong>probet,</strong></span> <span class='ocrx_word' id='word_1_349' title='bbox 1485 2774 1553 2852; x_wconf 31' lang='lat' dir='ltr'><strong>‘nos</strong></span> <span class='ocrx_word' id='word_1_350' title='bbox 1576 2773 1646 2819; x_wconf 88' lang='lat' dir='ltr'><strong>esse</strong></span> <span class='ocrx_word' id='word_1_351' title='bbox 1668 2753 1751 2818; x_wconf 91' lang='lat' dir='ltr'><strong>filios</strong></span> <span class='ocrx_word' id='word_1_352' title='bbox 1772 2753 1853 2833; x_wconf 91' lang='lat' dir='ltr'><strong>Dei,</strong></span> <span class='ocrx_word' id='word_1_353' title='bbox 1876 2755 1953 2838; x_wconf 88' lang='lat' dir='ltr'><strong>quia</strong></span> <span class='ocrx_word' id='word_1_354' title='bbox 1974 2753 2146 2821; x_wconf 75' lang='lat' dir='ltr'><strong>Christum</strong></span> <span class='ocrx_word' id='word_1_355' title='bbox 2168 2758 2204 2822; x_wconf 91' lang='lat' dir='ltr'><strong>in</strong></span> <span class='ocrx_word' id='word_1_356' title='bbox 2329 2814 2332 2818; x_wconf 84' lang='lat'>.</span> 
     </span>
     <span class='ocr_line' id='line_1_26' title="bbox 189 2838 2199 3074; baseline 0 -80"><span class='ocrx_word' id='word_1_357' title='bbox 189 2842 488 3013; x_wconf 39' lang='lat' dir='ltr'><strong>ffirhdpdthhddda</strong></span> <span class='ocrx_word' id='word_1_358' title='bbox 501 2838 1049 3008; x_wconf 55' lang='lat' dir='ltr'><strong>dddlthirrdt3phhlildusprldffliuddisoesdt</strong></span> <span class='ocrx_word' id='word_1_359' title='bbox 1074 2859 1168 2988; x_wconf 54' lang='lat' dir='ltr'><strong>iliand-</strong></span> <span class='ocrx_word' id='word_1_360' title='bbox 1219 2838 1656 3074; x_wconf 46' lang='lat' dir='ltr'><strong>bapnfffdaltngdlldhlfhsssioni</strong></span> <span class='ocrx_word' id='word_1_361' title='bbox 1678 2933 1789 2990; x_wconf 85' lang='lat' dir='ltr'><strong>autem</strong></span> <span class='ocrx_word' id='word_1_362' title='bbox 1804 2931 1936 2991; x_wconf 88' lang='lat' dir='ltr'><strong>nostrae</strong></span> <span class='ocrx_word' id='word_1_363' title='bbox 1952 2927 2039 3010; x_wconf 92' lang='lat' dir='ltr'><strong>apud</strong></span> <span class='ocrx_word' id='word_1_364' title='bbox 2050 2927 2199 2994; x_wconf 90' lang='lat' dir='ltr'><strong>homines</strong></span> 
     </span>
    </p>
   </div>
   <div class='ocr_carea' id='block_1_8' title="bbox 188 3010 2203 4293">
    <p class='ocr_par' dir='ltr' id='par_1_9' title="bbox 188 3010 2203 4293">
     <span class='ocr_line' id='line_1_27' title="bbox 191 3010 2200 3097; baseline -0 -17"><span class='ocrx_word' id='word_1_365' title='bbox 191 3015 340 3081; x_wconf 89' lang='lat' dir='ltr'><strong>centibus</strong></span> <span class='ocrx_word' id='word_1_366' title='bbox 361 3035 425 3090; x_wconf 91' lang='lat' dir='ltr'><strong>eos,</strong></span> <span class='ocrx_word' id='word_1_367' title='bbox 448 3033 508 3078; x_wconf 89' lang='lat' dir='ltr'><strong>sua</strong></span> <span class='ocrx_word' id='word_1_368' title='bbox 528 3010 758 3090; x_wconf 78' lang='lat' dir='ltr'><strong>misericordia,</strong></span> <span class='ocrx_word' id='word_1_369' title='bbox 780 3011 943 3076; x_wconf 92' lang='lat' dir='ltr'><strong>Dominus</strong></span> <span class='ocrx_word' id='word_1_370' title='bbox 960 3011 1068 3075; x_wconf 85' lang='lat' dir='ltr'><strong>habet</strong></span> <span class='ocrx_word' id='word_1_371' title='bbox 1099 3010 1168 3074; x_wconf 90' lang='lat' dir='ltr'><strong>De-</strong></span> <span class='ocrx_word' id='word_1_372' title='bbox 1221 3011 1267 3075; x_wconf 89' lang='lat' dir='ltr'><strong>sio</strong></span> <span class='ocrx_word' id='word_1_373' title='bbox 1284 3011 1393 3076; x_wconf 81' lang='lat' dir='ltr'><strong>servit.</strong></span> <span class='ocrx_word' id='word_1_374' title='bbox 1455 3010 1599 3092; x_wconf 92' lang='lat' dir='ltr'><strong>iquidem</strong></span> <span class='ocrx_word' id='word_1_375' title='bbox 1620 3018 1698 3076; x_wconf 89' lang='lat' dir='ltr'><strong>noto</strong></span> <span class='ocrx_word' id='word_1_376' title='bbox 1722 3019 1780 3091; x_wconf 92' lang='lat' dir='ltr'><strong>est,</strong></span> <span class='ocrx_word' id='word_1_377' title='bbox 1803 3034 1868 3096; x_wconf 89' lang='lat' dir='ltr'><strong>qua</strong></span> <span class='ocrx_word' id='word_1_378' title='bbox 1883 3012 1994 3095; x_wconf 87' lang='lat' dir='ltr'><strong>pelam</strong></span> <span class='ocrx_word' id='word_1_379' title='bbox 2008 3014 2200 3097; x_wconf 86' lang='lat' dir='ltr'><strong>profitemur</strong></span> 
     </span>
     <span class='ocr_line' id='line_1_28' title="bbox 189 3096 2200 3184; baseline 0.001 -18"><span class='ocrx_word' id='word_1_380' title='bbox 189 3101 278 3180; x_wconf 89' lang='lat' dir='ltr'><strong>inde,</strong></span> <span class='ocrx_word' id='word_1_381' title='bbox 297 3099 382 3184; x_wconf 94' lang='lat' dir='ltr'><strong>quod</strong></span> <span class='ocrx_word' id='word_1_382' title='bbox 400 3100 481 3164; x_wconf 89' lang='lat' dir='ltr'><strong>haec</strong></span> <span class='ocrx_word' id='word_1_383' title='bbox 498 3099 696 3181; x_wconf 84' lang='lat' dir='ltr'><strong>perversitas</strong></span> <span class='ocrx_word' id='word_1_384' title='bbox 712 3118 882 3180; x_wconf 89' lang='lat' dir='ltr'><strong>nunquam</strong></span> <span class='ocrx_word' id='word_1_385' title='bbox 899 3098 934 3160; x_wconf 92' lang='lat' dir='ltr'><strong>in</strong></span> <span class='ocrx_word' id='word_1_386' title='bbox 949 3097 1041 3161; x_wconf 90' lang='lat' dir='ltr'><strong>nobis</strong></span> <span class='ocrx_word' id='word_1_387' title='bbox 1053 3102 1167 3174; x_wconf 88' lang='lat' dir='ltr'><strong>cessat,</strong></span> <span class='ocrx_word' id='word_1_388' title='bbox 1220 3117 1280 3161; x_wconf 92' lang='lat' dir='ltr'><strong>nos</strong></span> <span class='ocrx_word' id='word_1_389' title='bbox 1306 3096 1425 3179; x_wconf 91' lang='lat' dir='ltr'><strong>populo</strong></span> <span class='ocrx_word' id='word_1_390' title='bbox 1453 3096 1517 3161; x_wconf 90' lang='lat' dir='ltr'><strong>Dei</strong></span> <span class='ocrx_word' id='word_1_391' title='bbox 1546 3097 1709 3162; x_wconf 85' lang='lat' dir='ltr'><strong>accenseri</strong></span> <span class='ocrx_word' id='word_1_392' title='bbox 1738 3098 1837 3178; x_wconf 85' lang='lat' dir='ltr'><strong>vello,</strong></span> <span class='ocrx_word' id='word_1_393' title='bbox 1866 3120 1931 3182; x_wconf 89' lang='lat' dir='ltr'><strong>qua</strong></span> <span class='ocrx_word' id='word_1_394' title='bbox 1954 3106 2115 3166; x_wconf 86' lang='lat' dir='ltr'><strong>testamur</strong></span> <span class='ocrx_word' id='word_1_395' title='bbox 2140 3122 2200 3168; x_wconf 91' lang='lat' dir='ltr'><strong>nos</strong></span> 
     </span>
     <span class='ocr_line' id='line_1_29' title="bbox 190 3177 2199 3268; baseline 0 -16"><span class='ocrx_word' id='word_1_396' title='bbox 190 3186 251 3253; x_wconf 89' lang='lat' dir='ltr'><strong>sed</strong></span> <span class='ocrx_word' id='word_1_397' title='bbox 277 3207 378 3251; x_wconf 80' lang='lat' dir='ltr'><strong>novos</strong></span> <span class='ocrx_word' id='word_1_398' title='bbox 407 3185 535 3250; x_wconf 81' lang='lat' dir='ltr'><strong>assidue</strong></span> <span class='ocrx_word' id='word_1_399' title='bbox 567 3185 692 3248; x_wconf 80' lang='lat' dir='ltr'><strong>tructus</strong></span> <span class='ocrx_word' id='word_1_400' title='bbox 716 3184 803 3266; x_wconf 89' lang='lat' dir='ltr'><strong>parit</strong></span> <span class='ocrx_word' id='word_1_401' title='bbox 829 3181 939 3268; x_wconf 88' lang='lat' dir='ltr'><strong>(Rom.</strong></span> <span class='ocrx_word' id='word_1_402' title='bbox 959 3182 1008 3268; x_wconf 85' lang='grc'><strong>7),</strong></span> <span class='ocrx_word' id='word_1_403' title='bbox 1040 3204 1079 3247; x_wconf 92' lang='lat' dir='ltr'><strong>ea</strong></span> <span class='ocrx_word' id='word_1_404' title='bbox 1106 3183 1168 3247; x_wconf 90' lang='lat' dir='ltr'><strong>sci·</strong></span> <span class='ocrx_word' id='word_1_405' title='bbox 1220 3183 1256 3246; x_wconf 92' lang='lat' dir='ltr'><strong>in</strong></span> <span class='ocrx_word' id='word_1_406' title='bbox 1275 3183 1372 3247; x_wconf 88' lang='lat' dir='ltr'><strong>unius</strong></span> <span class='ocrx_word' id='word_1_407' title='bbox 1388 3182 1454 3246; x_wconf 87' lang='lat' dir='ltr'><strong>Dei</strong></span> <span class='ocrx_word' id='word_1_408' title='bbox 1471 3177 1604 3262; x_wconf 69' lang='lat' dir='ltr'><strong>culm,</strong></span> <span class='ocrx_word' id='word_1_409' title='bbox 1627 3182 1663 3247; x_wconf 91' lang='lat' dir='ltr'><strong>in</strong></span> <span class='ocrx_word' id='word_1_410' title='bbox 1681 3205 1782 3249; x_wconf 89' lang='lat' dir='ltr'><strong>unam</strong></span> <span class='ocrx_word' id='word_1_411' title='bbox 1799 3185 1859 3249; x_wconf 90' lang='lat' dir='ltr'><strong>reli</strong></span> <span class='ocrx_word' id='word_1_412' title='bbox 1885 3186 1991 3251; x_wconf 86' lang='lat' dir='ltr'><strong>‘onem</strong></span> <span class='ocrx_word' id='word_1_413' title='bbox 2008 3206 2084 3251; x_wconf 92' lang='lat' dir='ltr'><strong>cum</strong></span> <span class='ocrx_word' id='word_1_414' title='bbox 2102 3184 2199 3254; x_wconf 85' lang='lat' dir='ltr'><strong>Obri-</strong></span> 
     </span>
     <span class='ocr_line' id='line_1_30' title="bbox 188 3266 2199 3355; baseline 0.001 -18"><span class='ocrx_word' id='word_1_415' title='bbox 188 3273 281 3350; x_wconf 91' lang='lat' dir='ltr'><strong>licet,</strong></span> <span class='ocrx_word' id='word_1_416' title='bbox 336 3291 398 3336; x_wconf 89' lang='lat' dir='ltr'><strong>uae</strong></span> <span class='ocrx_word' id='word_1_417' title='bbox 429 3277 504 3335; x_wconf 90' lang='lat' dir='ltr'><strong>ante</strong></span> <span class='ocrx_word' id='word_1_418' title='bbox 538 3268 781 3351; x_wconf 88' lang='lat' dir='ltr'><strong>descripsimus,</strong></span> <span class='ocrx_word' id='word_1_419' title='bbox 823 3289 921 3351; x_wconf 91' lang='lat' dir='ltr'><strong>opera</strong></span> <span class='ocrx_word' id='word_1_420' title='bbox 948 3268 1070 3347; x_wconf 90' lang='lat' dir='ltr'><strong>oarnis;</strong></span> <span class='ocrx_word' id='word_1_421' title='bbox 1103 3288 1169 3346; x_wconf 87' lang='lat' dir='ltr'><strong>non</strong></span> <span class='ocrx_word' id='word_1_422' title='bbox 1221 3268 1336 3333; x_wconf 89' lang='lat' dir='ltr'><strong>stianis</strong></span> <span class='ocrx_word' id='word_1_423' title='bbox 1364 3266 1514 3332; x_wconf 92' lang='lat' dir='ltr'><strong>omnibus</strong></span> <span class='ocrx_word' id='word_1_424' title='bbox 1543 3269 1739 3350; x_wconf 89' lang='lat' dir='ltr'><strong>consentire,</strong></span> <span class='ocrx_word' id='word_1_425' title='bbox 1767 3293 1833 3355; x_wconf 91' lang='lat' dir='ltr'><strong>qua</strong></span> <span class='ocrx_word' id='word_1_426' title='bbox 1877 3272 1993 3355; x_wconf 86' lang='lat' dir='ltr'><strong>cuique</strong></span> <span class='ocrx_word' id='word_1_427' title='bbox 2021 3271 2120 3339; x_wconf 90' lang='lat' dir='ltr'><strong>fidem</strong></span> <span class='ocrx_word' id='word_1_428' title='bbox 2140 3295 2199 3339; x_wconf 90' lang='lat' dir='ltr'><strong>no·</strong></span> 
     </span>
     <span class='ocr_line' id='line_1_31' title="bbox 191 3293 2200 3444; baseline 0.001 -22"><span class='ocrx_word' id='word_1_429' title='bbox 191 3356 234 3444; x_wconf 89' lang='lat' dir='ltr'><strong>[p.</strong></span> <span class='ocrx_word' id='word_1_430' title='bbox 255 3293 336 3444; x_wconf 47' lang='lat' dir='ltr'><strong>ared</strong></span> <span class='ocrx_word' id='word_1_431' title='bbox 362 3378 455 3422; x_wconf 89' lang='lat' dir='ltr'><strong>secus</strong></span> <span class='ocrx_word' id='word_1_432' title='bbox 483 3362 579 3437; x_wconf 87' lang='lat' dir='ltr'><strong>atquo</strong></span> <span class='ocrx_word' id='word_1_433' title='bbox 612 3355 764 3420; x_wconf 89' lang='lat' dir='ltr'><strong>incensus</strong></span> <span class='ocrx_word' id='word_1_434' title='bbox 788 3354 906 3419; x_wconf 87' lang='lat' dir='ltr'><strong>fornax</strong></span> <span class='ocrx_word' id='word_1_435' title='bbox 937 3356 1106 3419; x_wconf 89' lang='lat' dir='ltr'><strong>flammam</strong></span> <span class='ocrx_word' id='word_1_436' title='bbox 1136 3358 1170 3417; x_wconf 90' lang='lat' dir='ltr'><strong>ct</strong></span> <span class='ocrx_word' id='word_1_437' title='bbox 1222 3359 1325 3419; x_wconf 89' lang='lat' dir='ltr'><strong>stram</strong></span> <span class='ocrx_word' id='word_1_438' title='bbox 1345 3353 1473 3435; x_wconf 89' lang='lat' dir='ltr'><strong>publice</strong></span> <span class='ocrx_word' id='word_1_439' title='bbox 1495 3353 1712 3436; x_wconf 86' lang='lat' dir='ltr'><strong>affirmamus3</strong></span> <span class='ocrx_word' id='word_1_440' title='bbox 1734 3363 1857 3422; x_wconf 93' lang='lat' dir='ltr'><strong>utnon</strong></span> <span class='ocrx_word' id='word_1_441' title='bbox 1874 3358 1970 3423; x_wconf 91' lang='lat' dir='ltr'><strong>modo</strong></span> <span class='ocrx_word' id='word_1_442' title='bbox 1987 3358 2119 3425; x_wconf 88' lang='lat' dir='ltr'><strong>laudem</strong></span> <span class='ocrx_word' id='word_1_443' title='bbox 2135 3360 2200 3426; x_wconf 92' lang='lat' dir='ltr'><strong>Dei</strong></span> 
     </span>
     <span class='ocr_line' id='line_1_32' title="bbox 188 3437 2201 3528; baseline 0.001 -19"><span class='ocrx_word' id='word_1_444' title='bbox 188 3443 349 3510; x_wconf 88' lang='lat' dir='ltr'><strong>scintillas</strong></span> <span class='ocrx_word' id='word_1_445' title='bbox 376 3447 532 3525; x_wconf 89' lang='lat' dir='ltr'><strong>perpetuo</strong></span> <span class='ocrx_word' id='word_1_446' title='bbox 559 3441 663 3519; x_wconf 89' lang='lat' dir='ltr'><strong>efflat,</strong></span> <span class='ocrx_word' id='word_1_447' title='bbox 693 3447 750 3505; x_wconf 88' lang='lat' dir='ltr'><strong>aut</strong></span> <span class='ocrx_word' id='word_1_448' title='bbox 772 3441 936 3524; x_wconf 81' lang='lat' dir='ltr'><strong>scaturigo</strong></span> <span class='ocrx_word' id='word_1_449' title='bbox 958 3461 1077 3524; x_wconf 91' lang='lat' dir='ltr'><strong>aquam</strong></span> <span class='ocrx_word' id='word_1_450' title='bbox 1099 3441 1169 3504; x_wconf 92' lang='lat' dir='ltr'><strong>sine</strong></span> <span class='ocrx_word' id='word_1_451' title='bbox 1221 3440 1346 3523; x_wconf 90' lang='lat' dir='ltr'><strong>spirent</strong></span> <span class='ocrx_word' id='word_1_452' title='bbox 1373 3437 1471 3504; x_wconf 87' lang='lat' dir='ltr'><strong>corda</strong></span> <span class='ocrx_word' id='word_1_453' title='bbox 1497 3444 1625 3520; x_wconf 84' lang='lat' dir='ltr'><strong>nostra,</strong></span> <span class='ocrx_word' id='word_1_454' title='bbox 1657 3442 1715 3508; x_wconf 90' lang='lat' dir='ltr'><strong>sed</strong></span> <span class='ocrx_word' id='word_1_455' title='bbox 1741 3443 1874 3528; x_wconf 83' lang='lat' dir='ltr'><strong>linguae</strong></span> <span class='ocrx_word' id='word_1_456' title='bbox 1901 3445 2001 3509; x_wconf 90' lang='lat' dir='ltr'><strong>etiam</strong></span> <span class='ocrx_word' id='word_1_457' title='bbox 2027 3451 2060 3510; x_wconf 92' lang='lat' dir='ltr'><strong>et</strong></span> <span class='ocrx_word' id='word_1_458' title='bbox 2090 3447 2201 3511; x_wconf 89' lang='lat' dir='ltr'><strong>omnia</strong></span> 
     </span>
     <span class='ocr_line' id='line_1_33' title="bbox 189 3525 2199 3614; baseline 0 -18"><span class='ocrx_word' id='word_1_459' title='bbox 189 3531 257 3596; x_wconf 90' lang='lat' dir='ltr'><strong>fine</strong></span> <span class='ocrx_word' id='word_1_460' title='bbox 279 3529 392 3613; x_wconf 89' lang='lat' dir='ltr'><strong>egerit.</strong></span> <span class='ocrx_word' id='word_1_461' title='bbox 438 3526 549 3609; x_wconf 80' lang='lat' dir='ltr'><strong>Quare</strong></span> <span class='ocrx_word' id='word_1_462' title='bbox 577 3527 633 3610; x_wconf 92' lang='lat' dir='ltr'><strong>qui</strong></span> <span class='ocrx_word' id='word_1_463' title='bbox 661 3534 831 3609; x_wconf 88' lang='lat' dir='ltr'><strong>peccatum</strong></span> <span class='ocrx_word' id='word_1_464' title='bbox 855 3526 1012 3610; x_wconf 85' lang='lat' dir='ltr'><strong>originale</strong></span> <span class='ocrx_word' id='word_1_465' title='bbox 1035 3525 1169 3590; x_wconf 88' lang='lat' dir='ltr'><strong>definie-</strong></span> <span class='ocrx_word' id='word_1_466' title='bbox 1221 3526 1364 3608; x_wconf 89' lang='lat' dir='ltr'><strong>corporis</strong></span> <span class='ocrx_word' id='word_1_467' title='bbox 1396 3526 1558 3608; x_wconf 88' lang='lat' dir='ltr'><strong>membra,</strong></span> <span class='ocrx_word' id='word_1_468' title='bbox 1592 3527 1709 3610; x_wconf 90' lang='lat' dir='ltr'><strong>quibus</strong></span> <span class='ocrx_word' id='word_1_469' title='bbox 1740 3537 1877 3612; x_wconf 87' lang='lat' dir='ltr'><strong>possunt</strong></span> <span class='ocrx_word' id='word_1_470' title='bbox 1909 3531 2199 3614; x_wconf 86' lang='lat' dir='ltr'><strong>significationibus</strong></span> 
     </span>
     <span class='ocr_line' id='line_1_34' title="bbox 189 3611 2200 3696; baseline 0.001 -15"><span class='ocrx_word' id='word_1_471' title='bbox 189 3623 284 3682; x_wconf 92' lang='lat' dir='ltr'><strong>runt:</strong></span> <span class='ocrx_word' id='word_1_472' title='bbox 305 3616 486 3680; x_wconf 87' lang='lat' dir='ltr'><strong>carentiam</strong></span> <span class='ocrx_word' id='word_1_473' title='bbox 506 3613 648 3678; x_wconf 89' lang='lat' dir='ltr'><strong>iustitiae</strong></span> <span class='ocrx_word' id='word_1_474' title='bbox 670 3612 853 3696; x_wconf 86' lang='lat' dir='ltr'><strong>originalis,</strong></span> <span class='ocrx_word' id='word_1_475' title='bbox 877 3633 945 3676; x_wconf 91' lang='lat' dir='ltr'><strong>non</strong></span> <span class='ocrx_word' id='word_1_476' title='bbox 966 3612 1045 3678; x_wconf 88' lang='lat' dir='ltr'><strong>satis</strong></span> <span class='ocrx_word' id='word_1_477' title='bbox 1068 3611 1169 3696; x_wconf 84' lang='lat' dir='ltr'><strong>sigiri-</strong></span> <span class='ocrx_word' id='word_1_478' title='bbox 1222 3616 1405 3695; x_wconf 88' lang='lat' dir='ltr'><strong>personent.</strong></span> <span class='ocrx_word' id='word_1_479' title='bbox 1446 3611 1500 3676; x_wconf 91' lang='lat' dir='ltr'><strong>Ita</strong></span> <span class='ocrx_word' id='word_1_480' title='bbox 1522 3613 1619 3693; x_wconf 86' lang='lat' dir='ltr'><strong>enim,</strong></span> <span class='ocrx_word' id='word_1_481' title='bbox 1641 3619 1680 3678; x_wconf 92' lang='lat' dir='ltr'><strong>ut</strong></span> <span class='ocrx_word' id='word_1_482' title='bbox 1701 3613 1801 3695; x_wconf 86' lang='lat' dir='ltr'><strong>decet,</strong></span> <span class='ocrx_word' id='word_1_483' title='bbox 1822 3623 1934 3682; x_wconf 88' lang='lat' dir='ltr'><strong>nostra</strong></span> <span class='ocrx_word' id='word_1_484' title='bbox 1955 3618 2065 3681; x_wconf 91' lang='lat' dir='ltr'><strong>omnia</strong></span> <span class='ocrx_word' id='word_1_485' title='bbox 2086 3618 2122 3681; x_wconf 91' lang='lat' dir='ltr'><strong>in</strong></span> <span class='ocrx_word' id='word_1_486' title='bbox 2143 3617 2200 3683; x_wconf 89' lang='lat' dir='ltr'><strong>ob-</strong></span> 
     </span>
     <span class='ocr_line' id='line_1_35' title="bbox 189 3697 2200 3786; baseline 0.001 -19"><span class='ocrx_word' id='word_1_487' title='bbox 189 3703 327 3768; x_wconf 86' lang='lat' dir='ltr'><strong>fioanter</strong></span> <span class='ocrx_word' id='word_1_488' title='bbox 365 3701 435 3765; x_wconf 82' lang='lat' dir='ltr'><strong>vim</strong></span> <span class='ocrx_word' id='word_1_489' title='bbox 467 3706 563 3783; x_wconf 89' lang='lat' dir='ltr'><strong>atque</strong></span> <span class='ocrx_word' id='word_1_490' title='bbox 592 3699 761 3781; x_wconf 87' lang='lat' dir='ltr'><strong>energiam</strong></span> <span class='ocrx_word' id='word_1_491' title='bbox 799 3697 902 3780; x_wconf 92' lang='lat' dir='ltr'><strong>ipsius</strong></span> <span class='ocrx_word' id='word_1_492' title='bbox 928 3704 1167 3781; x_wconf 79' lang='lat' dir='ltr'><strong>expresserrmt</strong></span> <span class='ocrx_word' id='word_1_493' title='bbox 1222 3698 1372 3781; x_wconf 89' lang='lat' dir='ltr'><strong>sequium</strong></span> <span class='ocrx_word' id='word_1_494' title='bbox 1393 3697 1516 3780; x_wconf 87' lang='lat' dir='ltr'><strong>gloriae</strong></span> <span class='ocrx_word' id='word_1_495' title='bbox 1536 3699 1603 3763; x_wconf 93' lang='lat' dir='ltr'><strong>Dei</strong></span> <span class='ocrx_word' id='word_1_496' title='bbox 1623 3699 1843 3781; x_wconf 82' lang='lat' dir='ltr'><strong>conferuntm,</strong></span> <span class='ocrx_word' id='word_1_497' title='bbox 1866 3724 1931 3786; x_wconf 91' lang='lat' dir='ltr'><strong>qua</strong></span> <span class='ocrx_word' id='word_1_498' title='bbox 1952 3702 2036 3767; x_wconf 90' lang='lat' dir='ltr'><strong>nihil</strong></span> <span class='ocrx_word' id='word_1_499' title='bbox 2057 3725 2200 3770; x_wconf 80' lang='lat' dir='ltr'><strong>vacuum</strong></span> 
     </span>
     <span class='ocr_line' id='line_1_36' title="bbox 189 3782 2203 3871; baseline 0.001 -18"><span class='ocrx_word' id='word_1_500' title='bbox 189 3787 267 3854; x_wconf 88' lang='lat' dir='ltr'><strong>Non</strong></span> <span class='ocrx_word' id='word_1_501' title='bbox 288 3788 378 3852; x_wconf 89' lang='lat' dir='ltr'><strong>enim</strong></span> <span class='ocrx_word' id='word_1_502' title='bbox 398 3792 518 3850; x_wconf 90' lang='lat' dir='ltr'><strong>natura</strong></span> <span class='ocrx_word' id='word_1_503' title='bbox 533 3791 646 3849; x_wconf 90' lang='lat' dir='ltr'><strong>nostra</strong></span> <span class='ocrx_word' id='word_1_504' title='bbox 665 3784 742 3849; x_wconf 94' lang='lat' dir='ltr'><strong>boni</strong></span> <span class='ocrx_word' id='word_1_505' title='bbox 758 3790 888 3848; x_wconf 89' lang='lat' dir='ltr'><strong>tautum</strong></span> <span class='ocrx_word' id='word_1_506' title='bbox 905 3785 999 3866; x_wconf 92' lang='lat' dir='ltr'><strong>inops</strong></span> <span class='ocrx_word' id='word_1_507' title='bbox 1016 3791 1050 3848; x_wconf 90' lang='lat' dir='ltr'><strong>et</strong></span> <span class='ocrx_word' id='word_1_508' title='bbox 1066 3805 1171 3850; x_wconf 79' lang='lat' dir='ltr'><strong>vacua</strong></span> <span class='ocrx_word' id='word_1_509' title='bbox 1222 3805 1293 3850; x_wconf 89' lang='lat' dir='ltr'><strong>esse</strong></span> <span class='ocrx_word' id='word_1_510' title='bbox 1313 3782 1416 3861; x_wconf 89' lang='lat' dir='ltr'><strong>debet,</strong></span> <span class='ocrx_word' id='word_1_511' title='bbox 1440 3788 1473 3847; x_wconf 91' lang='lat' dir='ltr'><strong>ot</strong></span> <span class='ocrx_word' id='word_1_512' title='bbox 1494 3785 1614 3849; x_wconf 86' lang='lat' dir='ltr'><strong>caeteri</strong></span> <span class='ocrx_word' id='word_1_513' title='bbox 1632 3791 1744 3851; x_wconf 88' lang='lat' dir='ltr'><strong>nostro</strong></span> <span class='ocrx_word' id='word_1_514' title='bbox 1760 3789 1918 3871; x_wconf 88' lang='lat' dir='ltr'><strong>exemplo,</strong></span> <span class='ocrx_word' id='word_1_515' title='bbox 1942 3789 1983 3855; x_wconf 88' lang='lat' dir='ltr'><strong>ad</strong></span> <span class='ocrx_word' id='word_1_516' title='bbox 2001 3788 2116 3855; x_wconf 90' lang='lat' dir='ltr'><strong>eadem</strong></span> <span class='ocrx_word' id='word_1_517' title='bbox 2134 3797 2203 3856; x_wconf 92' lang='lat' dir='ltr'><strong>stu·</strong></span> 
     </span>
     <span class='ocr_line' id='line_1_37' title="bbox 191 3869 2202 3965; baseline 0.001 -26"><span class='ocrx_word' id='word_1_518' title='bbox 191 3881 251 3954; x_wconf 87' lang='lat' dir='ltr'><strong>est,</strong></span> <span class='ocrx_word' id='word_1_519' title='bbox 274 3872 331 3939; x_wconf 90' lang='lat' dir='ltr'><strong>sed</strong></span> <span class='ocrx_word' id='word_1_520' title='bbox 352 3872 514 3936; x_wconf 86' lang='lat' dir='ltr'><strong>malorum</strong></span> <span class='ocrx_word' id='word_1_521' title='bbox 536 3870 682 3935; x_wconf 92' lang='lat' dir='ltr'><strong>omnium</strong></span> <span class='ocrx_word' id='word_1_522' title='bbox 704 3869 785 3935; x_wconf 90' lang='lat' dir='ltr'><strong>adeo</strong></span> <span class='ocrx_word' id='word_1_523' title='bbox 805 3869 922 3935; x_wconf 87' lang='lat' dir='ltr'><strong>fertilis</strong></span> <span class='ocrx_word' id='word_1_524' title='bbox 944 3892 982 3935; x_wconf 92' lang='lat' dir='ltr'><strong>ao</strong></span> <span class='ocrx_word' id='word_1_525' title='bbox 1002 3870 1110 3948; x_wconf 83' lang='lat' dir='ltr'><strong>ferax,</strong></span> <span class='ocrx_word' id='word_1_526' title='bbox 1133 3875 1171 3934; x_wconf 87' lang='lat' dir='ltr'><strong>ut</strong></span> <span class='ocrx_word' id='word_1_527' title='bbox 1223 3869 1278 3934; x_wconf 90' lang='lat' dir='ltr'><strong>dia</strong></span> <span class='ocrx_word' id='word_1_528' title='bbox 1303 3869 1488 3935; x_wconf 91' lang='lat' dir='ltr'><strong>incitantur.</strong></span> <span class='ocrx_word' id='word_1_529' title='bbox 1539 3869 1616 3935; x_wconf 92' lang='lat' dir='ltr'><strong>Huc</strong></span> <span class='ocrx_word' id='word_1_530' title='bbox 1642 3872 1837 3954; x_wconf 90' lang='lat' dir='ltr'><strong>respiciebat</strong></span> <span class='ocrx_word' id='word_1_531' title='bbox 1862 3875 1988 3940; x_wconf 89' lang='lat' dir='ltr'><strong>Paulus</strong></span> <span class='ocrx_word' id='word_1_532' title='bbox 2018 3873 2049 3958; x_wconf 88' lang='lat' dir='ltr'><strong>(l</strong></span> <span class='ocrx_word' id='word_1_533' title='bbox 2072 3875 2146 3941; x_wconf 83' lang='lat' dir='ltr'><strong>Gor.</strong></span> <span class='ocrx_word' id='word_1_534' title='bbox 2169 3876 2202 3965; x_wconf 95' lang='lat' dir='ltr'><strong>l)</strong></span> 
     </span>
     <span class='ocr_line' id='line_1_38' title="bbox 191 3954 2202 4048; baseline 0.002 -24"><span class='ocrx_word' id='word_1_535' title='bbox 191 3961 296 4025; x_wconf 90' lang='lat' dir='ltr'><strong>otiosa</strong></span> <span class='ocrx_word' id='word_1_536' title='bbox 316 3979 387 4024; x_wconf 88' lang='lat' dir='ltr'><strong>esse</strong></span> <span class='ocrx_word' id='word_1_537' title='bbox 409 3979 475 4022; x_wconf 90' lang='lat' dir='ltr'><strong>non</strong></span> <span class='ocrx_word' id='word_1_538' title='bbox 495 3957 606 4039; x_wconf 90' lang='lat' dir='ltr'><strong>possit.</strong></span> <span class='ocrx_word' id='word_1_539' title='bbox 651 3954 718 4037; x_wconf 75' lang='lat' dir='ltr'><strong>Qui</strong></span> <span class='ocrx_word' id='word_1_540' title='bbox 734 3955 889 4020; x_wconf 88' lang='lat' dir='ltr'><strong>dixerunt</strong></span> <span class='ocrx_word' id='word_1_541' title='bbox 909 3977 980 4021; x_wconf 88' lang='lat' dir='ltr'><strong>esse</strong></span> <span class='ocrx_word' id='word_1_542' title='bbox 1002 3956 1170 4038; x_wconf 89' lang='lat' dir='ltr'><strong>concupis·</strong></span> <span class='ocrx_word' id='word_1_543' title='bbox 1224 3977 1300 4021; x_wconf 91' lang='lat' dir='ltr'><strong>oum</strong></span> <span class='ocrx_word' id='word_1_544' title='bbox 1320 3955 1539 4038; x_wconf 89' lang='lat' dir='ltr'><strong>interrogaret</strong></span> <span class='ocrx_word' id='word_1_545' title='bbox 1559 3954 1762 4023; x_wconf 81' lang='lat' dir='ltr'><strong>Corinthios:</strong></span> <span class='ocrx_word' id='word_1_546' title='bbox 1787 3981 1829 4024; x_wconf 92' lang='lat' dir='ltr'><strong>an</strong></span> <span class='ocrx_word' id='word_1_547' title='bbox 1850 3961 1974 4025; x_wconf 93' lang='lat' dir='ltr'><strong>nonin</strong></span> <span class='ocrx_word' id='word_1_548' title='bbox 1996 3959 2121 4048; x_wconf 86' lang='lat' dir='ltr'><strong>Ohristi</strong></span> <span class='ocrx_word' id='word_1_549' title='bbox 2143 3984 2202 4028; x_wconf 90' lang='lat' dir='ltr'><strong>no·</strong></span> 
     </span>
     <span class='ocr_line' id='line_1_39' title="bbox 191 4040 2203 4131; baseline 0.002 -21"><span class='ocrx_word' id='word_1_550' title='bbox 191 4046 348 4122; x_wconf 69' lang='lat' dir='ltr'><strong>cendam,</strong></span> <span class='ocrx_word' id='word_1_551' title='bbox 383 4043 450 4107; x_wconf 88' lang='lat' dir='ltr'><strong>non</strong></span> <span class='ocrx_word' id='word_1_552' title='bbox 483 4043 581 4107; x_wconf 90' lang='lat' dir='ltr'><strong>nimis</strong></span> <span class='ocrx_word' id='word_1_553' title='bbox 608 4041 714 4106; x_wconf 90' lang='lat' dir='ltr'><strong>alieno</strong></span> <span class='ocrx_word' id='word_1_554' title='bbox 740 4042 840 4107; x_wconf 84' lang='lat' dir='ltr'><strong>verbo</strong></span> <span class='ocrx_word' id='word_1_555' title='bbox 867 4043 919 4106; x_wconf 91' lang='lat' dir='ltr'><strong>usi</strong></span> <span class='ocrx_word' id='word_1_556' title='bbox 947 4049 1038 4121; x_wconf 90' lang='lat' dir='ltr'><strong>sunt;</strong></span> <span class='ocrx_word' id='word_1_557' title='bbox 1072 4044 1100 4107; x_wconf 91' lang='lat' dir='ltr'><strong>si</strong></span> <span class='ocrx_word' id='word_1_558' title='bbox 1120 4048 1171 4105; x_wconf 91' lang='lat' dir='ltr'><strong>ta-</strong></span> <span class='ocrx_word' id='word_1_559' title='bbox 1224 4063 1301 4106; x_wconf 91' lang='lat' dir='ltr'><strong>men</strong></span> <span class='ocrx_word' id='word_1_560' title='bbox 1327 4040 1480 4123; x_wconf 89' lang='lat' dir='ltr'><strong>baptisati</strong></span> <span class='ocrx_word' id='word_1_561' title='bbox 1509 4041 1668 4106; x_wconf 83' lang='lat' dir='ltr'><strong>fuissent?</strong></span> <span class='ocrx_word' id='word_1_562' title='bbox 1719 4043 1866 4111; x_wconf 87' lang='lat' dir='ltr'><strong>Innuons</strong></span> <span class='ocrx_word' id='word_1_563' title='bbox 1894 4047 2032 4126; x_wconf 88' lang='lat' dir='ltr'><strong>scilicet,</strong></span> <span class='ocrx_word' id='word_1_564' title='bbox 2066 4068 2104 4113; x_wconf 88' lang='lat' dir='ltr'><strong>eo</strong></span> <span class='ocrx_word' id='word_1_565' title='bbox 2132 4049 2203 4131; x_wconf 92' lang='lat' dir='ltr'><strong>ipso</strong></span> 
     </span>
     <span class='ocr_line' id='line_1_40' title="bbox 190 4126 2203 4215; baseline 0.001 -18"><span class='ocrx_word' id='word_1_566' title='bbox 190 4151 270 4197; x_wconf 89' lang='lat' dir='ltr'><strong>men</strong></span> <span class='ocrx_word' id='word_1_567' title='bbox 289 4129 455 4207; x_wconf 85' lang='lat' dir='ltr'><strong>adderent,</strong></span> <span class='ocrx_word' id='word_1_568' title='bbox 479 4127 564 4211; x_wconf 91' lang='lat' dir='ltr'><strong>quod</strong></span> <span class='ocrx_word' id='word_1_569' title='bbox 586 4128 720 4191; x_wconf 88' lang='lat' dir='ltr'><strong>minime</strong></span> <span class='ocrx_word' id='word_1_570' title='bbox 741 4127 936 4207; x_wconf 90' lang='lat' dir='ltr'><strong>concedunt,</strong></span> <span class='ocrx_word' id='word_1_571' title='bbox 959 4127 1115 4211; x_wconf 91' lang='lat' dir='ltr'><strong>quidquid</strong></span> <span class='ocrx_word' id='word_1_572' title='bbox 1136 4128 1171 4192; x_wconf 88' lang='lat' dir='ltr'><strong>in</strong></span> <span class='ocrx_word' id='word_1_573' title='bbox 1224 4126 1310 4210; x_wconf 91' lang='lat' dir='ltr'><strong>quod</strong></span> <span class='ocrx_word' id='word_1_574' title='bbox 1331 4127 1366 4190; x_wconf 92' lang='lat' dir='ltr'><strong>in</strong></span> <span class='ocrx_word' id='word_1_575' title='bbox 1388 4126 1458 4191; x_wconf 89' lang='lat' dir='ltr'><strong>eius</strong></span> <span class='ocrx_word' id='word_1_576' title='bbox 1479 4148 1599 4192; x_wconf 91' lang='lat' dir='ltr'><strong>nomen</strong></span> <span class='ocrx_word' id='word_1_577' title='bbox 1625 4129 1763 4195; x_wconf 84' lang='lat' dir='ltr'><strong>luissent</strong></span> <span class='ocrx_word' id='word_1_578' title='bbox 1789 4130 1958 4215; x_wconf 87' lang='lat' dir='ltr'><strong>baptisati,</strong></span> <span class='ocrx_word' id='word_1_579' title='bbox 1987 4155 2058 4199; x_wconf 89' lang='lat' dir='ltr'><strong>sese</strong></span> <span class='ocrx_word' id='word_1_580' title='bbox 2077 4134 2125 4197; x_wconf 91' lang='lat' dir='ltr'><strong>illi</strong></span> <span class='ocrx_word' id='word_1_581' title='bbox 2148 4133 2203 4199; x_wconf 91' lang='lat' dir='ltr'><strong>de·</strong></span> 
     </span>
     <span class='ocr_line' id='line_1_41' title="bbox 191 4212 2202 4293; baseline 0 -11"><span class='ocrx_word' id='word_1_582' title='bbox 191 4217 326 4282; x_wconf 86' lang='lat' dir='ltr'><strong>homine</strong></span> <span class='ocrx_word' id='word_1_583' title='bbox 348 4225 413 4292; x_wconf 91' lang='lat' dir='ltr'><strong>est,</strong></span> <span class='ocrx_word' id='word_1_584' title='bbox 443 4216 483 4280; x_wconf 92' lang='lat' dir='ltr'><strong>ab</strong></span> <span class='ocrx_word' id='word_1_585' title='bbox 506 4213 673 4278; x_wconf 90' lang='lat' dir='ltr'><strong>intellectu</strong></span> <span class='ocrx_word' id='word_1_586' title='bbox 695 4212 737 4278; x_wconf 92' lang='lat' dir='ltr'><strong>ad</strong></span> <span class='ocrx_word' id='word_1_587' title='bbox 758 4213 976 4293; x_wconf 82' lang='lat' dir='ltr'><strong>voluntatem,</strong></span> <span class='ocrx_word' id='word_1_588' title='bbox 999 4215 1040 4279; x_wconf 91' lang='lat' dir='ltr'><strong>ab</strong></span> <span class='ocrx_word' id='word_1_589' title='bbox 1062 4214 1172 4278; x_wconf 89' lang='lat' dir='ltr'><strong>anima</strong></span> <span class='ocrx_word' id='word_1_590' title='bbox 1223 4213 1366 4292; x_wconf 81' lang='lat' dir='ltr'><strong>vovisse,</strong></span> <span class='ocrx_word' id='word_1_591' title='bbox 1395 4213 1431 4276; x_wconf 91' lang='lat' dir='ltr'><strong>in</strong></span> <span class='ocrx_word' id='word_1_592' title='bbox 1461 4213 1530 4278; x_wconf 91' lang='lat' dir='ltr'><strong>eius</strong></span> <span class='ocrx_word' id='word_1_593' title='bbox 1559 4235 1679 4279; x_wconf 88' lang='lat' dir='ltr'><strong>nomen</strong></span> <span class='ocrx_word' id='word_1_594' title='bbox 1705 4216 1830 4283; x_wconf 87' lang='lat' dir='ltr'><strong>iurasse</strong></span> <span class='ocrx_word' id='word_1_595' title='bbox 1857 4226 1891 4283; x_wconf 88' lang='lat' dir='ltr'><strong>et</strong></span> <span class='ocrx_word' id='word_1_596' title='bbox 1916 4219 2017 4285; x_wconf 89' lang='lat' dir='ltr'><strong>fidem</strong></span> <span class='ocrx_word' id='word_1_597' title='bbox 2038 4220 2087 4284; x_wconf 91' lang='lat' dir='ltr'><strong>illi</strong></span> <span class='ocrx_word' id='word_1_598' title='bbox 2108 4240 2202 4284; x_wconf 90' lang='lat' dir='ltr'><strong>suam</strong></span> 
     </span>
    </p>
   </div>
   <div class='ocr_carea' id='block_1_9' title="bbox 193 4298 2309 4392">
    <p class='ocr_par' dir='ltr' id='par_1_10' title="bbox 193 4298 2309 4392">
     <span class='ocr_line' id='line_1_42' title="bbox 193 4298 2309 4392; baseline 0.001 -24"><span class='ocrx_word' id='word_1_599' title='bbox 193 4302 238 4367; x_wconf 88' lang='lat' dir='ltr'><strong>ad</strong></span> <span class='ocrx_word' id='word_1_600' title='bbox 270 4323 403 4368; x_wconf 89' lang='lat' dir='ltr'><strong>carnem</strong></span> <span class='ocrx_word' id='word_1_601' title='bbox 435 4322 537 4383; x_wconf 92' lang='lat' dir='ltr'><strong>usquo</strong></span> <span class='ocrx_word' id='word_1_602' title='bbox 569 4299 633 4364; x_wconf 92' lang='lat' dir='ltr'><strong>hac</strong></span> <span class='ocrx_word' id='word_1_603' title='bbox 667 4300 926 4381; x_wconf 87' lang='lat' dir='ltr'><strong>concupiscentie</strong></span> <span class='ocrx_word' id='word_1_604' title='bbox 956 4300 1170 4382; x_wconf 84' lang='lat' dir='ltr'><strong>inquinatum,</strong></span> <span class='ocrx_word' id='word_1_605' title='bbox 1225 4298 1313 4382; x_wconf 92' lang='lat' dir='ltr'><strong>apud</strong></span> <span class='ocrx_word' id='word_1_606' title='bbox 1333 4299 1484 4365; x_wconf 88' lang='lat' dir='ltr'><strong>homines</strong></span> <span class='ocrx_word' id='word_1_607' title='bbox 1505 4299 1727 4382; x_wconf 87' lang='lat' dir='ltr'><strong>obstrinxisse,</strong></span> <span class='ocrx_word' id='word_1_608' title='bbox 1750 4308 1788 4368; x_wconf 93' lang='lat' dir='ltr'><strong>ut</strong></span> <span class='ocrx_word' id='word_1_609' title='bbox 1808 4306 1956 4371; x_wconf 85' lang='lat' dir='ltr'><strong>confiteri</strong></span> <span class='ocrx_word' id='word_1_610' title='bbox 1978 4307 2116 4390; x_wconf 87' lang='lat' dir='ltr'><strong>amplius</strong></span> <span class='ocrx_word' id='word_1_611' title='bbox 2137 4327 2204 4370; x_wconf 89' lang='lat' dir='ltr'><strong>non</strong></span> <span class='ocrx_word' id='word_1_612' title='bbox 2305 4375 2309 4392; x_wconf 27' lang='grc' dir='ltr'>ἱ</span> 
     </span>
    </p>
   </div>
   <div class='ocr_carea' id='block_1_10' title="bbox 192 4382 2208 5591">
    <p class='ocr_par' dir='ltr' id='par_1_11' title="bbox 192 4382 2203 4558">
     <span class='ocr_line' id='line_1_43' title="bbox 192 4382 2203 4471; baseline 0.001 -18"><span class='ocrx_word' id='word_1_613' title='bbox 192 4389 414 4471; x_wconf 87' lang='lat' dir='ltr'><strong>refertumque</strong></span> <span class='ocrx_word' id='word_1_614' title='bbox 435 4408 515 4463; x_wconf 89' lang='lat' dir='ltr'><strong>csse,</strong></span> <span class='ocrx_word' id='word_1_615' title='bbox 539 4390 596 4450; x_wconf 90' lang='lat' dir='ltr'><strong>aut</strong></span> <span class='ocrx_word' id='word_1_616' title='bbox 617 4382 670 4469; x_wconf 91' lang='lat' dir='ltr'><strong>(ut</strong></span> <span class='ocrx_word' id='word_1_617' title='bbox 690 4385 822 4449; x_wconf 89' lang='lat' dir='ltr'><strong>brevius</strong></span> <span class='ocrx_word' id='word_1_618' title='bbox 844 4385 1046 4471; x_wconf 89' lang='lat' dir='ltr'><strong>absolvatur)</strong></span> <span class='ocrx_word' id='word_1_619' title='bbox 1068 4393 1173 4451; x_wconf 89' lang='lat' dir='ltr'><strong>totum</strong></span> <span class='ocrx_word' id='word_1_620' title='bbox 1224 4391 1358 4469; x_wconf 88' lang='lat' dir='ltr'><strong>possent</strong></span> <span class='ocrx_word' id='word_1_621' title='bbox 1385 4385 1450 4449; x_wconf 88' lang='lat' dir='ltr'><strong>nisi</strong></span> <span class='ocrx_word' id='word_1_622' title='bbox 1472 4385 1578 4451; x_wconf 89' lang='lat' dir='ltr'><strong>solum</strong></span> <span class='ocrx_word' id='word_1_623' title='bbox 1598 4384 1783 4468; x_wconf 72' lang='lat' dir='ltr'><strong>Christum,</strong></span> <span class='ocrx_word' id='word_1_624' title='bbox 1805 4390 1869 4456; x_wconf 90' lang='lat' dir='ltr'><strong>nisi</strong></span> <span class='ocrx_word' id='word_1_625' title='bbox 1890 4393 2123 4457; x_wconf 88' lang='lat' dir='ltr'><strong>confessionem</strong></span> <span class='ocrx_word' id='word_1_626' title='bbox 2146 4391 2203 4455; x_wconf 90' lang='lat' dir='ltr'><strong>ab·</strong></span> 
     </span>
     <span class='ocr_line' id='line_1_44' title="bbox 193 4470 2061 4558; baseline 0.001 -19"><span class='ocrx_word' id='word_1_627' title='bbox 193 4474 362 4539; x_wconf 92' lang='lat' dir='ltr'><strong>hominem</strong></span> <span class='ocrx_word' id='word_1_628' title='bbox 388 4494 455 4537; x_wconf 93' lang='lat' dir='ltr'><strong>non</strong></span> <span class='ocrx_word' id='word_1_629' title='bbox 477 4471 565 4536; x_wconf 87' lang='lat' dir='ltr'><strong>aliud</strong></span> <span class='ocrx_word' id='word_1_630' title='bbox 588 4492 630 4535; x_wconf 92' lang='lat' dir='ltr'><strong>ex</strong></span> <span class='ocrx_word' id='word_1_631' title='bbox 652 4472 757 4553; x_wconf 90' lang='lat' dir='ltr'><strong>seipso</strong></span> <span class='ocrx_word' id='word_1_632' title='bbox 781 4493 860 4550; x_wconf 89' lang='lat' dir='ltr'><strong>esse,</strong></span> <span class='ocrx_word' id='word_1_633' title='bbox 883 4493 982 4555; x_wconf 92' lang='lat' dir='ltr'><strong>quam</strong></span> <span class='ocrx_word' id='word_1_634' title='bbox 1004 4473 1172 4555; x_wconf 89' lang='lat' dir='ltr'><strong>concupis·</strong></span> <span class='ocrx_word' id='word_1_635' title='bbox 1226 4492 1348 4555; x_wconf 88' lang='lat' dir='ltr'><strong>negare</strong></span> <span class='ocrx_word' id='word_1_636' title='bbox 1368 4470 1500 4550; x_wconf 79' lang='lat' dir='ltr'><strong>vellent,</strong></span> <span class='ocrx_word' id='word_1_637' title='bbox 1523 4493 1623 4555; x_wconf 88' lang='lat' dir='ltr'><strong>quam</strong></span> <span class='ocrx_word' id='word_1_638' title='bbox 1643 4473 1680 4537; x_wconf 91' lang='lat' dir='ltr'><strong>in</strong></span> <span class='ocrx_word' id='word_1_639' title='bbox 1701 4475 1862 4558; x_wconf 89' lang='lat' dir='ltr'><strong>baptismo</strong></span> <span class='ocrx_word' id='word_1_640' title='bbox 1885 4476 2061 4543; x_wconf 85' lang='lat' dir='ltr'><strong>ediderant</strong></span> 
     </span>
    </p>

    <p class='ocr_par' dir='ltr' id='par_1_12' title="bbox 193 4556 2208 5505">
     <span class='ocr_line' id='line_1_45' title="bbox 194 4556 2205 4645; baseline 0 -20"><span class='ocrx_word' id='word_1_641' title='bbox 194 4561 344 4625; x_wconf 85' lang='lat' dir='ltr'><strong>centiam</strong></span> <span class='ocrx_word' id='word_1_642' title='bbox 384 4557 579 4623; x_wconf 85' lang='lat' dir='ltr'><strong>Huiusmodi</strong></span> <span class='ocrx_word' id='word_1_643' title='bbox 604 4558 864 4640; x_wconf 84' lang='lat' dir='ltr'><strong>concupiscentia</strong></span> <span class='ocrx_word' id='word_1_644' title='bbox 886 4579 1054 4640; x_wconf 90' lang='lat' dir='ltr'><strong>nunquam</strong></span> <span class='ocrx_word' id='word_1_645' title='bbox 1075 4558 1173 4641; x_wconf 88' lang='lat' dir='ltr'><strong>plane</strong></span> <span class='ocrx_word' id='word_1_646' title='bbox 1311 4556 1409 4623; x_wconf 89' lang='lat' dir='ltr'><strong>Nunc</strong></span> <span class='ocrx_word' id='word_1_647' title='bbox 1428 4563 1600 4640; x_wconf 90' lang='lat' dir='ltr'><strong>postquam</strong></span> <span class='ocrx_word' id='word_1_648' title='bbox 1618 4569 1807 4626; x_wconf 89' lang='lat' dir='ltr'><strong>enarratum</strong></span> <span class='ocrx_word' id='word_1_649' title='bbox 1829 4570 1887 4641; x_wconf 91' lang='lat' dir='ltr'><strong>cst,</strong></span> <span class='ocrx_word' id='word_1_650' title='bbox 1910 4561 1987 4645; x_wconf 90' lang='lat' dir='ltr'><strong>quid</strong></span> <span class='ocrx_word' id='word_1_651' title='bbox 2009 4562 2205 4645; x_wconf 83' lang='lat' dir='ltr'><strong>spectaverit</strong></span> 
     </span>
     <span class='ocr_line' id='line_1_46' title="bbox 193 4643 2205 4730; baseline 0 -19"><span class='ocrx_word' id='word_1_652' title='bbox 193 4647 232 4710; x_wconf 91' lang='lat' dir='ltr'><strong>in</strong></span> <span class='ocrx_word' id='word_1_653' title='bbox 253 4645 438 4711; x_wconf 90' lang='lat' dir='ltr'><strong>hominibus</strong></span> <span class='ocrx_word' id='word_1_654' title='bbox 460 4645 573 4708; x_wconf 85' lang='lat' dir='ltr'><strong>interit</strong></span> <span class='ocrx_word' id='word_1_655' title='bbox 594 4650 627 4706; x_wconf 89' lang='lat' dir='ltr'><strong>et</strong></span> <span class='ocrx_word' id='word_1_656' title='bbox 648 4644 860 4726; x_wconf 87' lang='lat' dir='ltr'><strong>extinguitur,</strong></span> <span class='ocrx_word' id='word_1_657' title='bbox 884 4643 985 4708; x_wconf 88' lang='lat' dir='ltr'><strong>donec</strong></span> <span class='ocrx_word' id='word_1_658' title='bbox 1006 4666 1065 4727; x_wconf 88' lang='lat' dir='ltr'><strong>per</strong></span> <span class='ocrx_word' id='word_1_659' title='bbox 1086 4666 1174 4709; x_wconf 92' lang='lat' dir='ltr'><strong>mor·</strong></span> <span class='ocrx_word' id='word_1_660' title='bbox 1225 4643 1389 4708; x_wconf 88' lang='lat' dir='ltr'><strong>Dominus</strong></span> <span class='ocrx_word' id='word_1_661' title='bbox 1416 4649 1529 4708; x_wconf 88' lang='lat' dir='ltr'><strong>noster</strong></span> <span class='ocrx_word' id='word_1_662' title='bbox 1554 4644 1590 4707; x_wconf 92' lang='lat' dir='ltr'><strong>in</strong></span> <span class='ocrx_word' id='word_1_663' title='bbox 1617 4644 1822 4712; x_wconf 89' lang='lat' dir='ltr'><strong>institutione</strong></span> <span class='ocrx_word' id='word_1_664' title='bbox 1848 4648 2016 4730; x_wconf 87' lang='lat' dir='ltr'><strong>baptismi,</strong></span> <span class='ocrx_word' id='word_1_665' title='bbox 2050 4668 2132 4729; x_wconf 88' lang='lat' dir='ltr'><strong>quae</strong></span> <span class='ocrx_word' id='word_1_666' title='bbox 2161 4649 2205 4712; x_wconf 92' lang='lat' dir='ltr'><strong>sit</strong></span> 
     </span>
     <span class='ocr_line' id='line_1_47' title="bbox 194 4728 2205 4816; baseline 0.001 -20"><span class='ocrx_word' id='word_1_667' title='bbox 194 4740 264 4796; x_wconf 84' lang='lat' dir='ltr'><strong>tem</strong></span> <span class='ocrx_word' id='word_1_668' title='bbox 291 4753 309 4796; x_wconf 93' lang='lat' dir='ltr'><strong>e</strong></span> <span class='ocrx_word' id='word_1_669' title='bbox 343 4752 476 4814; x_wconf 90' lang='lat' dir='ltr'><strong>corpore</strong></span> <span class='ocrx_word' id='word_1_670' title='bbox 505 4729 620 4794; x_wconf 90' lang='lat' dir='ltr'><strong>mortis</strong></span> <span class='ocrx_word' id='word_1_671' title='bbox 653 4728 783 4794; x_wconf 90' lang='lat' dir='ltr'><strong>liberati</strong></span> <span class='ocrx_word' id='word_1_672' title='bbox 824 4731 1014 4813; x_wconf 88' lang='lat' dir='ltr'><strong>semetipsos</strong></span> <span class='ocrx_word' id='word_1_673' title='bbox 1039 4751 1174 4815; x_wconf 88' lang='lat' dir='ltr'><strong>prorsus</strong></span> <span class='ocrx_word' id='word_1_674' title='bbox 1217 4729 1320 4802; x_wconf 79' lang='lat' dir='ltr'><strong>,nobis</strong></span> <span class='ocrx_word' id='word_1_675' title='bbox 1341 4728 1457 4793; x_wconf 89' lang='lat' dir='ltr'><strong>utendi</strong></span> <span class='ocrx_word' id='word_1_676' title='bbox 1477 4728 1720 4814; x_wconf 89' lang='lat' dir='ltr'><strong>accipiendique</strong></span> <span class='ocrx_word' id='word_1_677' title='bbox 1737 4733 1828 4811; x_wconf 91' lang='lat' dir='ltr'><strong>ratio,</strong></span> <span class='ocrx_word' id='word_1_678' title='bbox 1852 4732 1994 4798; x_wconf 88' lang='lat' dir='ltr'><strong>iudicare</strong></span> <span class='ocrx_word' id='word_1_679' title='bbox 2015 4740 2205 4816; x_wconf 90' lang='lat' dir='ltr'><strong>promptum</strong></span> 
     </span>
     <span class='ocr_line' id='line_1_48' title="bbox 197 4813 2205 4902; baseline 0 -19"><span class='ocrx_word' id='word_1_680' title='bbox 197 4818 357 4883; x_wconf 87' lang='lat' dir='ltr'><strong>exuerint</strong></span> <span class='ocrx_word' id='word_1_681' title='bbox 408 4815 599 4899; x_wconf 91' lang='lat' dir='ltr'><strong>Baptismus</strong></span> <span class='ocrx_word' id='word_1_682' title='bbox 627 4813 759 4898; x_wconf 89' lang='lat' dir='ltr'><strong>quidem</strong></span> <span class='ocrx_word' id='word_1_683' title='bbox 786 4816 946 4898; x_wconf 92' lang='lat' dir='ltr'><strong>promittit</strong></span> <span class='ocrx_word' id='word_1_684' title='bbox 976 4817 1069 4882; x_wconf 89' lang='lat' dir='ltr'><strong>nobis</strong></span> <span class='ocrx_word' id='word_1_685' title='bbox 1085 4815 1174 4881; x_wconf 71' lang='lat' dir='ltr'><strong>&#39;sub-</strong></span> <span class='ocrx_word' id='word_1_686' title='bbox 1227 4821 1284 4880; x_wconf 84' lang='lat' dir='ltr'><strong>est</strong></span> <span class='ocrx_word' id='word_1_687' title='bbox 1334 4813 1423 4880; x_wconf 88' lang='lat' dir='ltr'><strong>Nam</strong></span> <span class='ocrx_word' id='word_1_688' title='bbox 1455 4822 1617 4898; x_wconf 88' lang='lat' dir='ltr'><strong>quatenus</strong></span> <span class='ocrx_word' id='word_1_689' title='bbox 1650 4818 1866 4884; x_wconf 80' lang='lat' dir='ltr'><strong>consolandas</strong></span> <span class='ocrx_word' id='word_1_690' title='bbox 1899 4818 2205 4902; x_wconf 88' lang='lat' dir='ltr'><strong>confirmandaeque</strong></span> 
     </span>
     <span class='ocr_line' id='line_1_49' title="bbox 199 4899 2205 4986; baseline 0 -17"><span class='ocrx_word' id='word_1_691' title='bbox 199 4924 346 4969; x_wconf 90' lang='lat' dir='ltr'><strong>mersum</strong></span> <span class='ocrx_word' id='word_1_692' title='bbox 366 4924 437 4968; x_wconf 88' lang='lat' dir='ltr'><strong>esse</strong></span> <span class='ocrx_word' id='word_1_693' title='bbox 458 4909 608 4967; x_wconf 87' lang='lat' dir='ltr'><strong>nostrum</strong></span> <span class='ocrx_word' id='word_1_694' title='bbox 628 4901 837 4966; x_wconf 87' lang='lat' dir='ltr'><strong>Pharaonem</strong></span> <span class='ocrx_word' id='word_1_695' title='bbox 858 4907 892 4966; x_wconf 90' lang='lat' dir='ltr'><strong>et</strong></span> <span class='ocrx_word' id='word_1_696' title='bbox 916 4903 1042 4985; x_wconf 87' lang='lat' dir='ltr'><strong>peccati</strong></span> <span class='ocrx_word' id='word_1_697' title='bbox 1062 4902 1175 4967; x_wconf 88' lang='lat' dir='ltr'><strong>morti·</strong></span> <span class='ocrx_word' id='word_1_698' title='bbox 1226 4899 1304 4965; x_wconf 88' lang='lat' dir='ltr'><strong>fidoi</strong></span> <span class='ocrx_word' id='word_1_699' title='bbox 1329 4906 1462 4966; x_wconf 87' lang='lat' dir='ltr'><strong>nostrae</strong></span> <span class='ocrx_word' id='word_1_700' title='bbox 1489 4900 1601 4981; x_wconf 88' lang='lat' dir='ltr'><strong>datur,</strong></span> <span class='ocrx_word' id='word_1_701' title='bbox 1631 4903 1838 4986; x_wconf 87' lang='lat' dir='ltr'><strong>accipiendus</strong></span> <span class='ocrx_word' id='word_1_702' title='bbox 1865 4911 1915 4969; x_wconf 91' lang='lat' dir='ltr'><strong>est</strong></span> <span class='ocrx_word' id='word_1_703' title='bbox 1941 4924 2033 4986; x_wconf 78' lang='lat' dir='ltr'><strong>quasi</strong></span> <span class='ocrx_word' id='word_1_704' title='bbox 2059 4927 2077 4969; x_wconf 90' lang='lat' dir='ltr'><strong>e</strong></span> <span class='ocrx_word' id='word_1_705' title='bbox 2102 4927 2205 4970; x_wconf 91' lang='lat' dir='ltr'><strong>manu</strong></span> 
     </span>
     <span class='ocr_line' id='line_1_50' title="bbox 200 4987 2207 5074; baseline 0 -20"><span class='ocrx_word' id='word_1_706' title='bbox 200 4990 401 5069; x_wconf 73' lang='lat' dir='ltr'><strong>fioafionem3</strong></span> <span class='ocrx_word' id='word_1_707' title='bbox 429 5010 496 5053; x_wconf 91' lang='lat' dir='ltr'><strong>non</strong></span> <span class='ocrx_word' id='word_1_708' title='bbox 522 4995 635 5052; x_wconf 90' lang='lat' dir='ltr'><strong>tamen</strong></span> <span class='ocrx_word' id='word_1_709' title='bbox 660 4988 707 5052; x_wconf 91' lang='lat' dir='ltr'><strong>ita</strong></span> <span class='ocrx_word' id='word_1_710' title='bbox 728 4992 766 5052; x_wconf 87' lang='lat' dir='ltr'><strong>ut</strong></span> <span class='ocrx_word' id='word_1_711' title='bbox 786 4987 926 5070; x_wconf 85' lang='lat' dir='ltr'><strong>amplius</strong></span> <span class='ocrx_word' id='word_1_712' title='bbox 947 4990 1091 5068; x_wconf 89' lang='lat' dir='ltr'><strong>nonsit,</strong></span> <span class='ocrx_word' id='word_1_713' title='bbox 1120 4992 1177 5053; x_wconf 89' lang='lat' dir='ltr'><strong>aut</strong></span> <span class='ocrx_word' id='word_1_714' title='bbox 1227 4987 1293 5052; x_wconf 90' lang='lat' dir='ltr'><strong>Dei</strong></span> <span class='ocrx_word' id='word_1_715' title='bbox 1298 5009 1307 5067; x_wconf 91' lang='lat'>;</span> <span class='ocrx_word' id='word_1_716' title='bbox 1329 4992 1456 5052; x_wconf 88' lang='lat' dir='ltr'><strong>certum</strong></span> <span class='ocrx_word' id='word_1_717' title='bbox 1478 5008 1735 5072; x_wconf 85' lang='lat' dir='ltr'><strong>persuasumque</strong></span> <span class='ocrx_word' id='word_1_718' title='bbox 1760 4989 1881 5054; x_wconf 89' lang='lat' dir='ltr'><strong>habere</strong></span> <span class='ocrx_word' id='word_1_719' title='bbox 1903 4990 2069 5071; x_wconf 84' lang='lat' dir='ltr'><strong>convenit,</strong></span> <span class='ocrx_word' id='word_1_720' title='bbox 2097 4993 2207 5074; x_wconf 91' lang='lat' dir='ltr'><strong>ipsum</strong></span> 
     </span>
     <span class='ocr_line' id='line_1_51' title="bbox 202 5073 2205 5164; baseline 0 -24"><span class='ocrx_word' id='word_1_721' title='bbox 202 5075 294 5140; x_wconf 89' lang='lat' dir='ltr'><strong>nobis</strong></span> <span class='ocrx_word' id='word_1_722' title='bbox 315 5075 483 5158; x_wconf 87' lang='lat' dir='ltr'><strong>negotium</strong></span> <span class='ocrx_word' id='word_1_723' title='bbox 504 5095 571 5138; x_wconf 91' lang='lat' dir='ltr'><strong>non</strong></span> <span class='ocrx_word' id='word_1_724' title='bbox 585 5073 738 5153; x_wconf 81' lang='lat' dir='ltr'><strong>lacessat,</strong></span> <span class='ocrx_word' id='word_1_725' title='bbox 757 5073 814 5139; x_wconf 88' lang='lat' dir='ltr'><strong>sed</strong></span> <span class='ocrx_word' id='word_1_726' title='bbox 831 5080 960 5139; x_wconf 88' lang='lat' dir='ltr'><strong>tantum</strong></span> <span class='ocrx_word' id='word_1_727' title='bbox 977 5096 1019 5139; x_wconf 89' lang='lat' dir='ltr'><strong>ne</strong></span> <span class='ocrx_word' id='word_1_728' title='bbox 1036 5079 1175 5158; x_wconf 85' lang='lat' dir='ltr'><strong>superet</strong></span> <span class='ocrx_word' id='word_1_729' title='bbox 1228 5094 1299 5138; x_wconf 89' lang='lat' dir='ltr'><strong>esse</strong></span> <span class='ocrx_word' id='word_1_730' title='bbox 1321 5073 1378 5156; x_wconf 92' lang='lat' dir='ltr'><strong>qui</strong></span> <span class='ocrx_word' id='word_1_731' title='bbox 1403 5073 1496 5138; x_wconf 90' lang='lat' dir='ltr'><strong>nobis</strong></span> <span class='ocrx_word' id='word_1_732' title='bbox 1508 5094 1576 5156; x_wconf 88' lang='lat' dir='ltr'><strong>por</strong></span> <span class='ocrx_word' id='word_1_733' title='bbox 1602 5074 1734 5159; x_wconf 89' lang='lat' dir='ltr'><strong>signum</strong></span> <span class='ocrx_word' id='word_1_734' title='bbox 1755 5074 1912 5157; x_wconf 87' lang='lat' dir='ltr'><strong>loquitur,</strong></span> <span class='ocrx_word' id='word_1_735' title='bbox 1936 5075 2045 5158; x_wconf 91' lang='lat' dir='ltr'><strong>ipsum</strong></span> <span class='ocrx_word' id='word_1_736' title='bbox 2068 5074 2109 5163; x_wconf 87' lang='lat' dir='ltr'><strong>[p.</strong></span> <span class='ocrx_word' id='word_1_737' title='bbox 2128 5075 2205 5164; x_wconf 81' lang='lat'><strong>228]</strong></span> 
     </span>
     <span class='ocr_line' id='line_1_52' title="bbox 202 5158 2207 5245; baseline 0.001 -19"><span class='ocrx_word' id='word_1_738' title='bbox 202 5160 290 5226; x_wconf 87' lang='lat' dir='ltr'><strong>Nam</strong></span> <span class='ocrx_word' id='word_1_739' title='bbox 311 5161 466 5244; x_wconf 89' lang='lat' dir='ltr'><strong>quamdin</strong></span> <span class='ocrx_word' id='word_1_740' title='bbox 487 5162 523 5225; x_wconf 93' lang='lat' dir='ltr'><strong>in</strong></span> <span class='ocrx_word' id='word_1_741' title='bbox 549 5159 612 5225; x_wconf 91' lang='lat' dir='ltr'><strong>boo</strong></span> <span class='ocrx_word' id='word_1_742' title='bbox 633 5180 763 5226; x_wconf 89' lang='lat' dir='ltr'><strong>carcere</strong></span> <span class='ocrx_word' id='word_1_743' title='bbox 785 5161 928 5244; x_wconf 91' lang='lat' dir='ltr'><strong>corporis</strong></span> <span class='ocrx_word' id='word_1_744' title='bbox 949 5162 1054 5227; x_wconf 87' lang='lat' dir='ltr'><strong>nostri</strong></span> <span class='ocrx_word' id='word_1_745' title='bbox 1075 5161 1177 5227; x_wconf 85' lang='lat' dir='ltr'><strong>clausi</strong></span> <span class='ocrx_word' id='word_1_746' title='bbox 1228 5179 1315 5240; x_wconf 88' lang='lat' dir='ltr'><strong>osse,</strong></span> <span class='ocrx_word' id='word_1_747' title='bbox 1338 5158 1395 5243; x_wconf 91' lang='lat' dir='ltr'><strong>qni</strong></span> <span class='ocrx_word' id='word_1_748' title='bbox 1414 5179 1474 5224; x_wconf 91' lang='lat' dir='ltr'><strong>nos</strong></span> <span class='ocrx_word' id='word_1_749' title='bbox 1495 5165 1632 5245; x_wconf 88' lang='lat' dir='ltr'><strong>purgat,</strong></span> <span class='ocrx_word' id='word_1_750' title='bbox 1655 5158 1772 5239; x_wconf 87' lang='lat' dir='ltr'><strong>abluit,</strong></span> <span class='ocrx_word' id='word_1_751' title='bbox 1800 5159 1993 5227; x_wconf 88' lang='lat' dir='ltr'><strong>delictorum</strong></span> <span class='ocrx_word' id='word_1_752' title='bbox 2014 5164 2207 5229; x_wconf 89' lang='lat' dir='ltr'><strong>memoriam</strong></span> 
     </span>
     <span class='ocr_line' id='line_1_53' title="bbox 204 5243 2208 5352; baseline 0.002 -40"><span class='ocrx_word' id='word_1_753' title='bbox 204 5243 367 5347; x_wconf 64' lang='lat' dir='ltr'><strong>degimus,</strong></span> <span class='ocrx_word' id='word_1_754' title='bbox 390 5247 586 5346; x_wconf 82' lang='lat' dir='ltr'><strong>habitabunt</strong></span> <span class='ocrx_word' id='word_1_755' title='bbox 611 5245 648 5311; x_wconf 89' lang='lat' dir='ltr'><strong>in</strong></span> <span class='ocrx_word' id='word_1_756' title='bbox 668 5245 762 5346; x_wconf 78' lang='lat' dir='ltr'><strong>nobis</strong></span> <span class='ocrx_word' id='word_1_757' title='bbox 783 5246 939 5348; x_wconf 83' lang='lat' dir='ltr'><strong>reliquiae</strong></span> <span class='ocrx_word' id='word_1_758' title='bbox 959 5247 1099 5332; x_wconf 89' lang='lat' dir='ltr'><strong>peccati;</strong></span> <span class='ocrx_word' id='word_1_759' title='bbox 1120 5245 1178 5312; x_wconf 89' lang='lat' dir='ltr'><strong>sed</strong></span> <span class='ocrx_word' id='word_1_760' title='bbox 1230 5243 1351 5345; x_wconf 83' lang='lat' dir='ltr'><strong>abolot;</strong></span> <span class='ocrx_word' id='word_1_761' title='bbox 1369 5244 1483 5345; x_wconf 82' lang='lat' dir='ltr'><strong>ipsum</strong></span> <span class='ocrx_word' id='word_1_762' title='bbox 1503 5266 1575 5312; x_wconf 90' lang='lat' dir='ltr'><strong>esse</strong></span> <span class='ocrx_word' id='word_1_763' title='bbox 1595 5246 1651 5329; x_wconf 92' lang='lat' dir='ltr'><strong>qui</strong></span> <span class='ocrx_word' id='word_1_764' title='bbox 1676 5245 1791 5346; x_wconf 71' lang='lat' dir='ltr'><strong>mortis</strong></span> <span class='ocrx_word' id='word_1_765' title='bbox 1811 5245 1944 5348; x_wconf 75' lang='lat' dir='ltr'><strong>filiisui</strong></span> <span class='ocrx_word' id='word_1_766' title='bbox 1963 5249 2208 5352; x_wconf 73' lang='lat' dir='ltr'><strong>participesfa·</strong></span> 
     </span>
     <span class='ocr_line' id='line_1_54' title="bbox 201 5331 2208 5505; baseline 0.002 -21"><span class='ocrx_word' id='word_1_767' title='bbox 201 5354 573 5498; x_wconf 57' lang='lat' dir='ltr'><strong>erasmum</strong></span> <span class='ocrx_word' id='word_1_768' title='bbox 598 5331 1179 5505; x_wconf 53' lang='lat' dir='ltr'><strong>emersissem</strong></span> <span class='ocrx_word' id='word_1_769' title='bbox 1231 5337 1383 5498; x_wconf 60' lang='lat' dir='ltr'><strong>sess</strong></span> <span class='ocrx_word' id='word_1_770' title='bbox 1411 5336 2113 5502; x_wconf 52' lang='lat' dir='ltr'><strong>restauraturum</strong></span> <span class='ocrx_word' id='word_1_771' title='bbox 2120 5358 2208 5488; x_wconf 74' lang='lat' dir='ltr'><strong>u</strong></span> 
     </span>
    </p>

    <p class='ocr_par' dir='ltr' id='par_1_13' title="bbox 277 5519 2006 5591">
     <span class='ocr_line' id='line_1_55' title="bbox 277 5519 2006 5591; baseline 0.001 -15"><span class='ocrx_word' id='word_1_772' title='bbox 277 5519 386 5576; x_wconf 58' lang='lat' dir='ltr'><strong>Goloim</strong></span> <span class='ocrx_word' id='word_1_773' title='bbox 399 5538 491 5591; x_wconf 79' lang='lat' dir='ltr'><strong>opero.</strong></span> <span class='ocrx_word' id='word_1_774' title='bbox 530 5520 587 5577; x_wconf 83' lang='lat' dir='ltr'><strong>Vol.</strong></span> <span class='ocrx_word' id='word_1_775' title='bbox 606 5519 630 5578; x_wconf 90' lang='lat' dir='ltr'><strong>l.</strong></span> <span class='ocrx_word' id='word_1_776' title='bbox 1746 5561 1750 5568; x_wconf 82' lang='lat'>-</span> <span class='ocrx_word' id='word_1_777' title='bbox 1879 5571 1886 5581; x_wconf 84' lang='lat'><strong>,</strong></span> <span class='ocrx_word' id='word_1_778' title='bbox 1988 5521 2006 5577; x_wconf 89' lang='grc'><strong>8</strong></span> 
     </span>
    </p>
   </div>
   <div class='ocr_carea' id='block_1_11' title="bbox 0 0 2400 6020">
    <p class='ocr_par' dir='ltr' id='par_1_14' title="bbox 0 0 2400 6020">
     <span class='ocr_line' id='line_1_56' title="bbox 0 0 2400 6020; baseline 0 0"><span class='ocrx_word' id='word_1_779' title='bbox 0 0 2400 6020; x_wconf 95' lang='lat' dir='ltr'><strong> </strong></span> 
     </span>
    </p>
   </div>
  </div>
 </body>
</html>
