4770 6030
218 311 282 373 aot
477 397 480 411 ¹
866 303 1580 373 msuIvumoanucua1suime.
1935 261 1939 272 ’
2163 316 2226 380 nos

215 505 269 565 est
290 521 379 576 mea,
418 496 476 562 sed
497 497 581 572 eius,
609 497 665 578 qui
692 516 745 559 mc
766 495 870 573 misit,
897 495 1000 578 patris
1022 493 1126 577 (Ioan.
1149 495 1193 578 7).
1247 492 1330 557 dixit
1351 492 1486 578 (Matth.
1513 494 1582 580 17):
1614 498 1723 579 ipsum
1749 496 1873 577 auditc3
1910 499 1967 564 sad
1994 500 2111 580 quibus
2140 502 2227 566 inest

216 584 315 651 Hanc
338 585 459 669 legem,
488 603 586 665 quam
615 582 675 647 sibi
702 580 855 647 Ohristus
881 601 1006 664 quoquc
1031 581 1193 662 imposuit,
1246 579 1320 662 plus
1333 578 1488 662 quiddam
1504 581 1658 664 ponderis
1675 603 1714 648 ao
1726 585 1888 667 energiae,
1911 606 2010 667 quam
2026 585 2127 669 vulgo
2139 588 2227 653 exis-

217 670 371 754 apostolis
392 669 534 751 profecto
556 677 636 734 eta
695 666 835 731 tolorum
856 665 1110 742 successoribus,
1138 664 1194 731 de·
1247 665 1389 730 timetur.
1432 665 1577 732 Perinde
1605 669 1694 732 enim
1715 677 1780 746 cst,
1809 691 1847 735 ac
1874 672 1902 755 si
1929 671 1970 738 ab
1998 673 2147 736 omnium
2166 672 2227 738 ho-

217 764 356 822 treotare
376 754 469 820 nefas
488 755 594 819 fuerit.
663 773 829 835 nanquam
849 751 948 835 longe
965 752 1065 816 etiam
1087 751 1194 817 diver·
1246 751 1374 815 minum
1396 750 1551 818 doctrinis
1581 752 1746 832 adductos,
1762 752 1786 838 ¹)
1815 755 1891 821 huic
1918 757 1978 820 uni
1998 777 2059 821 nos
2078 758 2225 837 stihssat,

216 843 345 911 sissima
367 849 417 906 est
437 841 530 905 ratio.
563 840 639 922 Ipse
657 839 746 903 enim
764 847 916 903 aeternus
938 859 976 903 ac
998 838 1115 902 unicus
1136 859 1194 920 pa-
1247 837 1288 903 ab
1310 858 1376 902 uno
1393 857 1523 916 omnem
1545 839 1660 904 salutis
1680 839 1860 905 doctrinam
1879 848 1989 925 patara
2005 843 2162 923 iussisset,
2185 846 2226 911 ab

216 928 277 993 tris
298 926 516 1005 consiliarius,
538 927 593 1009 qui
615 926 650 989 in
672 926 742 990 cius
761 924 834 989 sinu
857 944 985 1006 semper
1006 923 1083 1003 fuit,
1106 924 1153 989 sic
1175 945 1196 988 a
1246 943 1312 986 uno
1339 922 1498 1005 pendere,
1528 924 1658 990 inuno
1680 925 1815 990 haerere
1838 927 1991 1010 denique,
2018 927 2103 1010 quod
2125 931 2227 996 verba

215 1022 310 1096 patre
331 1012 463 1094 accepit,
486 1019 525 1076 ut
546 1011 643 1077 simul
665 1031 778 1075 omncs
800 1010 954 1075 scientiae
969 1010 1194 1092 etsapientiae
1218 1040 1221 1101 4
1247 1018 1374 1086 sonant,
1396 1010 1454 1073 uni
1477 1010 1668 1075 auscultare.

215 1098 386 1164 thesauros
407 1097 560 1163 habuerit
578 1098 614 1161 in
633 1118 668 1162 se
685 1095 866 1162 reconditos
888 1094 972 1180 (001.
987 1095 1030 1179 2).
1061 1097 1115 1160 Ex
1133 1096 1195 1161 hoc
1331 1095 1377 1159 Et
1398 1117 1486 1174 sane,
1509 1095 1588 1178 quid
1603 1098 1670 1161 iam
1687 1097 1729 1162 ab
1749 1096 1881 1181 homine
1899 1106 1957 1162 aut
1972 1102 2145 1182 expectari,
2169 1109 2227 1167 aut

214 1184 303 1249 fonte
324 1184 508 1249 hauserunt
528 1204 640 1248 omnes
661 1182 848 1265 prophetae,
871 1180 1028 1263 quidquid
1049 1203 1194 1264 unquam
1228 1181 1355 1262 -cxpeti
1377 1180 1506 1260 debeat,
1535 1182 1591 1247 ubi
1618 1183 1756 1248 verbum
1777 1185 1885 1266 ipsum
1913 1185 2000 1249 vitae
2022 1186 2225 1253 familiariter

214 1271 403 1336 coelestium
423 1269 629 1335 oraculorum
650 1267 831 1333 ediderunt
864 1267 919 1331 Ex
940 1265 1051 1331 codam
1074 1266 1193 1343 Adam,
1247 1265 1415 1332 nobiscum
1437 1267 1474 1330 in
1495 1288 1595 1333 carna
1616 1277 1729 1333 nostra
1749 1278 1917 1336 versatum
1938 1271 2010 1335 cst?
2048 1271 2121 1337 Nisi
2141 1272 2225 1339 forte

215 1355 327 1433 Noah,
350 1355 535 1434 Abraham,
565 1355 675 1431 Isaac,
705 1354 802 1419 Iacob
831 1359 865 1417 et
891 1352 962 1432 alii,
987 1373 1194 1435 quoscunque
1246 1372 1321 1434 spes
1342 1352 1398 1430 sit,
1428 1353 1469 1418 ab
1492 1353 1623 1418 homine
1650 1375 1744 1436 posse
1765 1356 1830 1422 Dei
1852 1357 2047 1439 sapientiam
2068 1361 2225 1440 superari.

216 1442 257 1507 ab
273 1442 366 1506 initio
382 1442 474 1506 Deus
492 1442 543 1506 sui
561 1441 744 1524 cognitione
761 1438 914 1523 dignatis
931 1445 989 1515 ast,
1013 1437 1196 1503 hauserunt
1247 1434 1338 1517 Quin
1364 1439 1512 1502 omnium
1538 1438 1708 1504 hominum
1734 1461 1792 1505 ora
1821 1441 1933 1507 clausa
1960 1464 2031 1507 esse
2063 1446 2225 1524 convenit,

214 1528 337 1610 stipsi
364 1548 490 1611 quoque
524 1525 680 1610 quidquid
707 1525 854 1590 coelestis
882 1523 1047 1590 doctrinae
1075 1523 1194 1589 didice-
1245 1531 1417 1605 postquam
1437 1522 1538 1588 semel
1558 1524 1684 1591 locutus
1706 1526 1840 1605 ostilla,
1862 1528 1982 1610 inquo
2004 1528 2151 1595 coelestis
2168 1551 2226 1613 pa·

216 1619 302 1678 runt
346 1613 433 1678 Nam
455 1613 483 1678 si
504 1613 567 1677 fuit
592 1611 674 1677 illud
700 1617 857 1694 perpetuo
882 1631 999 1674 verum
1043 1619 1080 1672 ut
1107 1617 1194 1674 certe
1247 1617 1298 1672 ter
1314 1629 1427 1674 omnes
1444 1610 1597 1675 scientiae
1614 1618 1649 1674 et
1666 1613 1843 1694 sapientiae
1854 1613 2025 1679 thesauros
2036 1615 2142 1680 voluit
2156 1637 2227 1682 esse

215 1699 291 1783 fuit)
310 1699 395 1782 quod
417 1699 546 1765 dicebat
567 1699 707 1762 Ioannes
724 1697 867 1779 baptista
888 1695 993 1778 (Ioan.
1020 1614 1053 1780 lh

215 1805 292 1851 nem
318 1806 463 1867 unquam
484 1785 595 1849 Deum
615 1783 749 1861 vidisse,
778 1782 834 1847 sad
854 1782 909 1846 un'
935 1783 1059 1846 enitum
1080 1780 1194 1859 filium,
1247 1780 1413 1861 pientiam,
1436 1801 1518 1863 quae
1539 1781 1632 1846 nulla
1648 1783 1683 1846 in
1700 1792 1794 1865 parte
1811 1783 1922 1850 hiulca
1934 1790 1992 1862 cst,
2009 1792 2043 1849 et
2058 1786 2224 1866 Messinm,

187 1871 272 1954 ·qui
292 1877 343 1936 est
363 1872 398 1936 iu
420 1871 494 1936 sinu
509 1873 622 1952 patris,
645 1869 848 1933 enarravissc
871 1888 914 1931 no
936 1868 980 1945 is;
1000 1876 1033 1931 ot
1054 1867 1194 1932 alterum
1247 1887 1267 1930 a
1291 1886 1354 1948 quo
1375 1867 1521 1931 omnium
1542 1867 1697 1932 revelatio
1719 1870 1967 1952 expectabatur,
1991 1870 2139 1938 decebat:
2162 1873 2225 1939 hoc

182 1981 185 1988 ¹
215 1957 317 2038 ipsius
340 1955 465 2022 Christi
486 1956 623 2021 verbum
647 1954 780 2040 (Matth.
808 1953 876 2037 ll):
904 1952 990 2034 quod
1018 1975 1115 2017 nemo
1136 1974 1194 2035 pa-
1246 1959 1305 2028 ast,
1328 1959 1366 2014 ut
1376 1951 1533 2034 aliispost
1542 1973 1578 2017 se
1595 1953 1677 2018 nihil
1689 1953 1863 2020 dicendum
1877 1955 2045 2038 reliquerit
2061 1958 2165 2038 (Ioan.
2178 1958 2224 2045 4).

215 2050 301 2107 trem
321 2041 456 2120 viderit,
486 2042 549 2107 nisi
576 2042 664 2106 filius
693 2047 727 2105 et
752 2041 805 2106 cui
831 2039 1081 2103 filius‘voluerit
1100 2060 1194 2103 revo-
1247 2036 1368 2115 Unum,
1391 2038 1539 2119 inquam,
1563 2037 1734 2104 Christum
1755 2041 1936 2107 tacentibus
1958 2042 2108 2110 omnibus
2129 2044 2225 2127 loqui,

215 2127 298 2207 lnre;
332 2127 490 2210 quomodo
518 2129 582 2192 Dei
609 2128 781 2211 mysteria,
817 2130 875 2190 aut
907 2126 1015 2189 auimo
1048 2145 1193 2206 compre-
1246 2144 1350 2187 unum
1379 2124 1529 2189 omnibus
1555 2125 1683 2190 omissis
1704 2135 1737 2190 et
1764 2128 1936 2192 contemtis
1963 2127 2070 2193 audiri
2091 2137 2225 2213 oportet

216 2213 416 2291 hendissent,
439 2221 496 2279 aut
517 2213 635 2279 elocuti
656 2218 778 2289 essent,
801 2211 865 2276 nisi
887 2209 1021 2275 docente
1043 2210 1119 2287 filio,
1141 2210 1193 2275 oui
1245 2208 1319 2273 Hoo
1346 2209 1435 2272 enim
1462 2210 1531 2274 eius
1560 2212 1727 2293 proprium
1756 2219 1888 2291 eat,·ut
1915 2213 2030 2279 doceat
2054 2216 2148 2299 quasi

216 2299 276 2364 soli
295 2307 408 2382 patent
429 2320 549 2366 arcana
570 2297 694 2382 patris?
739 2299 850 2363 Deum
875 2297 985 2378 itaque
1011 2317 1078 2359 non
1100 2295 1195 2360 ahter
1247 2301 1399 2359 testatem
1420 2294 1545 2361 habens
1568 2295 1702 2380 (Matth.
1726 2297 1768 2382 7).
1813 2298 1860 2362 Et
1885 2298 1969 2363 nihil
1997 2300 2142 2383 apertius
2164 2237 2228 2368 dih

298 2393 438 2450 ovemmt
454 2386 559 2451 sancti
575 2384 623 2448 illi
640 2384 798 2463 hominos,
821 2403 919 2465 quam
936 2382 1044 2463 ipsum
1061 2382 1097 2445 in
1117 2381 1193 2460 filio,
1246 2387 1388 2463 poterat,
1419 2401 1518 2462 quam
1542 2381 1628 2464 quod
1651 2383 1721 2464 ipsc
1751 2384 1797 2447 ait
1817 2383 1997 2468 discipulis:
2031 2407 2090 2451 vos
2117 2395 2228 2452 autem

215 2406 307 2536 πεῖ
327 2472 361 2535 in
383 2471 513 2554 speculo
534 2470 653 2549 intuiti,
677 2491 737 2535 uec
759 2469 855 2533 aliter
876 2467 916 2532 dc
933 2469 1006 2533 Deo
1026 2467 1194 2532 vaticinati
1247 2465 1347 2528 nolite
1386 2468 1495 2531 vocari
1526 2467 1633 2545 rabbi;
1675 2491 1760 2533 unus
1797 2470 1887 2534 enim
1923 2472 2080 2555 magister
2119 2487 2229 2539 vester

143 2627 152 2645 ,
215 2563 293 2622 sunt
311 2556 498 2639 prophetae.
522 2578 621 2639 quam
643 2555 790 2620 eiusdem
806 2554 867 2618 filii
888 2554 1019 2636 spiritu;
1042 2574 1100 2617 seu
1122 2554 1194 2635 quis
1246 2549 1399 2616 Christus
1429 2553 1563 2651 (Matth.
1589 2553 1654 2636 23).
1699 2554 1841 2634 Deinde,
1873 2552 1914 2655 [p.
1931 2555 2009 2643 427]
2023 2569 2101 2656 ‘quo
2129 2558 2227 2623 altius

215 2642 262 2708 ita
283 2642 346 2707 dici
370 2639 411 2729 [p.
426 2641 503 2729 425]
526 2642 634 2707 malit:
664 2663 732 2706 non
760 2641 825 2705 alia
846 2641 972 2704 ratione
994 2660 1028 2703 se
1050 2659 1194 2720 unquam
1247 2657 1360 2701 eorum
1392 2639 1510 2703 ammis
1543 2639 1681 2704 verbum
1712 2640 1794 2706 illud
1825 2640 1997 2721 insideret,
2030 2643 2080 2708 lus
2113 2643 2228 2709 eodem

214 2728 436 2794 manifestavit
456 2727 645 2793 hominibus
664 2728 766 2805 Deus,
790 2747 888 2808 quam
909 2745 968 2807 per
989 2724 1109 2801 filium,
1134 2724 1194 2790 hoc
1246 2722 1315 2788 loco
1337 2724 1463 2805 repetit
1508 2723 1582 2790 Hoc
1603 2747 1681 2809 ergo
1711 2748 1816 2791 uuum
1836 2728 1989 2809 apostolis
2010 2728 2159 2794 relictum
2176 2739 2228 2794 est

214 2820 278 2892 est,
306 2814 439 2880 unicam
467 2835 561 2879 suam
582 2813 792 2896 sapientiam,
820 2811 926 2876 lucem
953 2811 1192 2875 severitatem.
1247 2817 1413 2873 eteorum
1435 2811 1673 2876 successoribus
1694 2813 1875 2878 etiamnum
1896 2819 2005 2890 restat,
2029 2834 2102 2879 eam
2119 2814 2226 2898 legem

214 2898 307 2965 Haeo
333 2921 411 2965 vero
434 2901 593 2982 sapientia
614 2900 745 2964 tametsi
773 2918 844 2964 sese
871 2903 970 2961 antea
995 2895 1096 2960 variis
1125 2917 1194 2960 mo-
1248 2893 1424 2977 diligenter
1444 2896 1600 2975 retinere,
1629 2918 1694 2979 qua
1722 2919 1835 2963 eorum
1855 2899 2052 2983 legationem
2074 2898 2227 2967 Christus

215 2983 265 3050 dis
287 2992 475 3063 exaruerat,
497 3006 558 3050 nec
580 2984 780 3067 sicquidem
800 2991 912 3049 tamen
934 2981 1041 3046 adhuc
1063 2980 1106 3045 ad
1125 2982 1194 3064 plc-
1246 2979 1408 3060 limitavit,
1430 3003 1506 3047 oum
1526 2981 1633 3048 iussit:
1662 2984 1750 3048 irent
1771 3005 1808 3049 ac
1837 2983 1991 3051 docerent
2011 3005 2125 3052 omncs
2147 3008 2226 3070 gen·

214 3091 294 3134 num
317 3070 472 3139 elucebat
515 3071 643 3136 Verum
670 3072 727 3137 ubi
753 3069 885 3135 demum
906 3069 941 3132 in
969 3089 1067 3133 carne
1088 3068 1194 3131 mani-
1246 3071 1312 3143 tes,
1339 3087 1406 3130 non
1427 3088 1510 3150 quae
1533 3075 1654 3133 temere
1672 3069 1736 3151 ipsi
1762 3068 1849 3154 apud
1876 3091 1911 3136 se
1936 3077 2048 3137 assant
2068 3071 2225 3149 fabricati,

213 3155 332 3220 factata
354 3164 412 3234 est,
433 3156 589 3240 quidquid
606 3156 753 3222 humana
768 3163 879 3220 mente
899 3153 940 3219 de
956 3155 1028 3219 Deo
1047 3174 1193 3237 compre-
1246 3151 1304 3216 sad
1323 3173 1534 3235 quaecunque
1555 3155 1634 3237 ipsis
1654 3164 1866 3239 praeceperat
1886 3156 2021 3242 (Matth.
2044 3157 2128 3310 mil
2158 3158 2227 3225 Nec

214 3240 315 3306 hendi
338 3248 444 3325 potest
472 3249 506 3308 ct
526 3241 682 3325 quidquid
708 3242 844 3325 cogitari
872 3240 984 3318 debet,
1013 3239 1109 3322 pleno
1138 3260 1194 3305 ore
1246 3236 1335 3301 aliud
1362 3248 1419 3303 aut
1451 3238 1526 3317 sibi,
1561 3247 1619 3305 aut
1639 3240 1712 3306 aliis
1744 3240 1875 3324 reliquit
1905 3243 2069 3325 apostolus
2126 3251 2225 3322 etrus,

214 3327 307 3393 nobis
329 3327 509 3394 edisseruit
529 3329 618 3393 ¹Non
639 3329 728 3393 enim
748 3328 892 3411 prolecto
913 3325 1050 3409 vulgare
1073 3325 1194 3407 aliquid
1245 3324 1366 3405 optime
1398 3345 1419 3388 a
1450 3325 1608 3410 magistro
1638 3325 1785 3406 adochrs,
1819 3336 1980 3410 quantum
2011 3330 2076 3396 sihi
2105 3329 2224 3396 liceret

213 3413 401 3497 praedicare
428 3415 533 3481 voluit
556 3414 719 3498 apostolus
744 3414 861 3500 (Hehr.
876 3411 919 3498 1),
946 3433 1022 3477 omn
1049 3412 1192 3494 scripsit:
1247 3407 1313 3489 Qui
1329 3409 1488 3491 loquitur,
1511 3411 1625 3493 inquit,
1648 3410 1800 3495 loquatur
1820 3435 1986 3480 sermones
2001 3415 2066 3480 Dei
2087 3415 2121 3501 (1
2134 3416 2225 3482 Petr.

212 3499 323 3565 Deum
354 3500 433 3567 olim
463 3501 676 3566 multifariam
708 3501 884 3582 multisque
915 3497 1020 3562 modis
1047 3497 1194 3579 patribus
1245 3493 1290 3579 4).
1322 3494 1411 3576 Quid
1433 3496 1494 3562 hoc
1514 3496 1604 3562 aliud
1625 3505 1683 3576 est,
1705 3519 1804 3581 quam
1821 3520 1934 3565 omnes
1951 3500 2115 3566 humanae
2132 3522 2225 3566 meu-

133 3662 137 3669 ,
213 3584 358 3651 locutum
377 3586 478 3652 firisse
507 3608 566 3670 per
586 3587 777 3670 prophetas,
808 3594 842 3649 at
870 3584 1025 3650 extremis
1051 3583 1104 3648 his
1126 3582 1193 3648 die-
1245 3581 1288 3645 tis
1304 3581 1519 3661 inventiones,
1542 3604 1770 3666 aquocunque
1788 3584 1922 3651 tandem
1938 3586 2042 3669 capite
2062 3586 2225 3669 profectae

213 3670 274 3736 hus
300 3671 394 3737 nobis
416 3673 451 3736 in
474 3672 591 3738 dilecto
611 3673 679 3738 filio
706 3694 764 3738 suo
785 3672 930 3737 locutum
957 3692 1036 3734 esse.
1082 3667 1193 3754 Signi-
1245 3667 1325 3745 sint,
1349 3689 1474 3748 arcere,
1499 3677 1537 3733 ut
1557 3690 1660 3751 purus
1682 3690 1790 3734 sermo
1810 3671 1877 3737 Dei
1897 3672 1933 3736 iu
1953 3670 2100 3737 fidelium
2121 3672 2223 3737 accla-

213 3756 291 3820 fieat
312 3758 409 3836 enim,
432 3760 497 3824 imo
520 3766 631 3841 aperta
653 3758 806 3836 declarat,
829 3759 939 3822 Deum
960 3776 1027 3821 non
1046 3755 1191 3839 posthac,
1245 3753 1294 3817 sia
1311 3752 1465 3819 doceatur
1486 3777 1524 3821 aa
1547 3754 1692 3821 discatur
1698 3778 1706 3833 ;
1735 3758 1880 3822 omnium
1902 3757 2088 3836 hominum,
2116 3759 2224 3823 cuius·

213 3847 252 3905 ut
272 3851 383 3920 antea,
413 3865 473 3927 per
500 3845 580 3909 alios
608 3845 745 3911 subinde
772 3853 869 3926 atque
897 3842 977 3908 alios
999 3842 1191 3921 locuturum,
1244 3859 1372 3921 cunque
1399 3840 1466 3905 sint
1491 3840 1631 3920 ordinis,
1662 3841 1783 3925 placita
1810 3843 1937 3922 tollere,
1969 3849 2009 3907 ut
2035 3843 2135 3910 solius
2159 3843 2225 3909 Dei

213 3947 273 3993 nec
294 3930 482 4011 prophetias
504 3929 692 3996 additurum
713 3930 907 4014 prophetiis,
938 3937 995 3994 aut
1021 3928 1192 3994 revelatio·
1244 3923 1375 3991 decreta
1396 3927 1605 3992 statuantur?
1638 3927 1732 3993 Haeo
1753 3936 1831 3994 sunt
1852 3950 1945 3994 arma
1964 3928 2022 3994 illa
2042 3927 2225 4012 spiritualia

213 4034 273 4079 nes
295 4014 563 4093 revelationibus;
585 4016 643 4081 sad
664 4019 710 4082 sic
732 4038 846 4081 omnes
868 4013 1005 4080 docendi
1025 4020 1135 4096 partes
1155 4014 1191 4078 in
1244 4008 1375 4097 (2001.
1399 4011 1484 4102 110),
1540 4013 1645 4078 tentia
1664 4012 1752 4092 Deo,
1781 4013 1823 4079 ad
1849 4013 2090 4081 demolitionem
2116 4016 2224 4081 muni·

211 4098 279 4164 filio
303 4121 361 4164 suo
382 4100 607 4184 complevisse,
634 4111 672 4166 ut
698 4102 759 4169 hoc
785 4102 936 4166 ultimum
960 4107 1191 4180 aeternumque
1244 4097 1370 4162 tionum
1391 4099 1507 4181 quibus
1534 4097 1669 4164 consilia
1690 4097 1908 4166 demoliantur
1933 4099 1991 4165 fidi
2011 4101 2077 4166 Dei
2104 4101 2224 4166 milites

213 4184 255 4251 ab
276 4207 314 4250 eo
335 4185 429 4252 nohis
451 4186 639 4252 habendum
661 4189 703 4252 sit
723 4187 953 4253 testimonium.
1243 4190 1416 4247 etomnam
1427 4183 1661 4262 celsitudinem,
1673 4186 1934 4267 quaeextollitur
1944 4185 2223 4271 adversusoogai·

298 4269 375 4352 Qua
395 4273 521 4337 ratione
542 4280 647 4337 totum
668 4273 730 4339 hoc
751 4274 828 4338 novi
844 4271 1032 4337 testamenti
1052 4276 1190 4351 tempus,
1243 4269 1365 4334 tionem
1375 4270 1449 4347 Dei,
1472 4278 1506 4334 et
1526 4270 1690 4352 captivam
1706 4269 1827 4336 ducant
1842 4293 1974 4337 omnem
1994 4272 2223 4356 cogitationem

212 4376 339 4439 exque
360 4379 436 4423 cum
459 4379 499 4424 ev
566 4358 619 4423 alii
641 4361 693 4424 sui
713 4358 954 4442 praedicatione
975 4355 1069 4420 nobis
1091 4376 1191 4437 appa·
1243 4352 1286 4417 ad
1306 4353 1522 4420 obediendum
1543 4354 1690 4434 Christo,
1722 4363 1756 4420 et
1774 4368 1960 4440 promptam
1979 4357 2130 4424 'habeant
2149 4357 2223 4424 vin·

211 4443 279 4508 ruit
298 4442 452 4509 Christus
473 4443 515 4508 ad
562 4445 624 4509 'em
644 4466 747 4527 usque
767 4442 893 4520 iudicii,
915 4463 975 4524 per
996 4441 1112 4505 horam
1132 4461 1191 4505 no-
1243 4437 1363 4504 dictam
1385 4440 1543 4507 adversus
1564 4462 1694 4506 omnam
1716 4441 1979 4508 inobedientiam.

211 4528 393 4607 vissimam,
427 4530 604 4595 novissima
628 4535 788 4614 tempora,
818 4528 1012 4594 novissimos
1039 4524 1122 4604 dies,
1153 4523 1192 4590 ut
1328 4525 1384 4589 En
1415 4526 1513 4610 plane
1546 4548 1585 4593 ao
1613 4527 1782 4611 perspicue
1816 4527 1985 4594 definitam
2021 4535 2223 4613 potestatem,

212 4613 290 4680 alibi
310 4615 414 4680 obiter
440 4612 673 4694 indicavimus,
703 4614 902 4700 designatur.
948 4611 1039 4693 Quo,
1067 4612 1190 4693 perfec-
1243 4631 1308 4693 qua
1341 4611 1495 4679 ecclesiae
1528 4621 1676 4696 pastores
1709 4634 1900 4696 quocunque
1932 4614 2064 4680 demum
2092 4615 2240 4681 nominc·

211 4698 300 4764 tione
327 4701 494 4768 doctrinae
522 4700 646 4768 Ohristi
675 4701 835 4780 contenti,
869 4698 1033 4765 discamus
1066 4697 1192 4762 nullam
1243 4703 1415 4777 vocentur,
1441 4699 1605 4781 praeditos
1627 4719 1698 4766 esse
1720 4701 1887 4779 convenit,
1909 4721 2042 4783 nempe,
2065 4708 2104 4766 ut
2124 4700 2224 4766 verbo

210 4784 299 4850 ultra
326 4809 447 4853 novam
475 4795 532 4853 aut
551 4789 645 4855 nobis
667 4789 806 4873 fingere,
836 4794 894 4851 aut
915 4783 956 4850 ab
979 4782 1051 4848 aliis
1071 4784 1191 4849 confio-
1242 4782 1316 4861 Dei,
1339 4784 1431 4849 ouius
1452 4786 1550 4867 positi
1566 4794 1644 4852 sunt
1660 4785 1802 4851 ministri
1819 4805 1857 4852 aa
1875 4785 2124 4869 dispensatores,
2147 4808 2225 4853 oon·

211 4877 280 4936 tam
301 4871 474 4939 admittere
495 4874 629 4960 (Matth.
656 4874 719 4961 17).
762 4874 878 4955 Itaque
899 4891 968 4935 non
989 4877 1111 4935 tamaro
1132 4890 1190 4952 pa·
1242 4867 1384 4935 fidenter
1402 4871 1513 4936 omnia
1532 4871 1682 4948 audeant,
1700 4872 1770 4936 eius
1788 4872 1951 4936 maiestati
1967 4893 2098 4938 omnem
2109 4872 2225 4937 mundi

211 4962 262 5021 ter
281 4957 388 5022 filium
410 4959 452 5024 ad
473 4982 533 5026 nos
557 4957 597 5048 [p.
610 4958 688 5047 426]
711 4961 855 5037 mittans,
879 4954 1039 5040 singulari
1059 4968 1190 5038 praeto
1243 4954 1415 5035 virtutem,
1454 4957 1607 5042 gloriam,
1641 4956 1890 5035 sublimitatem,
1926 4955 1967 5044 [p.
1997 4955 2074 5044 428]
2109 4957 2225 5025 eadere

212 5042 323 5124 gativa
344 5043 508 5109 doctorem
534 5047 628 5112 nobis
652 5047 820 5129 praefecit:
851 5045 967 5126 ipsum,
996 5062 1064 5106 non
1085 5041 1190 5106 homi-
1215 5038 1218 5073 '

212 5148 293 5191 num
313 5149 507 5210 quenquam,
536 5131 641 5197 audiri
662 5132 873 5215 praecipiens.
918 5128 1038 5194 Paucis
1060 5126 1192 5211 quidem
1304 5186 1306 5192 .

211 5213 320 5278 verbis
348 5215 442 5280 nobis
468 5216 538 5281 aius
570 5219 795 5302 magisterium
827 5212 1082 5291 commendavit,
1116 5235 1191 5280 cum
1313 5229 1341 5296 1)
1365 5227 1482 5284 omnino
1499 5229 1544 5284 aa
1560 5229 1716 5299 eamdam:
1734 5230 1873 5284 abductos.
1910 5230 1985 5286 ΕΜ.

1060 1717 1067 1759 :
1090 1696 1195 1760 nemi-
1247 1693 1460 1760 absconditos.
1493 1695 1540 1759 Et
1556 1696 1602 1761 sic
1622 1696 1753 1779 quidem
1769 1697 1896 1764 locutus
1912 1708 1970 1778 est,
1988 1709 2026 1764 ut
2043 1707 2076 1765 et
2091 1700 2156 1765 Dei
2174 1723 2226 1767 sa·
