4770 6030
186 350 188 358 ⁴
217 352 277 413 107
861 339 1128 409 marlrtmo
1150 342 1254 408 REL.
1276 339 1458 408 GHRIST.
1484 345 1575 407 loco.
2161 343 2222 406 108

215 537 371 603 dacorum
393 531 754 632 [ρ.211]111111111111
781 532 941 614 insignis
962 531 1062 596 fuisse
1084 530 1191 596 111111-
1243 530 1344 595 talem
1370 529 1515 596 colorum
1536 531 1730 597 varietatem
1757 553 1800 597 ex
1827 532 1959 596 reflexis
1985 529 2086 596 radiis
2108 536 2142 594 et
2162 550 2220 612 cp·

215 644 262 702 se,
276 624 319 687 -in
336 645 381 700 re,
404 641 487 703 quae
505 619 716 702 srgnificatur,
739 618 833 700 paria
838 640 846 697 ;
869 617 1000 683 diversa
1016 616 1123 699 specie
1140 617 1190 682 vi·
1243 617 1348 698 posita
1366 617 1452 681 nube
1469 617 1547 681 oriri
1564 618 1758 683 naturaliter
1775 616 1958 697 contendat,
1976 617 2139 681 fateamur
2148 616 2220 698 qui-

215 708 310 784 sibili‚
333 707 447 772 eadem
468 706 591 770 virtute
613 703 782 786 spirituali.
801 704 826 787 ¹)
1244 700 1333 781 dem,
1355 701 1414 767 sed
1434 702 1536 784 ipsius
1558 705 1731 785 stuperem.
1746 703 1926 782 rideamus,
1955 703 2011 785 qui
2031 702 2142 767 Deum
2161 723 2220 767 na·

294 791 523 873 'Quamobrem
548 792 652 854 fixum
679 796 825 866 mancat,
855 810 920 853 non
943 809 1014 853 esse
1036 787 1116 852 alias
1139 809 1191 853 sa-
1243 788 1536 853 truce-Dominum
1563 810 1629 853 non
1651 797 1820 873 agnoscat,
1848 790 1905 871 qui
1926 810 1984 871 pro
2006 810 2065 854 suo
2087 789 2222 853 arbitrio

36 958 42 968 ‚
119 956 122 961 4
214 885 474 956 crementorum,
502 898 601 959 quam
627 876 719 940 verbi
747 876 811 940 Dei
839 881 964 957 partes;
994 880 1190 956 quaesunt,
1244 873 1413 939 clementis
1434 874 1585 940 omnibns
1603 876 1639 939 in
1656 876 1845 957 obsequium
1864 875 1986 958 gloriae
2003 894 2081 940 snae
2098 880 2220 938 utatur.

213 966 332 1032 offerre
354 964 507 1029 nobisne
529 982 708 1044 proponere
730 959 901 1025 Christum
922 971 955 1024 et
977 960 1011 1024 in
1033 981 1071 1024 ec
1089 959 1192 1025 coele-
1244 958 1341 1038 Quod
1358 961 1387 1025 si
1404 959 1472 1037 soli,
1492 959 1604 1038 stellis,
1623 968 1739 1038 terrae,
1758 961 1928 1044 lapidibus,
1948 960 2133 1025 huiusmodi
2150 981 2220 1025 mo-
2301 988 2304 993 ·

213 1052 272 1118 stis
302 1051 427 1134 gratiae
454 1048 633 1113 thesauros.
684 1047 776 1111 Nihil
805 1052 915 1111 autem
937 1045 1107 1111 conferunt
1135 1052 1193 1110 aut
1243 1053 1401 1110 numenta
1427 1046 1659 1126 impressisset,
1687 1046 1745 1111 ille
1766 1048 1876 1111 omnia
1897 1055 2102 1111 sacramenta
2128 1046 2221 1112 nobis

212 1142 364 1221 prosunt,
393 1136 456 1200 nisi
478 1135 533 1212 iis,
564 1133 720 1216 aquibus
741 1131 805 1196 fide
828 1132 1040 1213 accipiuntur.
1084 1130 1192 1195 Alteri
1243 1130 1357 1195 forent
1403 1130 1473 1196 Our
1494 1132 1582 1195 eninr
1603 1132 1684 1197 rude
1706 1154 1744 1199 ac
1772 1134 1937 1217 signatum
1959 1138 2134 1232 argentum
2154 1154 2221 1197 non

213 1245 281 1288 111
302 1228 416 1287 errant
437 1220 517 1285 adeo
538 1220 728 1302 perniciose,
749 1226 862 1282 errent
883 1223 1002 1282 tamen.
1044 1215 1193 1282 Credunt
1243 1216 1389 1282 eiusdem
1406 1224 1485 1282 sunt
1500 1218 1605 1299 pretii,
1625 1239 1701 1283 cnm
1719 1218 1807 1284 idem
1823 1240 1957 1302 prorsus
1970 1226 2013 1283 111
2027 1218 2220 1298 metallum?
2261 1276 2265 1284 2

214 1309 304 1374 enim
325 1314 358 1373 et
374 1308 446 1389 ipsi,
469 1305 627 1371 latentem
644 1305 788 1386 aliquam
805 1305 961 1368 virtutem
979 1303 1191 1367 sacramentis
1243 1302 1370 1385 Nempe
1391 1304 1468 1384 quia
1487 1302 1569 1367 illud
1591 1303 1674 1367 nihil
1697 1304 1797 1371 habet
1817 1314 1947 1388 praeter
1967 1311 2130 1383 naturam,
2155 1305 2222 1369 fcr-

215 1394 378 1460 adnexam
400 1393 596 1473 affixamque
618 1412 703 1467 esse,
732 1405 769 1454 ut
789 1391 825 1453 in
846 1389 926 1471 ipsis
954 1387 1192 1454 distribuantur
1243 1409 1299 1452 ma
1326 1388 1457 1469 publica
1484 1410 1676 1471 percussum
1696 1411 1851 1456 nummus
1872 1392 1911 1455 fit
1931 1397 1965 1456 et
1984 1411 2106 1456 nevam
2127 1399 2221 1455 11111-

215 1481 348 1562 spiritus
366 1478 470 1544 saneti
488 1477 622 1561 gratiae,
645 1474 919 1557 quemadmodum
934 1475 1050 1539 vinum
1068 1474 1103 1537 in
1120 1494 1191 1538 ora
1244 1474 1366 1538 tionem
1391 1475 1513 1557 recipit
1564 1476 1611 1539 Et
1629 1476 1721 1541 Deus
1748 1498 1825 1542 suas
1845 1484 2012 1542 creaturas
2040 1476 2140 1542 verbo
2162 1497 2222 1542 suc

214 1572 285 1631 tere
305 1565 510 1647 propinatum
538 1577 614 1628 eum
635 1562 696 1626 hoc
718 1566 848 1625 tantum
874 1561 910 1623 in
930 1560 1110 1624 ministerio
1132 1560 1191 1624 ha·
1244 1561 1374 1644 signare
1396 1582 1461 1624 ncn
1482 1562 1609 1643 poterit,
1633 1569 1671 1625 ut
1690 1564 1773 1627 fiant
1794 1572 2007 1641 sacramenta,
2029 1583 2112 1644 quae
2128 1563 2220 1645 prius

88 1694 90 1698 -
214 1651 322 1729 beant,
344 1650 512 1720 testificari
532 1648 626 1712 nobis
648 1669 686 1712 11
707 1647 901 1712 confirmare
917 1646 987 1710 Dei‘
1002 1645 1038 1708 in
1054 1666 1114 1710 ncs
1135 1645 1191 1710 be-
1245 1644 1334 1710 nuda
1355 1653 1450 1710 erant
1471 1646 1653 1712 elementa?

214 1736 448 1814 nevolentiam,
476 1755 537 1799 nec
564 1733 700 1798 ulterius
721 1733 907 1815 proficiant,
935 1732 999 1796 nisi
1021 1731 1193 1796 accesserit
1331 1728 1476 1796 Secundi
1504 1734 1632 1815 generis
1659 1734 1810 1817 exempla
1836 1733 1984 1811 fuorunt,
2012 1754 2087 1799 cum
2114 1734 2221 1801 vellus

215 1823 349 1906 spiritus
370 1828 511 1897 sanctus,
534 1820 589 1901 qui
610 1824 737 1883 mentes
760 1839 797 1884 ac
814 1816 913 1884 cerda
928 1823 1041 1882 nostra
1058 1817 1191 1899 aperiat,
1245 1838 1318 1881 rore
1340 1818 1498 1900 irrigavit,
1520 1819 1607 1884 sicca
1627 1826 1729 1883 terra:
1759 1840 1894 1884 rursum
1913 1826 2037 1884 terram
2056 1820 2218 1898 irroravit,

214 1930 338 1991 nosque
358 1907 456 1971 huius
481 1905 658 1970 testimonii
681 1926 816 1987 capaces
837 1903 961 1968 reddat.
1006 1902 1071 1968 Ubi
1094 1903 1193 1967 etiam
1245 1903 1367 1970 intacto
1396 1903 1529 1983 vellere,
1560 1903 1602 1967 ad
1628 1904 1845 1986 pollicendam
1865 1903 2013 1970 Gedeorri
2034 1906 2219 1985 victoriam;
2252 1951 2258 1966 .

215 1995 327 2061 variae
349 1993 583 2074 distinctaeque
605 1991 669 2055 Dei
691 1991 816 2074 gratiae
837 1989 1021 2054 luculenter
1038 1989 1191 2053 eminent.
1246 2010 1321 2053 cum
1347 1989 1499 2053 umbram
1526 1989 1685 2074 horologii
1712 1997 1891 2055 retrorsum
1912 1990 2024 2056 decem
2050 1991 2146 2056 lineis
2167 2013 2220 2056 re-

216 2077 432 2146 Seeramenta
454 2079 542 2143 enim
564 2077 657 2159 quasi
674 2076 782 2140 nuntii
799 2074 931 2158 quidam
949 2081 1034 2152 sunt,
1055 2075 1111 2156 qui
1127 2095 1194 2138 111
1246 2074 1362 2152 1111111,
1402 2074 1443 2138 ad
1477 2075 1730 2157 promittendam
1764 2077 1926 2145 Ezechiae
1963 2077 2222 2143 incolumitatem

216 2166 359 2231 afferrmt
379 2163 518 2246 quidem,
541 2161 599 2226 sed
617 2163 771 2226 nuntiant
788 2169 821 2225 et
837 2160 1022 2238 ostendunt,
1044 2181 1127 2242 quae
1144 2159 1194 2223 di·
1247 2158 1412 2243 (11111116.
1451 2161 1645 2243 1111110.
1680 2161 1743 2227 111.
1764 2161 1828 2246 38).
1889 2162 1982 2228 Η111
2004 2162 2135 2244 quando
2162 2165 2220 2228 111-

215 2252 295 2318 vina
326 2250 478 2333 largitate
509 2248 602 2312 nobis
636 2247 713 2312 data
744 2254 829 2312 sunt
881 2244 1024 2328 Spiritus
1051 2252 1192 2322 sanctus,
1245 2246 1326 2310 bant
1348 2245 1390 2309 ad
1411 2245 1646 2311 sublevandam
1673 2269 1711 2313 ac
1733 2247 1961 2313 stabiliendam
1986 2248 2063 2314 fidei
2089 2249 2222 2317 illorum

215 2358 314 2421 quem
334 2356 401 2401 ncn
422 2334 572 2399 omnibus
593 2334 775 2415 promiscue
794 2338 1000 2398 sacramenta
1016 2331 1193 2411 advehunt,
1245 2331 1515 2408 imbecillitatem,
1549 2341 1753 2398 sacramenta
1778 2355 1910 2416 quoque
1943 2342 2053 2401 erant
2093 2334 2224 2400 Verum

215 2423 274 2490 sed
296 2443 394 2506 quem
413 2420 576 2486 Dominus
597 2418 805 2501 peculiariter
826 2419 894 2483 suis
917 2418 1053 2483 confert:
1077 2417 1112 2482 Is
1134 2424 1192 2495 est,
1245 2418 1426 2500 praesentis
1447 2419 1587 2483 instituti
1609 2426 1673 2498 cst,
1702 2419 1742 2484 de
1771 2419 1823 2484 his
1845 2422 2057 2485 sacramentis
2078 2421 2221 2503 peculia·

215 2510 272 2593 qui
299 2509 365 2574 Dei
393 2507 516 2591 gratias
543 2526 653 2570 secum
676 2504 796 2583 adfert,
825 2505 881 2586 qui
904 2502 961 2568 dat
981 2503 1193 2569 sacramentis
1245 2504 1327 2568 riter
1347 2502 1529 2585 disputare,
1551 2525 1634 2586 qnae
1655 2506 1817 2571 Dominus
1839 2505 2005 2571 ordinaria
2025 2527 2096 2572 esse
2117 2507 2222 2572 voluit

215 2596 252 2660 in
270 2595 363 2660 nobis
384 2593 500 2668 locum,
523 2592 578 2674 qui
601 2591 709 2669 efficit,
732 2597 771 2655 11
790 2591 994 2656 fructificent.
1245 2590 1281 2654 in
1302 2589 1438 2654 ecelesia
1459 2611 1533 2668 sua,
1563 2590 1604 2655 ad
1631 2591 1763 2656 alendos
1784 2592 1820 2656 in
1843 2589 1884 2677 [p.
1903 2590 2099 2679 214]111111
2119 2591 2221 2658 fidem

302 2678 508 2745 Sacramenti
533 2699 667 2754 nomen,
696 2684 734 2741 ut
755 2675 796 2741 de
819 2674 860 2761 [p.
879 2673 956 2761 212]
979 2676 1048 2740 eius
1069 2675 1194 2740 ratione
1246 2675 1406 2757 uniusque
1427 2676 1504 2740 fidei
1530 2676 1764 2743 cenfessionem
1785 2700 1870 2743 snos.
1915 2675 2004 2744 Sunt
2022 2685 2132 2743 nutem
2152 2700 2221 2744 non

215 2767 374 2832 haetenus
395 2764 618 2841 disseruimus,
642 2764 752 2827 omnia
773 2761 969 2845 generaliter
991 2761 1085 2843 signa
1106 2782 1194 2827 ecm-
1245 2762 1281 2825 in
1303 2761 1406 2843 signis
1428 2769 1566 2840 tantum,
1589 2762 1703 2828 sedin
1725 2765 1935 2830 caeremoniis
1956 2764 2077 2850 posita3
2099 2772 2169 2842 aut,
2192 2766 2221 2829 si

215 2851 377 2936 plectitur,
399 2871 482 2932 qnae
504 2870 649 2932 unquam
670 2848 857 2918 hominibus
874 2847 1017 2930 signavit
1034 2847 1134 2923 Deus,
1157 2853 1195 2910 ut
1245 2848 1360 2922 mavis,
1384 2849 1479 2930 signa
1500 2870 1582 2931 quae
1601 2847 1654 2916 hic
1672 2848 1800 2928 dantur,
1818 2851 2041 2915 caeremoniae
2057 2858 2143 2916 sunt.
2173 2851 2222 2917 Ut

216 2939 369 3006 certiores
396 2956 589 3015 securosque
617 2934 657 2998 de
682 2934 934 3016 promissionum
955 2954 1089 2997 suarum
1108 2932 1194 2999 veri-
1247 2932 1383 2997 definire
1409 2935 1514 3015 possis
1542 2944 1747 3002 sacramenta
1772 2936 1973 3001 huiusmodi-z
2002 2937 2222 3003 caeremonias

95 3034 100 3049 '
215 3030 283 3089 tate
312 3021 471 3087 redderet.
522 3021 575 3085 Ea
594 3041 672 3085 roro
700 3020 736 3084 in
763 3020 860 3085 rebus
887 3017 1091 3084 naturalibus
1112 3028 1194 3082 non·
1247 3039 1326 3095 esse,
1350 3020 1467 3101 quibus
1488 3022 1632 3087 exerceri
1650 3029 1684 3087 et
1699 3023 1887 3088 confirmari
1903 3022 1976 3088 vult
1984 3023 2147 3088 Dominus
2163 3043 2221 3105 pc·

216 3129 385 3190 nunqnam
414 3113 527 3171 extare
555 3106 672 3184 voluit,
707 3125 941 3187 nonnunquam
966 3105 1001 3168 in
1027 3103 1194 3169 miraculis
1246 3104 1313 3186 puli
1342 3107 1394 3169 sui
1420 3105 1528 3170 fidem.
1577 3107 1670 3172 Haec
1699 3108 1798 3172 etiarn
1822 3108 1895 3190 ipsa
1922 3108 2052 3174 diversa
2079 3109 2222 3188 11111111,

217 3194 375 3259 exhibuit
429 3191 555 3257 Prioris
588 3192 716 3274 generis
744 3191 895 3274 exempla
926 3196 1018 3269 sunt,
1049 3196 1088 3254 ut
1101 3200 1194 3256 ‘cum
1246 3190 1340 3255 iuxta
1361 3191 1488 3256 variam
1504 3193 1658 3274 temporis
1682 3192 1969 3275 dispensationem,
1992 3215 2058 3277 qua
2079 3195 2222 3259 Domino

217 3277 312 3345 Adae
333 3287 367 3343 et
380 3279 473 3343 Evae
495 3277 643 3343 arborem
660 3278 757 3355 vitae,
779 3278 813 3340 in
832 3275 1051 3341 arrhabonem
1061 3276 1194 3340 immor·
1245 3277 1355 3341 visum
1376 3285 1427 3342 est
1447 3277 1500 3342 his
1528 3286 1585 3343 aut
1610 3279 1677 3344 illis
1704 3279 1809 3344 modis
1828 3301 1899 3344 sese
1920 3280 2106 3346 hominibus
2128 3280 2222 3344 exhi&

217 3365 353 3431 talitatis
391 3362 494 3429 dedit:
533 3370 570 3427 nt
607 3384 681 3428 eam
720 3384 832 3428 secure
864 3363 926 3427 sibi
958 3362 1193 3445 promitterent,
1246 3363 1331 3427 bere.
1382 3363 1537 3429 Abrahae
1563 3365 1667 3443 enim,
1694 3373 1728 3430 et
1756 3365 1825 3430 eius
1843 3366 2040 3447 posteritati,
2067 3365 2224 3432 mandata

216 3451 373 3535 quamdiu
394 3449 529 3514 ederent
549 3470 591 3514 ex
613 3448 700 3515 illins
721 3450 830 3516 fructu
851 3447 952 3533 (Gen.
972 3452 1000 3511 2.
1022 3452 1050 3512 3.
1070 3445 1114 3532 9).
1149 3449 1195 3511 Et
1247 3456 1298 3514 est
1318 3449 1519 3514 circumcisio
1541 3449 1641 3533 (Gen.
1664 3450 1733 3533 17),
1756 3451 1809 3516 eui
1830 3459 1943 3533 postea
1970 3453 2221 3533 purificationes,

216 3558 292 3603 cum
320 3535 493 3602 coelestem
525 3557 639 3601 arcum
667 3535 764 3601 Noah
791 3541 825 3599 ct
843 3535 922 3600 'eius
951 3535 1132 3616 posteritati
1159 3534 1194 3597 in
1247 3542 1281 3599 et
1300 3535 1458 3600 sacrificia
1479 3557 1521 3600 cx
1542 3535 1615 3620 lege
1636 3538 1779 3604 mosaica
1800 3536 1911 3602 addita
1932 3545 2016 3603 sunt
2055 3537 2148 3603 Haec
2164 3537 2222 3602 In·

216 3629 465 3688 monumentum
491 3622 621 3699 statuit,
647 3621 783 3705 posthae
811 3641 845 3685 se
865 3619 987 3685 diluvio
1012 3641 1078 3684 non
1101 3619 1194 3687 dissi-
1247 3619 1402 3685 dacorum
1423 3621 1556 3686 fuerunt
1582 3630 1800 3701 sacramenta,
1831 3622 1873 3688 ad
1895 3622 2020 3689 (lhristi
2040 3644 2142 3707 usque
2164 3622 2222 3689 ad-

216 3715 372 3790 paturum
399 3715 529 3772 terram.
574 3707 667 3772 Haec
688 3705 797 3772 Adam
825 3715 859 3770 et
880 3705 976 3770 Noah
1004 3727 1064 3787 prc
1086 3724 1194 3772 sacra-
1247 3713 1396 3785 ventum3
1424 3728 1501 3789 quc,
1531 3708 1695 3791 abrogatis
1717 3709 1795 3786 illis,
1819 3716 2024 3775 sacramenta
2044 3708 2107 3774 duo
2129 3710 2223 3776 insti·

217 3794 338 3858 mentis
359 3792 552 3861 habuerunt.
597 3793 674 3858 Non
694 3792 781 3876 quod
803 3792 899 3857 arbor
919 3799 1101 3873 praestaret
1122 3792 1194 3857 aliis
1247 3799 1335 3871 tuta,
1357 3794 1473 3874 quibus
1495 3815 1582 3859 nune
1604 3794 1784 3860 christiana
1803 3795 1940 3860 ecelesia
1960 3795 2077 3873 utitur,
2101 3795 2223 3878 baptis·

217 3878 509 3957 immortalitatem,
542 3900 641 3961 quam
669 3879 730 3944 sibi
760 3878 832 3960 ipsa
859 3877 938 3943 dare
964 3898 1031 3942 non
1057 3885 1193 3960 poterat,
1247 3880 2113 3965 11111111111Β111111(Μ11111.111.1111111126).

217 3973 276 4030 eut
299 3985 393 4029 arcus
414 3964 600 4029 coercendis
622 3965 713 4046 aquis
741 3965 825 4029 foret
846 3964 977 4042 efficax,
1006 3964 1062 4046 qui
1080 3964 1194 4033 solaris
1267 3979 1272 3994 ¹
1333 3962 1531 4046 Quanquam
1548 3966 1749 4045 ineundam,
1771 3968 1921 4048 inquam
1940 3988 2027 4031 nunc
2044 3976 2156 4033 nostra
2172 3968 2223 4031 in-

218 4047 379 4114 duntaxat
412 4049 496 4114 radii
522 4051 723 4131 repercussio
750 4057 800 4114 est
826 4050 861 4113 in
890 4050 1054 4131 oppositas
1081 4050 1194 4127 nubes,
1248 4048 1395 4127 tendunt,
1419 4071 1552 4133 sccprun
1574 4059 1607 4114 et
1628 4059 1741 4117 vetera
1757 4053 1815 4117 illa
1832 4060 2029 4134 spectarunt,
2052 4073 2168 4134 nempe
2186 4059 2225 4117 ut

220 4134 279 4201 sed
306 4136 382 4217 quia
404 4143 515 4199 notam
543 4135 683 4200 averbc
704 4136 770 4200 Dei
796 4134 993 4217 insculptam
1020 4134 1193 4213 habebant,
1248 4134 1290 4200 ad
1303 4135 1474 4201 Christum
1496 4135 1676 4219 dirigerent
1696 4146 1730 4204 11
1747 4160 1850 4222 paene
1872 4160 1973 4204 manu
1994 4137 2151 4204 ducerent
2167 4146 2225 4204 aut

216 4227 256 4285 ut
277 4219 469 4286 documenta
491 4227 600 4286 essent
620 4228 889 4286 testamentorum
911 4221 995 4298 eius,
1018 4242 1056 4286 ac
1078 4221 1193 4304 sigilla.
1247 4222 1354 4303 ipsum
1368 4223 1483 4304 potius,
1503 4244 1562 4288 eeu
1572 4223 1740 4307 imagines,
1759 4232 2090 4308 repraesentarentac
2104 4244 2224 4308 eogno-

217 4307 265 4374 Et
285 4314 383 4371 antea
399 4305 531 4388 quidem
548 4306 645 4371 arbor
661 4314 733 4371 erat
750 4307 855 4383 arbor,
879 4328 974 4372 arcas
991 4328 1095 4372 arcus.
1130 4307 1195 4372 Ubi
1248 4306 1404 4373 scendum
1423 4317 1647 4390 proponerent.
1681 4309 1766 4376 (lum
1787 4312 1875 4375 onim
1895 4312 1962 4376 iam
1984 4317 2059 4376 ante
2076 4309 2223 4376 docueri-

216 4393 375 4475 inscripta
395 4393 528 4456 fuerunt
549 4392 648 4458 verbo
669 4393 749 4471 Dei,
778 4392 882 4457 indita
896 4400 953 4457 est
974 4414 1060 4457 nova
1080 4393 1193 4471 forma,
1247 4415 1321 4458 mus
1348 4414 1418 4457 csse
1440 4394 1600 4476 quaedam
1621 4396 1742 4480 sigilla,
1770 4397 1887 4479 quibus
1907 4396 2137 4478 promissiones
2156 4395 2223 4461 Dei

217 4485 256 4543 ut
276 4479 458 4560 inciperent
479 4498 558 4554 esse,
581 4478 667 4560 qnod
688 4479 779 4561 prius
801 4500 867 4542 non
888 4485 990 4543 erant
1248 4479 1469 4562 obsignantur,
1493 4481 1536 4544 sit
1557 4488 1666 4546 autem
1686 4483 1912 4560 certissimum,
1934 4481 2060 4546 nullam
2077 4502 2223 4564 unquam

296 4563 396 4629 Haec
417 4584 460 4628 ne
487 4563 609 4629 frustra
630 4563 694 4630 dici
715 4565 787 4646 quis
808 4564 986 4641 existimet,
1009 4584 1105 4628 arcus
1126 4564 1196 4646 ipse
1247 4565 1312 4629 Dei
1334 4565 1582 4646 promissionem
1603 4567 1788 4632 hominibus
1810 4567 1961 4645 oblatam,
1984 4568 2047 4633 nisi
2067 4568 2103 4632 in
2124 4566 2222 4633 chri,

219 4646 315 4713 hodic
337 4670 463 4731 quoque
486 4650 579 4714 nobis
600 4651 692 4714 testis
710 4657 760 4715 est
778 4651 846 4714 eius
865 4648 1012 4726 foederis,
1035 4648 1121 4731 quod
1139 4671 1195 4732 pe·
1248 4658 1299 4715 sto
1321 4650 1450 4735 (1011.
1472 4651 1514 4736 1),
1537 4662 1576 4717 11
1597 4652 1637 4718 de
1655 4653 1764 4735 aliqua
1778 4654 1842 4718 Dei
1858 4654 2073 4735 promissione
2089 4673 2149 4718 nos
2166 4652 2223 4717 do-

218 4732 302 4816 pigit
321 4734 483 4800 Dominus
510 4756 586 4800 cum
607 4734 718 4814 Noah;
746 4756 842 4817 quem
868 4734 993 4816 quoties
1020 4735 1194 4815 intuemur,
1248 4743 1352 4814 ceant,
1374 4735 1544 4802 Ohristum
1565 4738 1739 4804 ostendant
1759 4760 1891 4804 necesse
1913 4748 1971 4803 est
2006 4738 2119 4804 Unum
2140 4738 2224 4803 dnn·

107 4823 112 4832 '
218 4817 305 4885 hano
326 4820 390 4885 Dei
418 4821 665 4902 promissionem
692 4822 728 4884 in
755 4842 792 4885 ec
821 4819 973 4901 legimus:
1003 4826 1126 4885 terram
1146 4821 1195 4885 di·
1248 4828 1341 4887 tarat
1364 4819 1405 4907 [p.
1426 4821 1502 4910 111]
1523 4823 1697 4890 discrimen
1714 4832 1772 4903 est,
1791 4824 1877 4906 quod
1894 4825 1951 4889 ille
1960 4823 2133 4890 Christum
2149 4846 2225 4907 pro-

217 4903 307 4970 luvio
326 4926 493 4988 nunquam
514 4906 679 4989 perditum
700 4906 749 4970 iri.
785 4906 899 4986 Itaque
922 4905 950 4969 si
969 4903 1010 4992 [p.
1028 4904 1106 5006 213]
1124 4908 1196 4989 quis
1249 4909 1395 4987 missum,
1414 4931 1489 4973 cum
1501 4909 1608 4975 adhuc
1623 4918 1858 4993 expectaretur,
1872 4910 2124 4989 adumbrarunt3
2144 4911 2227 4976 haec

218 4989 488 5074 philosophaster,
506 4993 562 5074 qui
579 4991 655 5057 fidei
674 4998 804 5056 nestrae
822 4989 1062 5072 simplicitatem
1079 4992 1195 5073 rrdeat,
1248 4995 1315 5058 iam
1342 4995 1536 5076 praestitum
1563 5003 1597 5060 et
1623 4995 1807 5060 exhibitum
1834 5002 2003 5068 testantur.
2054 4997 2147 5062 Haec
2170 4997 2226 5062 ubi

548 5120 551 5125 ·
1212 5126 1214 5129 ψ
1248 5100 1308 5160 per
1328 5087 1439 5160 partes
1461 5102 1498 5145 ac
1520 5080 1687 5163 sigillatim
1710 5080 1874 5145 declarata
1890 5082 2020 5159 fuerint,
2039 5082 2142 5149 multe
2159 5082 2227 5147 cla-

1249 5165 1337 5229 riora
1356 5167 1445 5231 fient.
1480 5164 1692 5231 Circumcisic
1712 5165 1843 5232 Indaeis
1861 5167 2046 5251 symbolum
2065 5179 2144 5246 erat,
2163 5189 2228 5251 quc

290 5265 436 5333 11111111
456 5262 637 5318 inlusere.
1067 5328 1078 5357 ο
1250 5249 1530 5352 admonerentur,
1547 5250 1703 5334 quidquid
1724 5273 1768 5317 ex
1796 5252 1937 5318 hominis
1964 5255 2087 5318 semine
2109 5253 2227 5335 prodit,
