4770 6030
197 375 260 436 cae
832 366 932 432 515.
955 365 1017 430 ix.
1041 364 1115 450 (V.)
1157 365 1568 432 percurrissem.
2132 375 2197 436 osi

196 479 565 553 A16131325030250.

196 561 246 626 bis
274 559 394 623 minari
415 559 505 623 visus
531 467 629 620 fudrit
656 554 827 619 Dominus.
873 552 918 618 Se
945 552 1033 616 enim
1055 551 1097 616 ad
1119 552 1168 616 ul·
1222 558 1255 617 et
1275 553 1498 618 remissionem
1517 561 1733 635 peccatorum.
1765 556 1979 623 Praedicatur
1995 558 2198 639 poenitentia

196 648 317 709 tionem
343 644 494 725 apparari
516 648 549 707 et
575 639 810 724 quodammodo
841 640 961 703 armari
989 637 1167 716 denuntiat,
1222 639 1257 702 in
1285 640 1416 702 nominc
1444 638 1582 717 Ohristi,
1611 661 1712 723 quum
1738 663 1797 724 per
1822 644 1983 726 evangelii
2015 642 2197 711 caunum

196 733 251 797 ubi
273 730 454 812 periculum
476 748 632 810 apparere
654 727 738 791 facit
772 725 864 789 Bene
880 724 981 807 igitur
1000 723 1167 805 propheta,
1222 723 1359 789 audiunt
1386 723 1535 789 homines
1562 747 1638 791 suas
1660 748 1772 792 omnes
1793 729 2124 812 cogitationes,‘suos
2146 731 2195 795 af·

196 818 250 900 qui
272 837 348 881 suos
368 814 410 879 ad
431 817 544 878 fletum
566 821 600 877 et
619 813 786 888 ieiunium,
810 810 871 875 hoc
893 817 950 887 est,
976 808 1018 873 ad
1040 829 1169 872 reorum
1220 810 1332 888 155555,
1356 831 1415 874 sua
1437 809 1545 874 studia
1565 821 1718 894 corrupta
1736 820 1769 878 et
1785 814 1901 879 vitiosa
1918 836 2003 894 esse;
2025 823 2198 897 propterea

195 903 392 967 moestitiam
417 900 628 976 cohortatur,
657 897 698 961 de
724 916 861 979 quorum
888 894 1022 978 flagitiis
1050 895 1168 958 consti-
1221 916 1353 960 necesse
1386 902 1436 960 est
1467 902 1505 960 ut
1535 905 1771 976 renascantur,¹
1799 900 1826 964 si
1858 899 1972 965 volunt
2003 901 2131 984 ingredi
2158 903 2196 966 in

196 995 301 1053 tutam
319 987 542 1069 quaestionem
567 983 663 1066 paulo
686 990 762 1047 ante
785 982 920 1046 dixerat
969 979 1169 1060 9555511155-
1220 1001 1361 1064 regnum
1397 981 1470 1045 Dei.
1530 983 1692 1049 Remissio
1735 990 1941 1067 peccatorum
1979 987 2195 1069 praedicatu,

194 1076 270 1139 dam
296 1095 358 1138 555
379 1071 464 1136 5515
492 1069 588 1134 hodie
614 1070 751 1135 fecerint
778 1066 985 1133 ecclesiastici
1013 1072 1167 1147 pastores,
1220 1088 1321 1148 quum
1343 1066 1500 1131 docentur
1521 1067 1684 1148 homines,
1707 1069 1878 1136 Christum
1899 1072 1960 1137 sibi
1980 1072 2104 1137 iactum
2125 1093 2196 1139 esse

196 1162 224 1225 si
246 1161 324 1224 dum
345 1157 588 1242 impendentem
609 1175 743 1219 suorum
764 1152 943 1219 cervicibus
966 1151 1097 1214 ruinam
1119 1151 1168 1215 vi·
1220 1151 1489 1233 redemptionem,
1523 1153 1697 1234 iustitiam,
1732 1156 1871 1220 salutem
1898 1164 1931 1220 ct
1958 1158 2074 1235 vitam,
2102 1159 2196 1224 cuius

158 1270 163 1275 ·
197 1247 283 1324 dent,
307 1244 348 1309 ad
368 1244 527 1308 ieiunium
548 1249 582 1305 et
603 1242 716 1304 fletum
733 1237 974 1322 properandum
990 1236 1168 1300 vociferen-
1220 1238 1353 1301 nomine
1375 1236 1477 1321 gratis
1503 1239 1539 1303 in
1566 1240 1631 1305 Dei
1659 1249 1833 1324 conspectu
1859 1243 1936 1307 iusti
1958 1243 2141 1308 habeantur
2163 1249 2198 1308 et

87 1340 89 1345 ⁴
196 1340 264 1396 tur:
293 1329 388 1395 modo
415 1327 501 1411 quod
529 1334 579 1391 est
607 1327 834 1408 praecipuum,
861 1323 984 1386 maiore
1006 1328 1038 1385 ct
1059 1322 1167 1386 interi·
1220 1323 1419 1388 innocentes.
1469 1324 1617 1408 Utraque
1642 1344 1732 1412 gratis
1759 1348 1861 1411 quum
1879 1326 1943 1393 fide
1970 1328 2195 1411 apprehenda·

71 1420 73 1425 ⁴
198 1419 277 1481 tiore
299 1438 378 1482 cura
399 1422 432 1479 et
453 1434 552 1497 opera
572 1432 701 1493 semper
722 1416 874 1494 urgeant,
902 1406 1081 1473 scindenda
1102 1409 1165 1473 sci·
1221 1415 1281 1486 tar,
1300 1416 1337 1472 ut
1355 1408 1431 1473 alibi
1449 1409 1707 1477 demonstratum
1725 1422 1782 1491 cst,
1806 1414 1883 1496 quia
1899 1419 2009 1478 55555
2026 1416 2196 1497 proprium

196 1504 272 1568 licet
304 1523 374 1567 esse
399 1499 511 1578 corda,
544 1519 612 1562 555
644 1498 847 1561 vestimenta
897 1495 1005 1558 Extra
1033 1492 1168 1558 dubium
1219 1493 1296 1559 fidei
1324 1495 1486 1560 obiectum
1513 1502 1563 1560 est
1588 1498 1652 1562 Dei
1677 1499 1805 1564 bonitas
1832 1520 1896 1581 qua
1922 1510 2056 1582 peccata
2082 1502 2197 1565 remit-

196 1597 264 1664 est,
298 1608 365 1652 555
396 1606 524 1668 semper
550 1583 767 1666 poenitentiae
800 1581 973 1646 cohaerere
999 1579 1166 1656 ieiunium,
1221 1586 1350 1657 tuntur,
1379 1601 1453 1644 eam
1475 1602 1495 1646 a
1520 1584 1719 1665 poenitentia
1741 1584 1915 1668 diligenter
1936 1585 2092 1669 distingui
2119 1608 2195 1670 ope·

197 1674 253 1739 sed
285 1673 482 1739 calamitosis
521 1668 720 1752 temporibus
756 1667 962 1749 peculiariter
999 1664 1165 1729 destinari.
1219 1686 1276 1729 rae
1297 1666 1438 1747 pretium
1459 1667 1530 1732 fuit

196 1760 293 1825 Unde
315 1766 348 1823 et
381 1779 456 1823 cum
482 1756 572 1821 luctu
599 1754 809 1837 coniungitur
830 1775 850 1816 a
872 1751 1004 1816 Christo
1031 1749 1164 1834 (Matth.
1309 1754 1356 1815 13.
1401 1752 1506 1818 Porro
1526 1761 1564 1818 ut
1584 1754 1709 1837 peccati
1726 1754 1845 1835 odium,
1868 1756 1953 1839 quod
1974 1758 2194 1840 poenitentiae

197 1853 226 1924 9,
250 1844 318 1928 15),
348 1844 426 1908 dum
452 1841 612 1924 apostolos
639 1840 679 1905 ab
706 1840 775 1903 eius
802 1838 993 1902 necessitate
1020 1836 1166 1915 absolvit,
1219 1835 1390 1900 exordium
1412 1845 1470 1916 est,
1492 1839 1637 1920 primum
1657 1842 1751 1906 nobis
1770 1841 1812 1905 ad
1829 1841 1956 1907 Christi
1977 1844 2193 1926 cognitionem

196 1931 297 1996 donec
320 1952 379 1994 sua
399 1928 583 2010 praesentia
609 1926 714 1990 orbati
747 1945 894 1988 moerore
921 1923 1165 1987 conficerentur.
1219 1922 1403 2005 ingressum
1425 1925 1543 2005 aperit,
1573 1927 1628 2007 qui
1650 1927 1749 1992 nullis
1771 1949 1807 1992 se
1828 1928 1962 1993 exhibet
1982 1930 2046 1994 nisi
2066 1930 2194 1994 miseris

196 2019 248 2081 Dc
276 2016 403 2081 solenni
435 2015 554 2077 ieiunio
580 2013 702 2094 loquor.
746 2011 833 2074 Nam
860 2010 988 2091 piorum
1012 2007 1078 2072 vita
1098 2008 1167 2072 fru-
1220 2014 1253 2070 et
1272 2007 1400 2073 afflictis
1422 2011 1659 2091 peccatoribus,
1682 2014 1736 2095 qui
1782 2021 1911 2092 emunt,
1934 2014 2092 2093 laborant,
2116 2035 2195 2080 one·

196 2102 329 2185 galitate
363 2109 396 2164 et
428 2099 601 2164 sobrietate
628 2104 808 2179 temperata
834 2116 905 2160 esse
927 2093 1037 2170 debet,
1068 2100 1105 2157 ut
1131 2095 1167 2157 in
1219 2094 1284 2156 rati
1304 2100 1396 2171 sunt,
1419 2096 1583 2174 esuriunt,
1607 2097 1730 2175 sitiunt,
1753 2034 1863 2163 dolore
1883 2105 1916 2163 et
1936 2101 2195 2179 5155555555,-

197 2194 263 2251 toto
284 2188 353 2251 cius
375 2185 513 2250 decursu
536 2182 695 2266 quaedam
721 2181 834 2246 ieiunii
856 2181 978 2264 species
999 2180 1167 2244 55551555-
1219 2184 1300 2243 cunt
1331 2179 1479 2263 (15561,
1501 2185 1527 2244 l.
1556 2181 1675 2246 Matth.
1698 2187 1746 2261 11,
1769 2189 1797 2248 5.
1832 2185 1962 2264 Luci,
1985 2185 2055 2268 18),
2085 2188 2132 2250 ita
2157 2187 2195 2250 in

197 2281 247 2338 ter
274 2278 436 2354 appareat.
496 2269 609 2334 Veram
640 2273 702 2332 tcta
727 2268 784 2331 1115
811 2287 874 2345 rea,
913 2266 990 2346 qaia
1021 2266 1169 2347 eupator
1218 2264 1453 2346 poenitentiam
1476 2267 1582 2349 ipsam
1609 2268 1703 2346 eniti,
1731 2274 1800 2332 tcta
1821 2270 1890 2334 vita
1916 2271 1952 2335 in
1972 2293 2045 2337 eam
2066 2273 2192 2337 incum-

195 2358 257 2439 faa‘t
278 2358 426 2441 55551515,
448 2375 530 2419 nanc
544 2356 678 2438 parcius
699 2375 721 2418 5
740 2374 788 2417 ose
810 2353 980 2435 5151591155.
1220 2350 1312 2428 bera,
1340 2371 1413 2415 eam
1442 2351 1484 2415 ad
1510 2352 1663 2417 ultimum
1691 2355 1842 2436 prosequi
1863 2376 1923 2420 nos
1944 2365 2083 2439 oportet,
2106 2357 2191 2422 siin

285 2447 333 2507 12.
376 2443 481 2506 Porro
508 2442 536 2506 si
564 2462 679 2505 verum
708 2438 864 2522 estquod
891 2437 1070 2503 clarissime
1091 2459 1167 2503 con·
1220 2434 1352 2500 Christo
1384 2438 1561 2503 consistere
1592 2438 1753 2504 volumus.
1801 2439 1857 2504 Ad
1888 2450 2072 2523 peccatores
2104 2443 2194 2508 enim

196 2538 275 2609 stat,
303 2536 405 2593 totam
434 2527 595 2611 evangelii
621 2547 782 2592 summam
811 2524 936 2589 duobus
962 2523 1033 2587 istis
1055 2524 1168 2605 capiti·
1219 2521 1381 2587 vocandos
1402 2524 1506 2588 venit:
1535 2523 1593 2589 sed
1614 2525 1656 2589 ad
1683 2526 2191 2612 poenitentiam(hdatth.9,13.

196 2617 256 2682 bus
277 2616 443 2692 contineri,
466 2613 666 2696 poenitentia
687 2619 721 2677 ct
741 2618 946 2693 peccatorum
968 2608 1166 2688 remissione,
1219 2606 1292 2672 Act
1314 2610 1342 2686 3,
1361 2611 1401 2670 27
1423 2615 1504 2688 555,
1524 2609 1589 2695 31).
1640 2612 1763 2676 Missus
1793 2611 1909 2676 estad
1935 2613 2194 2679 benedicendum
2304 2632 2307 2639 ⁴

197 2723 306 2766 aunon
332 2700 495 2777 videmus,
524 2699 706 2764 Dominum
738 2697 811 2761 idec
843 2695 944 2779 gratis
973 2715 1049 2759 suos
1076 2695 1168 2759 iusti-
1219 2692 1377 2776 indignis;
1412 2694 1469 2759 sed
1501 2717 1564 2779 quo
1591 2719 1626 2763 se
1647 2704 1817 2763 convertat
1845 2698 2067 2781 unusquisque
2092 2720 2112 2762 a
2135 2720 2194 2764 nc-

195 2790 308 2864 ficare,
337 2808 400 2869 quo
422 2807 476 2850 eos
498 2784 595 2851 simul
622 2784 757 2866 spiritus
785 2783 835 2847 sui
857 2781 1111 2847 sanctificatione
1131 2781 1168 2843 in
1241 2779 1322 2842 uitia
1347 2801 1415 2844 sua.
1459 2780 1565 2846 Plena
1592 2790 1643 2848 est
1667 2784 1829 2865 scriptura
1860 2783 2017 2849 eiusmodi
2051 2784 2192 2850 vocibus.

196 2894 310 2937 veram
333 2873 491 2937 iustitiam
524 2869 706 2934 instauret?
760 2869 900 2933 Ioannes
927 2866 1064 2950 angelus
1091 2872 1167 2931 ante
1219 2798 1332 2961 ὂ5555
1352 2866 1409 2931 ubi
1430 2874 1637 2949 peccatorum
1657 2869 1881 2933 remissionem
1902 2870 1998 2935 offert
2018 2872 2195 2947 1155555-

196 2960 313 3023 faciem
340 2957 464 3022 Christi
495 2957 615 3020 missus
648 2954 689 3020 ad
716 2957 787 3021 rias
820 2955 890 3017 eius
916 2951 1167 3036 praeparandas,
1220 2952 1440 3031 srpiscentiam
1470 2953 1614 3019 vicissim
1646 2954 1796 3037 stipulari
1827 2956 1895 3020 lere
1924 2956 2034 3035 solet3·
2052 2957 2194 3022 innuens

196 3041 548 3126 praedicabat(Matth.
572 3046 599 3120 3,
620 3042 669 3125 2)':
687 3040 920 3122 poenitentiam
937 3040 1033 3122 agite,
1052 3059 1168 3120 appro-
1220 3056 1315 3099 suam
1340 3038 1596 3103 misericordiam
1622 3040 1832 3122 resipiscendi
1853 3062 1986 3106 oausam
2008 3043 2195 3108 hominibus

197 3129 366 3211 pinquavit
387 3128 474 3192 enim
494 3149 633 3211 regnum
649 3127 820 3192 coelorum.
865 3124 920 3189 Ad
936 3124 1170 3207 poenitentiam
1221 3142 1292 3186 esse
1312 3121 1436 3186 debere.
1473 3124 1597 3203 Facite,
1619 3126 1726 3208 inquit
1747 3124 1824 3209 (les.
1846 3126 1960 3276 5313,
1982 3127 2139 3193 iudicium
2160 3134 2195 3194 et

197 3213 365 3280 invitando
396 3214 550 3278 monebat
582 3221 619 3277 55
657 3234 691 3278 sc
728 3218 912 3295 peccatores
944 3215 1167 3293 agnoscerent,
1219 3207 1387 3286 iustitiam,
1409 3209 1486 3291 quia
1506 3210 1594 3275 salus
1612 3213 1890 3295 appropinquavit
1945 3220 2011 3277 tem
2033 3214 2099 3296 (59,
2119 3216 2192 3300 20):

198 3320 319 3381 suaque
347 3300 456 3362 omnia
477 3319 587 3363 coram
607 3299 750 3364 Domino
779 3297 948 3362 damnata:
975 3317 1039 3378 quo
1061 3295 1169 3360 caruis
1221 3293 1331 3357 veniat
1357 3294 1453 3359 Zioni
1479 3294 1678 3380 redemptor,
1714 3304 1747 3361 et
1772 3299 1812 3363 iis
1838 3300 1894 3382 qui
1926 3299 1961 3362 in
1988 3299 2085 3364 Iacob
2112 3300 2194 3364 resi-

197 3406 275 3450 suae
297 3385 585 3462 mortificationem,
608 3406 646 3449 ac
663 3404 783 3450 novam
800 3385 835 3447 in
858 3384 974 3465 spiritu
996 3401 1169 3464 regenera-
1220 3380 1351 3460 piscunt
1379 3402 1399 3444 a
1424 3382 1573 3463 peccatis.
1626 3383 1713 3449 Item
1734 3382 1800 3468 (55,
1822 3382 1870 3467 6);
1904 3385 2050 3467 quaerite
2077 3385 2193 3450 Domi-

197 3473 320 3536 tionem
341 3470 416 3534 totis
438 3470 522 3534 votis
544 3476 742 3551 expeterent.
767 3486 771 3493 “
787 3470 942 3552 Regnum
958 3469 1023 3534 Dei
1042 3489 1169 3532 55555-
1222 3463 1409 3542 nundum
1425 3467 1568 3532 inveniri
1588 3475 1708 3552 potest3
1730 3470 1878 3535 invocate
1893 3491 1979 3547 555,
1999 3469 2077 3534 dum
2094 3490 2195 3553 prope

197 3555 308 3621 tiando
330 3555 372 3619 ad
392 3554 491 3619 fidem
513 3556 663 3634 vocabat;
690 3555 849 3637 siquidem
868 3576 927 3637 per
946 3575 1086 3638 regnum
1105 3555 1170 3619 Dei
1222 3558 1286 3630 est3
1314 3550 1518 3634 derelinquat
1549 3555 1668 3637 impius
1683 3556 1783 3620 'viam
1808 3577 1902 3620 suam
1930 3563 1963 3619 55
1988 3557 2195 3638 iniquitatem

197 3642 283 3724 quod
303 3641 438 3706 docebat
458 3642 493 3704 in
520 3641 699 3726 propinquo
721 3663 792 3706 esso
812 3642 1037 3706 remissionem
1057 3659 1169 3722 pecca
1221 3637 1454 3720 cogitationum
1482 3661 1630 3720 suarum,
1659 3647 1693 3706 et
1713 3641 1755 3706 ad
1774 3642 1955 3705 Dominum
1975 3648 2193 3722 convertatu,

199 3736 314 3805 torum,
338 3727 486 3804 salutem,
509 3727 620 3802 vitam,
643 3735 676 3791 55
696 3726 853 3809 quidquid
870 3728 1002 3791 omnino
1019 3726 1054 3789 in
1072 3725 1170 3791 Obri-
1222 3730 1256 3787 et
1283 3724 1489 3789 miserebitur
1522 3727 1599 3791 eius.
1650 3727 1736 3792 Item
1768 3727 1855 3812 (Act
1877 3730 1904 3806 2,
1928 3728 1999 3813 38):
2033 3729 2195 3793 converti·

198 3822 247 3878 stc
266 3815 476 3895 assequimur,
495 3812 708 3895 significabat
740 3812 851 3893 Quare
869 3812 954 3896 apud
972 3813 1053 3877 elios
1070 3833 1170 3878 evan-
1221 3809 1320 3888 mini,
1354 3816 1387 3874 et
1417 3811 1609 3893 resipiscite,
1639 3811 1684 3875 ut
1709 3812 1880 3877 deleantur
1911 3819 2044 3895 peccata
2075 3819 2194 3879 vestra.

198 3900 330 3982 gelistas
347 3899 482 3982 legitur:
501 3899 592 3962 venit
608 3899 750 3963 Ioannes
767 3897 959 3980 praedicans
972 3899 1170 3981 baptismum
1221 3894 1288 3961 Ubi
1315 3907 1426 3960 tamen
1458 3895 1680 3962 5555555555
1701 3906 1759 3977 555,
1793 3919 1860 3962 555
1882 3919 1956 3963 eam
1977 3899 2195 3965 conditionem

198 3986 424 4067 poenitentiae,
446 3986 481 4047 15
500 3985 723 4048 remissionem
739 3991 946 4067 peccatorum
963 3984 1080 4069 (Marc.
1097 3988 1123 4063 1,
1139 3988 1167 4048 4.
1221 3982 1268 4046 sic
1284 3983 1549 4065 ‘apponi,‘quasi
1576 3984 1769 4049 emerendae
1796 3985 1911 4049 veniae
1945 3984 2195 4050 fundamentum

199 4072 279 4136 Luc.
300 4075 327 4148 3,
348 4071 391 4153 3).
436 4069 533 4150 Quod
559 4069 637 4151 quid
666 4069 754 4134 aliud
775 4077 838 4147 est,
867 4092 965 4152 quam
992 4076 1030 4133 ut
1056 4091 1170 4152 pecca-
1223 4068 1266 4132 sit
1293 4074 1405 4131 nostra
1432 4069 1655 4149 resipiscentia
1661 4093 1670 4149 ;
1698 4072 1777 4152 quin
1799 4070 1922 4152 potius,
1951 4072 2028 4153 quia
2048 4072 2084 4134 in
2106 4071 2195 4135 huno

198 4167 305 4219 torum
327 4155 411 4219 5515
438 4156 543 4237 pressi
564 4163 597 4219 et
621 4155 749 4238 fatigati
771 4155 813 4220 ad
834 4157 1015 4220 Dominum
1036 4178 1070 4221 se
1093 4176 1169 4220 ocn-
1221 4155 1321 4217 finem
1350 4153 1518 4218 hominum
1546 4156 1692 4219 misereri
1720 4156 1834 4221 statuit
1859 4155 2023 4221 Dominus
2049 4165 2087 4219 ut
2114 4156 2195 4219 resi·

199 4248 374 4317 verterent,
396 4263 433 4306 ac
456 4240 495 4304 de
517 4242 707 4305 remissione
729 4249 762 4305 et
783 4241 887 4306 salute
910 4263 1000 4324 spem
1021 4242 1169 4324 concipe·
1221 4240 1364 4322 piscant,
1392 4260 1455 4322 quo
1477 4240 1520 4304 sit
1540 4240 1743 4305 tendendum
1762 4240 1901 4320 indicat,
1927 4243 1955 4306 si
1977 4243 2116 4325 gratiam
2137 4240 2195 4305 ob-

200 4326 294 4390 rent?
339 4323 396 4392 Sic
427 4334 460 4389 et
491 4325 644 4391 Christus
673 4348 749 4391 suas
783 4329 951 4392 conciones
985 4328 1169 4410 auspicatus
1221 4326 1326 4389 tinere
1354 4325 1477 4394 volunt.
1526 4326 1683 4406 Proinde,
1715 4327 1818 4393 donec
1843 4328 2031 4393 incarcere
2052 4327 2196 4408 corporis

198 4422 259 4477 est:
283 4412 555 4494 appropinquavit
570 4434 710 4496 regnum
727 4413 807 4491 Dei;
823 4413 1056 4495 poenitentiam
1073 4413 1169 4496 agite,
1221 4410 1325 4476 nostri
1350 4410 1582 4491 habitabimus,
1612 4412 1742 4478 assidue
1767 4414 1861 4479 nobis
1883 4435 1958 4478 cum
1978 4419 2114 4476 naturae
2136 4431 2196 4475 5ο-
2323 4416 2327 4424 “

182 4508 231 4562 ·et
262 4496 383 4563 credite
414 4498 582 4581 evangelio
615 4497 750 4582 (hlatth.
776 4503 806 4576 4,
835 4502 882 4561 17.
918 4499 1020 4563 Marc.
1049 4503 1075 4575 1,
1105 4496 1168 4582 15).
1222 4504 1310 4562 strae
1337 4504 1507 4579 corruptae
1534 4499 1622 4563 vitiis
1649 4497 1841 4564 luctandum
1863 4506 1926 4578 est,
1955 4498 2096 4580 adeoque
2118 4517 2195 4561 cum

197 4584 347 4648 Primum
370 4583 514 4649 declarat
533 4584 704 4649 thesauros
733 4583 973 4648 misericordiae
994 4585 1059 4649 Dei
1079 4585 1115 4647 15
1135 4604 1170 4648 sc
1222 4582 1365 4647 naturali
1386 4589 1497 4648 nostro
1524 4585 1664 4668 ingenio.
1679 4584 1703 4670 ¹)
1746 4586 1838 4651 Dicit
1859 4584 2027 4666 aliquoties
2049 4582 2154 4658 Plato,
2164 4580 2195 4668 ²)

198 4675 340 4752 apertcs;
369 4668 485 4733 deinde
514 4670 746 4752 poenitentiam
773 4669 888 4753 exigit,
916 4676 989 4733 tum
1007 4677 1171 4753 postremo
1223 4668 1325 4732 vitam
1349 4669 1534 4753 philosophi
1559 4670 1804 4737 meditationem
1825 4691 1896 4735 esse
1916 4669 2039 4732 mortis.
2073 4668 2197 4734 Verius

198 4756 351 4820 fiduciam
378 4777 457 4839 erga
477 4756 542 4820 Dei
569 4757 806 4837 promissiones.
857 4755 974 4837 Itaque
999 4777 1100 4838 quum
1122 4762 1171 4818 to-
1222 4754 1315 4818 nobis
1337 4753 1443 4820 dicere
1471 4755 1559 4833 licet,
1585 4758 1688 4823 vitam
1714 4756 1884 4823 christiani
1912 4754 2053 4818 hominis
2080 4775 2120 4836 pe

199 4850 269 4905 tum
296 4842 458 4925 evangelii
484 4843 650 4925 negotium
682 4842 825 4907 breviter
857 4840 1026 4924 complecti
1057 4840 1170 4918 voluit,
1223 4846 1316 4902 tuum
1338 4861 1408 4905 esse
1436 4841 1581 4906 studium
1602 4849 1636 4906 et
1660 4843 1925 4908 exercitationem
1951 4841 2134 4906 mortifican
2157 4860 2196 4904 aa

199 4926 282 4991 dixit
303 4925 398 5010 (Luc.
419 4932 469 5005 24,
489 4931 530 4990 26
549 4934 582 4992 55
599 4927 656 5012 46)
683 4949 718 4992 se
745 4927 925 5010 oportuisse
950 4928 1032 5009 pati,
1062 4948 1170 4991 resur-
1223 4925 1345 5001 camis,
1385 4925 1486 4992 donec
1524 4949 1563 4992 ea
1600 4928 1696 5008 plana
1733 4929 1929 5009 interempta
1966 4926 2099 5008 spiritus
2130 4925 2196 4990 Dei

200 5033 276 5094 gere
298 5033 318 5077 a
338 5015 483 5093 mortuis
504 5012 686 5097 praedicari
707 5015 743 5077 15
768 5013 900 5077 nomine
921 5033 980 5078 suo
1001 5013 1170 5096 poeniten·
1222 5010 1362 5093 regnum
1394 5011 1429 5074 15
1457 5014 1550 5078 nobis
1583 5012 1734 5077 obtineat
1787 5011 1898 5093 Quare
1930 5011 2025 5075 illum
2057 5012 2197 5076 arbitrer

156 5115 160 5121 ’
200 5098 294 5174 5155,
327 5105 360 5162 55
391 5100 613 5165 remissionem
638 5106 859 5182 peccatorum.
910 5098 950 5163 Id
975 5106 1008 5163 et
1035 5098 1172 5181 apostoli

200 5189 273 5280 p⁰sl
301 5183 369 5248 eius
396 5185 665 5251 resumotlfflom
691 5184 922 5284 praedicanllll
944 5185 1031 5283 (sm
1054 5190 1083 5261 5⁹
1104 5182 1171 5334 311}
1292 5215 1321 5280 1)
1339 5223 1432 5269 nostra
1454 5217 1543 5270 anima
1570 5213 1639 5270 1550
1660 5232 1731 5285 seqq.
1825 5216 1856 5284 2)
1873 5218 1907 5269 Id
1929 5235 1988 5271 555
2009 5217 2075 5271 51151
2091 5221 2150 5270 tum
2167 5216 2197 5271 in

200 5275 377 5332 55555555
405 5291 425 5333 5
451 5271 537 5350 Deo,
566 5270 608 5335 ad
630 5270 772 5336 dandam
799 5276 1032 5354 poemtentrem
1053 5271 1145 5336 Israe
1223 5285 1368 5338 Phaedone
1386 5286 1478 5338 mulus
1496 5286 1625 5354 disputat.
2167 5291 2180 5309 ··
