4732 6030
218 367 281 431 919
803 353 1071 422 INSTITUTIO
1091 355 1197 420 aab.
1220 353 1402 420 offltlsr.
1428 356 1661 418 1539—1554.
2167 355 2234 417 920

1863 465 1978 536 asse,
1996 467 2108 535 assa,
2126 459 2235 522 case.

218 571 303 636 quae
334 547 477 613 multam
517 565 594 609 cum
632 543 825 608 assiduitate
862 543 1058 608 affinitatem
1090 543 1199 619 habet,
1252 543 1392 608 facessat
1412 542 1600 621 ostentati0,
1629 550 1662 608 et
1681 455 2021 626 humanae[gloriolae
2043 543 2232 624 aucupium,

218 625 283 704 erit
304 635 391 699 circa
412 635 514 697 finem
536 630 665 695 dicendi
686 630 787 694 locus.
831 631 938 695 Porro
957 630 1039 693 haee
1056 629 1140 694 nihil
1158 628 1199 692 ad
1252 627 1347 693 modo
1370 627 1455 692 adsit
1476 629 1603 693 sincera
1627 650 1770 712 veraque
1792 630 1932 708 affectio,
1962 649 2045 711 quae
2065 630 2102 692 in
2122 628 2232 694 cordis

218 719 443 802 battologiam,
469 737 535 800 qua
556 716 771 781 interdictum
798 715 893 779 nobis
915 714 1071 780 Christus
1093 714 1201 780 voluit
1254 735 1372 779 arcano
1404 715 1539 779 habitet.
1596 711 1634 779 Si
1667 716 1721 780 hic
1752 715 1917 799 legitimus
1951 722 2001 779 est
2032 713 2234 796 templorum

183 856 189 865 .
219 805 356 893 (Matth.
377 808 405 883 6,
426 803 470 887 7).
516 803 593 867 Non
615 803 703 866 enim
725 801 792 879 diu,
813 821 873 865 nec
891 821 996 884 saepe,
1016 821 1075 866 nec
1093 801 1200 864 multo
1253 822 1346 878 usus,
1378 807 1416 863 ut
1437 807 1524 865 certe
1546 807 1612 878 est,
1646 800 1827 867 cavendum
1857 808 1907 866 est
1926 821 2074 877 rursum,
2105 802 2151 864 he
2173 807 2234 864 aut

218 913 295 958 oum
313 892 442 967 affectu,
465 890 616 953 insistere
633 887 786 971 precibus
807 893 911 953 vetat:
935 885 992 952 sed
1014 909 1056 951 ne
1075 886 1200 968 aliquid
1254 885 1543 970 (quemadmodum
1576 887 1713 952 saeculis
1741 887 1866 968 aliquot
1897 886 2011 951 haberi
2038 885 2231 967 ooeperrmt)

219 999 240 1042 a
266 977 339 1041 Deo
365 982 562 1056 extorquere
596 995 657 1038 nos
684 994 781 1057 posse
814 972 1031 1051 confidamus,
1066 972 1200 1055 garrula
1252 972 1383 1053 propria
1405 993 1475 1036 esse
1497 972 1562 1036 Dei
1580 972 1766 1038 habitacula
1784 972 1957 1050 ducamus,
1986 971 2073 1036 unde
2095 972 2231 1053 propius

218 1062 418 1146 loquacitate
451 1060 522 1126 eius
556 1080 654 1124 aures
687 1058 913 1137 obtundendo,
928 1059 930 1062 ’
943 1079 980 1122 ac
1003 1059 1030 1122 si
1052 1058 1199 1122 humano
1253 1078 1366 1121 aurem
1393 1057 1486 1122 nobis
1509 1057 1692 1137 admoveat;
1727 1065 1785 1122 aut
1812 1063 1971 1122 secretam
1995 1059 2103 1122 neseio
2130 1078 2231 1139 quam

218 1169 311 1213 more
334 1144 584 1231 persuadendus
606 1146 699 1209 soret.
1251 1143 1316 1207 illis
1337 1143 1532 1226 affingamus
1561 1145 1780 1222 sanctitatem,
1809 1164 1891 1224 quae
1911 1144 2121 1208 sacratiorem
2142 1143 2231 1225 apud

308 1237 358 1297 23.
404 1230 546 1312 Quando
568 1253 647 1297 vero
676 1231 764 1295 huno
792 1251 863 1295 esse
885 1229 1042 1293 orationis
1065 1249 1199 1312 scopum
1251 1229 1361 1292 Deum
1388 1230 1566 1293 orationem
1593 1229 1717 1294 reddat.
1768 1229 1859 1293 Vera
1891 1230 1979 1294 enim
2010 1229 2073 1293 Dei
2106 1228 2231 1311 templa

221 1320 288 1384 iam
320 1320 414 1402 prius
447 1317 573 1381 dictum
606 1324 670 1394 est,
703 1324 742 1380 ut
774 1317 874 1381 erecti
901 1316 937 1379 in
959 1314 1071 1379 Deum
1098 1315 1200 1380 animi
1253 1334 1355 1395 quum
1383 1315 1484 1379 simus
1512 1314 1590 1396 ipsi,
1622 1316 1657 1378 in
1686 1315 1779 1379 nobis
1806 1335 1935 1379 oremus
1965 1321 2105 1397 oportet,
2139 1315 2167 1378 si
2193 1316 2230 1378 in

220 1405 380 1481 ferantur,
403 1411 477 1466 tum
499 1403 540 1466 ad
563 1403 800 1467 confessionem
816 1402 934 1482 laudis,
952 1408 1026 1464 tum
1044 1400 1086 1465 ad
1104 1421 1200 1483 opem
1253 1406 1365 1464 sancto
1386 1400 1507 1482 templo
1535 1421 1592 1465 suo
1614 1401 1723 1465 Deum
1755 1400 1905 1466 volumus
1926 1401 2087 1465 invocare.
2131 1399 2230 1464 Illam

159 1526 165 1533 ·
221 1484 477 1573 implorandam,
513 1509 555 1552 ex
577 1509 615 1552 eo
645 1488 830 1571 intelligere
851 1488 942 1567 licet,
976 1487 1100 1570 primas
1129 1487 1200 1550 eius
1252 1507 1331 1551 vero
1363 1487 1543 1550 crassitiem
1570 1484 1701 1551 Iudaeis
1733 1495 1791 1550 aut
1818 1485 1969 1569 gentibus
1996 1486 2229 1568 relinquamus,

221 1584 333 1660 partes
356 1576 391 1638 in
412 1581 525 1638 mente
546 1581 581 1638 ct
601 1574 711 1637 animo
733 1574 857 1657 positas
879 1594 958 1637 esse.
1003 1573 1068 1638 Vel
1089 1572 1200 1655 potius
1237 1571 1309 1652 'qui
1338 1580 1547 1653 praeceptum
1575 1572 1734 1636 habemus
1762 1571 1801 1636 de
1828 1571 2023 1649 invocando,
2057 1573 2139 1637 citra
2166 1572 2231 1637 loci

223 1662 407 1726 orationem
427 1661 536 1743 ipsam
553 1681 624 1724 esse
641 1661 773 1742 proprie
790 1658 956 1724 interioris
974 1658 1081 1722 cordis
1103 1659 1200 1721 affec-
1254 1655 1490 1735 discretionem,
1513 1659 1549 1720 in
1571 1659 1687 1740 spiritu
1709 1665 1743 1722 et
1762 1658 1900 1722 veritate
1917 1658 2059 1722 Domino
2081 1655 2184 1742 (loen.
2198 1663 2228 1735 4,

222 1755 305 1825 tum,
329 1746 386 1828 qui
404 1746 492 1829 apud
516 1745 643 1821 Deum,
666 1744 816 1808 cordium
839 1751 1069 1822 scrutatorem,
1093 1744 1200 1807 effun-
1255 1741 1320 1827 23).
1365 1743 1562 1808 Dedicatum
1596 1742 1727 1825 quidem
1760 1744 1919 1825 templum
1952 1750 2024 1808 erat
2054 1743 2131 1807 olim
2162 1744 2230 1807 Dei

223 1832 315 1915 ditur
334 1839 369 1895 et
389 1831 575 1915 exponitur.
621 1829 845 1910 Quamobrem
862 1830 1018 1896 Christus
1035 1828 1201 1893 Dominus
1253 1828 1344 1893 iussu
1364 1829 1514 1910 precibus
1543 1850 1581 1895 ac
1602 1830 1744 1894 victimis
1765 1828 1953 1907 offerendis,
1982 1828 2039 1894 sed
2060 1850 2122 1911 quo
2143 1836 2229 1893 tem-

221 1925 347 1996 noster,
380 1938 484 1999 quum
512 1916 672 1999 optimam
701 1916 817 1980 orandi
843 1917 950 1999 legem
976 1916 1063 1979 ferre
1091 1914 1200 1993 vellet,
1253 1935 1331 1996 pore
1348 1915 1469 1979 veritas
1487 1915 1546 1979 sub
1564 1914 1684 1980 talibus
1701 1916 1826 1979 umbris
1843 1916 1985 1998 figurata
2007 1913 2229 1980 delitescebat:

222 2003 321 2067 iussit
352 2003 478 2066 intrare
515 2002 551 2066 in
584 2001 788 2081 cubiculum,
828 2001 939 2084 ibique
972 2001 1057 2066 ostio
1090 2001 1201 2065 clauso
1255 2020 1338 2081 quae
1359 2021 1447 2064 nunc
1470 2000 1511 2064 ad
1534 2000 1647 2066 vivum
1666 2001 1762 2065 nobis
1783 2022 1938 2082 expressa
1958 2002 1994 2064 in
2015 2000 2106 2065 nullo
2126 2008 2231 2066 mate-

223 2109 319 2153 orare
335 2095 466 2170 patrem
482 2094 636 2152 nostrum
652 2087 905 2151 inabscondito:
924 2095 964 2151 ut
973 2095 1068 2170 pater
1078 2094 1200 2163 noster,
1254 2085 1344 2149 riali.
1358 2085 1480 2167 templo
1513 2085 1648 2150 haerere
1678 2107 1738 2151 nos
1769 2087 1901 2169 patitur.
1946 2088 1996 2152 Ae
2029 2108 2072 2151 nc
2099 2085 2233 2151 Iudaeis

223 2175 282 2256 qui
310 2181 360 2238 est
387 2174 423 2237 in
450 2172 652 2251 abscondito,
680 2193 741 2237 nos
768 2173 924 2238 exaudiat
951 2172 1086 2257 (Matth.
1107 2176 1136 2251 6,
1156 2171 1200 2255 6).
1256 2169 1387 2253 quidem
1415 2192 1455 2235 ea
1482 2172 1666 2236 conditione
1696 2171 1959 2237 commendatum
1980 2173 2043 2236 fuit
2063 2172 2232 2255 templum,

223 2259 311 2324 Nam
338 2258 395 2322 ubi
417 2256 458 2322 ab
484 2258 733 2342 hypocritarum
762 2259 913 2342 exempla
935 2257 1110 2336 abstraxit,
1145 2256 1203 2339 qui
1255 2264 1293 2320 ut
1313 2257 1377 2321 Dei
1397 2258 1615 2338 praesentiam
1636 2258 1706 2322 eius
1727 2258 1904 2340 parietibus
1926 2256 2145 2336 includerent;
2176 2257 2234 2322 sed

224 2343 398 2408 ambitiosa
430 2365 566 2427 precum
599 2345 819 2408 ostentatione
853 2344 1026 2409 hominum
1056 2344 1203 2409 favorem
1256 2363 1320 2424 quo
1348 2341 1390 2405 ad
1417 2343 1700 2425 contemplandam
1726 2344 1798 2408 veri
1825 2344 1937 2426 templi
1967 2345 2110 2428 effigiem
2138 2365 2233 2408 exer·

224 2429 415 2513 captabant,
450 2430 549 2493 simul
570 2429 698 2508 adiicit,
733 2430 813 2512 quid
843 2431 887 2494 sit
911 2430 1043 2494 melius:
1078 2429 1203 2493 intrare
1256 2438 1415 2494 cerentur.
1460 2428 1577 2510 Itaque
1606 2430 1750 2513 graviter
1778 2450 1798 2494 a
1822 2430 1930 2494 Iesaia
1956 2430 2022 2515 (66,
2045 2429 2078 2513 1)
2102 2437 2136 2495 et
2157 2427 2234 2494 Ste-

223 2515 347 2580 scilioet
373 2507 562 2579 cubiculum
590 2522 625 2579 et
654 2515 766 2579 clauso
796 2516 880 2580 ostio
902 2516 948 2579 ibi
971 2535 1073 2579 orare.
1119 2513 1203 2594 Qui-
1255 2512 1364 2596 phano
1392 2512 1481 2598 (Act.
1504 2520 1532 2593 7,
1552 2513 1608 2599 48)
1636 2515 1825 2597 reprehensi
1852 2509 1959 2593 sunt,⁸
1977 2516 2032 2597 qui
2059 2517 2169 2580 Deum
2197 2516 2234 2578 in

223 2599 286 2665 bus
316 2600 426 2666 verbis
453 2603 507 2687 (ut
534 2622 595 2683 ego
622 2601 840 2686 interpretor)
868 2622 1033 2665 secessum
1060 2601 1118 2683 qui
1142 2621 1203 2664 nos
1256 2599 1386 2682 templis
1407 2621 1509 2664 manu
1531 2601 1625 2665 factis
1646 2601 1795 2666 habitare
1816 2601 1883 2664 ullo
1905 2599 2001 2665 modo
2022 2607 2185 2683 putarent

225 2705 263 2750 eo
285 2686 386 2765 iuvet,
405 2694 445 2750 ut
462 2694 534 2752 tota
551 2686 750 2769 cogitatione
765 2687 801 2750 in
819 2707 876 2750 cor
898 2693 1051 2750 nostrum
1070 2686 1203 2752 descen·
1341 2689 1391 2748 25.
1435 2685 1524 2751 Hinc
1543 2693 1713 2769 praeterea
1732 2686 1807 2769 plus
1826 2707 1924 2768 quam
1944 2687 2069 2752 clarum
2090 2694 2147 2763 est,
2170 2706 2232 2750 ne-

223 2770 340 2836 damus
363 2780 398 2836 et
419 2772 649 2855 ingrediamur
665 2772 808 2856 penitus,
828 2793 985 2854 quaerere
1003 2792 1064 2836 nos
1081 2771 1202 2851 docuit,
1256 2790 1319 2852 que
1347 2792 1476 2850 vocem,
1504 2792 1610 2853 neque
1637 2780 1770 2838 cantum
1799 2773 1841 2857 (si
1863 2773 1898 2835 in
1926 2773 2071 2837 oratione
2090 2773 2233 2836 interce·

216 2858 449 2940 propinquum
470 2857 564 2922 nobis
586 2856 698 2921 Deum
719 2858 840 2922 talibus
853 2857 879 2943 ¹)
909 2858 1011 2922 animi
1032 2857 1204 2922 affectibus
1256 2855 1350 3005 den?
1369 2857 1489 2922 habere
1507 2858 1684 2940 quidquem
1701 2859 1866 2933 momenti,
1886 2865 1943 2922 aut
1959 2858 2065 2923 hilum
2073 2858 2233 2941 proficere

223 2943 431 3025 promittens,
450 2944 545 3007 cuius
562 2944 687 3025 templa
704 2964 775 3008 esse
793 2943 913 3008 debent
931 2964 1068 3026 corpora
1079 2951 1201 3008 nostra.
1256 2963 1319 3024 apu
1373 2943 1499 3022 Deum,
1533 2945 1597 3008 nisi
1625 2964 1667 3007 ex
1700 2944 1766 3008 alto
1792 2944 1898 3009 cordis
1930 2945 2049 3009 affectu
2077 2944 2231 3026 profecta

223 3028 339 3110 Neque
362 3029 453 3093 enim
472 3049 595 3111 negare
617 3029 736 3109 voluit,
766 3029 847 3111 quin
868 3029 942 3094 aliis
970 3050 1101 3112 quoque
1122 3029 1203 3093 loois
1255 3026 1345 3108 Quin
1367 3029 1436 3093 eius
1453 3029 1538 3093 iram
1557 3026 1714 3095 adversus
1731 3051 1790 3095 nos
1807 3037 1993 3112 provocant,
2012 3031 2040 3095 si
2057 3051 2076 3094 e
2094 3030 2234 3094 summis

91 3197 95 3203 ἢ
219 3133 316 3177 orare
339 3114 506 3197 expediat;
528 3114 585 3179 sed
606 3134 677 3177 esse
699 3115 856 3196 quiddam
874 3122 1038 3180 secretum
1058 3115 1204 3179 ostendit
1255 3113 1417 3178 duntaxat
1443 3115 1544 3180 labris
1571 3123 1605 3179 et
1631 3122 1763 3199 gutture
1796 3122 1931 3192 exeunt;
1964 3115 2094 3197 quando
2121 3115 2155 3180 id
2183 3120 2233 3180 est

92 3243 95 3250 »
221 3199 414 3278 orationem,
437 3207 574 3281 quaest
595 3199 631 3262 in
653 3200 763 3263 animo
785 3201 996 3284 potissimum
1021 3201 1128 3265 locata
1149 3201 1201 3279 sit,
1255 3207 1459 3265 sacrosancto
1481 3201 1552 3265 eius
1576 3202 1708 3265 nomine
1731 3202 1835 3279 abuti,
1864 3222 1901 3266 ac
1930 3201 1999 3266 eius
2027 3202 2234 3266 maiestatem

220 3292 255 3348 et
286 3285 357 3348 eius
390 3285 681 3367 tranquillitatem,
714 3287 829 3369 procul
862 3287 1014 3351 omnibus
1047 3307 1203 3351 curamm
1255 3285 1378 3351 densui
1398 3285 1528 3350 habere.
1572 3287 1620 3352 Ut
1639 3288 1708 3369 ipsc
1730 3308 1789 3370 per
1809 3287 2004 3369 prophetam
2024 3286 2101 3372 (Ios.
2122 3291 2173 3366 29,
2196 3290 2235 3350 13

219 3369 336 3449 turbis,
361 3371 519 3454 requirat.
564 3371 641 3435 Non
663 3392 742 3454 erge
769 3373 840 3436 sine
861 3392 960 3436 causa
979 3373 1050 3456 ipse
1073 3394 1203 3455 quoque
1255 3372 1294 3437 cf.
1308 3371 1429 3436 Matth.
1446 3376 1493 3450 15,
1507 3370 1542 3456 8)
1560 3374 1715 3445 affimat:
1738 3372 1885 3455 populus,
1907 3373 2024 3455 inquit,
2041 3373 2104 3438 iste
2116 3393 2236 3456 appro-

219 3453 402 3535 Dominus,
438 3478 543 3539 quum
571 3455 724 3540 precibus
752 3457 947 3522 incumbere
974 3458 1204 3524 vehementius
1255 3458 1393 3539 pinquat
1411 3457 1494 3521 mihi
1515 3448 1572 3522 ore'
1593 3480 1660 3536 suo,
1683 3466 1718 3523 et
1733 3459 1829 3524 labiis
1847 3459 1914 3523 suis
1931 3480 1985 3522 me
2003 3458 2156 3538 honorat;
2179 3480 2236 3525 cor

218 3541 333 3620 vellet,
369 3542 405 3606 in
434 3563 600 3607 secessum
632 3543 748 3625 procul
781 3543 956 3607 hominum
987 3546 1136 3609 tumultu
1168 3566 1203 3609 sc
1255 3551 1366 3607 autem
1383 3563 1496 3607 eorum
1514 3544 1611 3628 longe
1628 3550 1679 3609 est
1697 3566 1717 3609 a
1733 3566 1796 3623 me,
1815 3550 1847 3608 et
1870 3545 2052 3608 timuerunt
2066 3566 2120 3609 me
2137 3566 2235 3609 man·
2288 3607 2291 3610 ,

220 3628 409 3692 conferebat
415 3651 424 3707 3
445 3628 503 3692 sed
520 3635 559 3691 ut
577 3649 637 3691 suo
656 3648 717 3692 nos
734 3628 884 3712 exemplo
901 3631 1202 3710 commonefaceret,
1257 3628 1332 3693 dato
1359 3635 1393 3692 et
1419 3628 1568 3694 doctrina
1594 3630 1778 3694 hominum:
1812 3636 1986 3714 propterea
2013 3651 2087 3696 ecce
2114 3631 2235 3695 faeiem

220 3731 288 3774 non
311 3733 382 3776 esse
404 3714 602 3796 negligenda
624 3714 725 3778 istaec
747 3714 959 3794 adminicula,
991 3716 1110 3798 quibus
1132 3717 1203 3780 ani·
1255 3716 1290 3779 in
1323 3715 1442 3797 populo
1475 3716 1536 3781 hcc
1569 3716 1763 3780 miraculum
1797 3715 1920 3800 grande
1954 3723 1988 3779 et
2020 3714 2233 3798 stupendum

220 3817 296 3859 mus
315 3804 429 3863 noster
451 3800 558 3882 magis
581 3800 622 3864 ad
645 3800 770 3864 se1ium
797 3801 955 3864 orationis
982 3802 1131 3866 studium
1151 3803 1203 3866 in·
1254 3801 1375 3883 peribit
1395 3802 1484 3865 enim
1504 3802 1664 3884 sapientia
1685 3823 1705 3866 a
1725 3802 1924 3884 sapientibus
1946 3823 2068 3879 eorum,
2099 3808 2134 3865 et
2153 3823 2234 3884 pru-

220 3882 379 3946 te'nditur.
429 3884 572 3949 Interim
605 3906 684 3951 vero
718 3886 996 3968 quemadmodum
1028 3909 1135 3970 neque
1167 3889 1204 3952 in
1257 3886 1368 3951 dantia
1397 3887 1562 3951 seniorum
1594 3894 1774 3953 evanescet
1818 3888 1933 3968 Neque
1965 3895 2076 3951 tamon
2108 3908 2234 3966 vocem,

219 3967 329 4031 media
350 3969 525 4034 hominum
546 3971 665 4048 turba,
690 3972 718 4034 si
740 3972 877 4053 quando
898 3973 947 4036 ita
968 3972 1090 4037 tulerat
1112 3993 1204 4038 occa·
1257 3979 1314 4036 aut
1335 3980 1468 4038 cantum
1490 3974 1544 4038 hio
1565 3972 1769 4052 damnamus,
1792 3974 1871 4055 quin
1892 3974 2000 4054 potius
2026 3971 2123 4037 valde
2145 3994 2236 4038 com-

220 4052 283 4133 sio,
318 4055 522 4136 aprecandc
549 4057 749 4135 abstinebat,
781 4058 828 4122 sic
851 4079 912 4123 nes
936 4058 971 4121 in
993 4059 1074 4123 locis
1098 4059 1203 4123 omni·
1255 4057 1458 4136 menda-mus,
1493 4059 1590 4122 modo
1620 4060 1721 4123 animi
1746 4060 1900 4123 affectum
1927 4059 2130 4123 comitentur.
2176 4057 2235 4124 Sic
2295 4122 2302 4141 ,

218 4138 298 4218 bus,
331 4140 500 4226 quoties2)
529 4163 613 4225 opus
635 4143 752 4221 fixerit,
784 4144 940 4208 tollamus
960 4166 1063 4227 puras
1084 4166 1204 4210 manus
1256 4145 1344 4208 enim
1365 4150 1510 4208 mentem
1531 4145 1565 4208 in
1587 4145 1651 4209 Dei
1674 4145 1868 4228 cogitatione
1886 4150 2048 4222 exercent,
2071 4152 2104 4208 et
2124 4144 2235 4209 inten-

220 4223 252 4310 (1
275 4226 359 4308 Tim
380 4230 408 4304 2,
429 4227 474 4311 8).-
1255 4237 1324 4294 tam
1345 4230 1502 4307 retinent;
1530 4251 1621 4312 quac,
1650 4238 1688 4295 ut
1708 4231 1834 4296 lubrica
1856 4237 1904 4294 est
1925 4238 1960 4294 et
1975 4230 2153 4308 versatilis,
2184 4231 2233 4295 fa·

308 4315 359 4376 24.
406 4310 619 4392 Quinetiam
640 4321 679 4378 ut
708 4336 897 4382 communes
918 4317 1069 4382 fidelibus
1091 4337 1203 4401 preces
1255 4317 1316 4381 oile
1344 4316 1522 4380 remittitur
1551 4323 1584 4379 et
1612 4317 1648 4380 in
1674 4318 1768 4383 varia
1797 4315 2004 4395 distrahitur,
2039 4317 2103 4380 nisi
2130 4317 2235 4382 variis

218 4396 285 4462 Dei
306 4398 408 4464 verbo
431 4398 612 4477 edicuntur,
637 4400 683 4465 sio
705 4410 738 4465 et
759 4402 882 4484 templa
903 4403 1033 4485 publica
1050 4404 1091 4468 iis
1108 4422 1202 4485 pera-
1254 4402 1409 4467 fulciatur
1436 4400 1651 4467 adminiculis.
1696 4404 1887 4480 Praeterea,
1912 4423 2014 4483 quum
2041 4402 2104 4466 Dei
2127 4401 2235 4485 gloria

219 4482 335 4566 gendis
369 4484 532 4549 destinata
565 4505 636 4550 esse
670 4493 813 4569 oportet;
846 4489 902 4553 ubi
934 4489 990 4572 qui
1022 4489 1203 4552 orationem
1254 4488 1290 4551 in
1312 4488 1449 4572 singulis
1469 4488 1612 4570 corporis
1633 4490 1737 4554 nostri
1758 4488 1906 4571 partibus
1928 4487 2056 4552 elucere
2074 4486 2233 4569 quodam-

135 4587 138 4597 ·
218 4589 294 4634 cum
328 4570 394 4634 Dei
421 4571 541 4653 populo
575 4574 817 4638 communicare
849 4581 1025 4655 respuunt,
1059 4594 1125 4637 non
1153 4580 1204 4638 est
1254 4573 1350 4638 modo
1384 4573 1513 4649 debeat,
1554 4576 1707 4639 convenit
1743 4574 1937 4656 praesertim
1973 4573 2121 4656 linguam
2154 4573 2232 4639 huic

219 4653 305 4737 quod
322 4656 385 4720 isto
403 4664 578 4738 praetextu
596 4658 787 4722 abutantur:
807 4659 994 4723 cubiculum
1011 4679 1046 4723 se
1063 4659 1201 4743 ingredi,
1254 4660 1436 4724 ministerio
1459 4659 1622 4724 addictam
1649 4682 1719 4725 esse
1742 4681 1780 4725 ac
1802 4660 1962 4736 devotam,
1992 4665 2063 4722 tum
2085 4659 2232 4724 canendo

218 4759 282 4822 quo
305 4741 441 4805 Domini
460 4742 616 4807 mandato
641 4749 786 4825 pareant.
831 4743 894 4807 llle
914 4745 1001 4808 enim
1031 4746 1086 4826 qui
1106 4745 1202 4827 polli·
1254 4753 1326 4810 tum
1364 4744 1541 4828 loquendo,
1580 4766 1663 4827 quae
1692 4745 1916 4828 peurliariter·
1937 4743 1978 4808 ad
2012 4744 2233 4810 enarrandam

219 4836 311 4890 cetur
333 4849 368 4891 se
397 4829 562 4893 facturum
587 4827 746 4911 quidquid
773 4829 837 4893 duo
858 4835 916 4894 aut
944 4836 1011 4894 tres
1038 4832 1200 4913 petierint,
1255 4831 1570 4915 praedicandamque
1591 4832 1655 4896 Dei
1682 4831 1812 4896 landem
1840 4829 1970 4896 condita
1992 4836 2050 4895 cst
2094 4830 2232 4896 Potissi-

217 4910 254 4973 in
280 4913 412 4977 nomine
437 4916 500 4978 'suo
528 4916 720 4998 congregati
752 4914 886 4999 (Matth.
909 4918 963 4994 18,
988 4913 1060 5000 20),
1092 4918 1203 4999 palam
1255 4940 1329 4983 mus
1350 4924 1463 4983 tamen
1483 4916 1616 5001 linguae
1637 4940 1717 4982 usus
1738 4918 1844 4982 estin
1865 4915 2231 4998 orationibuspublicis,

219 5004 391 5079 conceptas
408 5020 521 5080 preces
540 5022 574 5064 se
593 5001 731 5065 minime
745 5001 916 5083 aspernari
935 5007 1088 5083 testatur3
1106 5003 1202 5069 modo
1256 5025 1338 5087 quae
1371 5005 1407 5068 in
1437 5001 1582 5067 fidelium
1612 5010 1775 5068 conventu
1807 5002 1984 5067 habentur:
2017 5002 2136 5083 quibus
2169 5002 2232 5068 hoc

161 5083 170 5092 ’
1256 5091 1378 5176 agitur,
1401 5097 1439 5153 ut
1459 5089 1583 5167 Deum,
1611 5110 1708 5171 quem
1729 5110 1795 5153 une
1824 5088 1941 5171 spiritu
1968 5087 2145 5170 eademque
2165 5087 2232 5153 fide

1255 5175 1400 5254 colimus,
1424 5175 1587 5240 communi
1609 5197 1675 5238 una
1696 5197 1783 5254 voce,
1807 5182 1840 5239 et
1861 5173 1962 5239 veluti
1985 5173 2098 5238 eodem
2116 5195 2231 5240 omnes

219 5168 423 5180 *κη-η

289 5267 318 5336 1)
335 5270 436 5323 talibus
455 5273 539 5325 omar.
555 5241 628 5326 lact
643 5289 697 5342 seq.
767 5272 798 5341 2)
816 5275 914 5343 qubus
933 5273 1001 5328 1545
1019 5291 1090 5367 seqq.
1255 5281 1326 5340 ore,
1358 5261 1481 5344 pariter
1509 5259 1734 5343 glorificemus.
1779 5260 1883 5343 quue
1904 5258 2028 5342 palam,
2059 5266 2096 5323 ut
2117 5281 2232 5326 omnes

490 5394 493 5401 ,
545 5387 548 5391 ,
1304 5362 1324 5389 l
