<?xml version="1.0" encoding="UTF-8"?>
<!DOCTYPE html PUBLIC "-//W3C//DTD XHTML 1.0 Transitional//EN"
    "http://www.w3.org/TR/xhtml1/DTD/xhtml1-transitional.dtd">
<html xmlns="http://www.w3.org/1999/xhtml" xml:lang="en" lang="en">
 <head>
  <title>
</title>
<meta http-equiv="Content-Type" content="text/html;charset=utf-8" />
  <meta name='ocr-system' content='tesseract 3.04.00' />
  <meta name='ocr-capabilities' content='ocr_page ocr_carea ocr_par ocr_line ocrx_word'/>
</head>
<body>
  <div class='ocr_page' id='page_1' title='image "./ioanniscalvinio05calvgoog_0357.png"; bbox 0 0 4770 6030; ppageno 0'>
   <div class='ocr_carea' id='block_1_1' title="bbox 1993 433 2001 445">
    <p class='ocr_par' dir='ltr' id='par_1_1' title="bbox 1993 433 2001 445">
     <span class='ocr_line' id='line_1_1' title="bbox 1993 433 2001 445; baseline 0 0"><span class='ocrx_word' id='word_1_1' title='bbox 1993 433 2001 445; x_wconf 62' lang='grc' dir='ltr'>ἱ</span> 
     </span>
    </p>
   </div>
   <div class='ocr_carea' id='block_1_2' title="bbox 215 297 2220 538">
    <p class='ocr_par' dir='ltr' id='par_1_2' title="bbox 215 297 2220 538">
     <span class='ocr_line' id='line_1_2' title="bbox 215 297 2220 538; baseline 0 -123"><span class='ocrx_word' id='word_1_2' title='bbox 215 354 277 417; x_wconf 79' lang='lat' dir='ltr'><strong><em>ors</em></strong></span> <span class='ocrx_word' id='word_1_3' title='bbox 789 308 1056 413; x_wconf 75' lang='grc'><em>1636166616</em></span> <span class='ocrx_word' id='word_1_4' title='bbox 1078 346 1182 414; x_wconf 73' lang='lat' dir='ltr'><strong><em>nnn.</em></strong></span> <span class='ocrx_word' id='word_1_5' title='bbox 1205 347 1387 415; x_wconf 75' lang='lat' dir='ltr'><strong><em>cflmsr.</em></strong></span> <span class='ocrx_word' id='word_1_6' title='bbox 1413 297 1664 432; x_wconf 56' lang='grc' dir='ltr'><strong><em>16366366,Ι</em></strong></span> <span class='ocrx_word' id='word_1_7' title='bbox 1968 450 1983 538; x_wconf 71' lang='grc'>[</span> <span class='ocrx_word' id='word_1_8' title='bbox 2155 354 2220 415; x_wconf 77' lang='lat' dir='ltr'><strong><em>erc</em></strong></span> 
     </span>
     <span class='ocr_line' id='line_1_3' title="bbox 517 443 2218 531; baseline 0.002 -16"><span class='ocrx_word' id='word_1_9' title='bbox 517 447 520 470; x_wconf 92' lang='lat'>&#39;</span> <span class='ocrx_word' id='word_1_10' title='bbox 604 443 610 461; x_wconf 90' lang='lat'>‘</span> <span class='ocrx_word' id='word_1_11' title='bbox 766 458 769 465; x_wconf 83' lang='grc'>’</span> <span class='ocrx_word' id='word_1_12' title='bbox 1983 462 2218 531; x_wconf 53' lang='lat' dir='ltr'><strong><em>sionem.</em></strong></span> 
     </span>
    </p>
   </div>
   <div class='ocr_carea' id='block_1_3' title="bbox 103 532 2220 624">
    <p class='ocr_par' dir='ltr' id='par_1_3' title="bbox 103 532 2220 624">
     <span class='ocr_line' id='line_1_4' title="bbox 103 532 2220 624; baseline -0 -19"><span class='ocrx_word' id='word_1_13' title='bbox 103 613 108 623; x_wconf 36' lang='lat'><strong><em>¹</em></strong></span> <span class='ocrx_word' id='word_1_14' title='bbox 214 532 428 624; x_wconf 69' lang='lat' dir='ltr'><strong><em>dispectionem</em></strong></span> <span class='ocrx_word' id='word_1_15' title='bbox 450 536 585 615; x_wconf 81' lang='lat' dir='ltr'><strong><em>babebat,</em></strong></span> <span class='ocrx_word' id='word_1_16' title='bbox 608 557 651 601; x_wconf 91' lang='grc'><strong><em>66</em></strong></span> <span class='ocrx_word' id='word_1_17' title='bbox 667 535 717 599; x_wconf 90' lang='lat' dir='ltr'><strong><em>bic</em></strong></span> <span class='ocrx_word' id='word_1_18' title='bbox 735 535 867 619; x_wconf 71' lang='lat' dir='ltr'><strong><em>fideliter</em></strong></span> <span class='ocrx_word' id='word_1_19' title='bbox 883 539 1096 616; x_wconf 70' lang='lat' dir='ltr'><strong><em>exsequeretur</em></strong></span> <span class='ocrx_word' id='word_1_20' title='bbox 1111 534 1192 614; x_wconf 89' lang='lat' dir='ltr'><strong><em>quod</em></strong></span> <span class='ocrx_word' id='word_1_21' title='bbox 1237 535 1417 617; x_wconf 74' lang='lat' dir='ltr'><strong><em>presbyteri,</em></strong></span> <span class='ocrx_word' id='word_1_22' title='bbox 1434 536 1639 617; x_wconf 83' lang='lat' dir='ltr'><strong><em>patrinmniis</em></strong></span> <span class='ocrx_word' id='word_1_23' title='bbox 1660 538 1729 602; x_wconf 87' lang='lat' dir='ltr'><strong><em>suis</em></strong></span> <span class='ocrx_word' id='word_1_24' title='bbox 1746 537 1813 603; x_wconf 87' lang='lat' dir='ltr'><strong><em>Deo</em></strong></span> <span class='ocrx_word' id='word_1_25' title='bbox 1834 539 2025 617; x_wconf 75' lang='lat' dir='ltr'><strong><em>consecratis,</em></strong></span> <span class='ocrx_word' id='word_1_26' title='bbox 2048 539 2220 604; x_wconf 84' lang='lat' dir='ltr'><strong><em>voluntarii</em></strong></span> 
     </span>
    </p>
   </div>
   <div class='ocr_carea' id='block_1_4' title="bbox 210 621 2219 1307">
    <p class='ocr_par' dir='ltr' id='par_1_4' title="bbox 210 621 2219 1307">
     <span class='ocr_line' id='line_1_5' title="bbox 214 621 2218 708; baseline -0 -18"><span class='ocrx_word' id='word_1_27' title='bbox 214 625 310 708; x_wconf 74' lang='lat' dir='ltr'><strong><em>officii</em></strong></span> <span class='ocrx_word' id='word_1_28' title='bbox 336 624 395 687; x_wconf 84' lang='lat' dir='ltr'><strong><em>sui</em></strong></span> <span class='ocrx_word' id='word_1_29' title='bbox 414 628 497 688; x_wconf 89' lang='grc'><em>63366.</em></span> <span class='ocrx_word' id='word_1_30' title='bbox 548 621 601 687; x_wconf 83' lang='lat' dir='ltr'><strong><em>Sic</em></strong></span> <span class='ocrx_word' id='word_1_31' title='bbox 628 623 710 686; x_wconf 87' lang='lat' dir='ltr'><strong><em>enim</em></strong></span> <span class='ocrx_word' id='word_1_32' title='bbox 731 623 766 685; x_wconf 89' lang='lat' dir='ltr'><strong><em>in</em></strong></span> <span class='ocrx_word' id='word_1_33' title='bbox 788 621 956 686; x_wconf 78' lang='grc'><em>66666663</em></span> <span class='ocrx_word' id='word_1_34' title='bbox 976 639 1052 700; x_wconf 89' lang='lat' dir='ltr'><strong><em>quos</em></strong></span> <span class='ocrx_word' id='word_1_35' title='bbox 1074 621 1192 700; x_wconf 80' lang='lat' dir='ltr'><strong><em>aposto</em></strong></span> <span class='ocrx_word' id='word_1_36' title='bbox 1237 641 1394 701; x_wconf 78' lang='lat' dir='ltr'><strong><em>pauperes</em></strong></span> <span class='ocrx_word' id='word_1_37' title='bbox 1413 623 1491 702; x_wconf 74' lang='lat' dir='ltr'><strong><em>tacti</em></strong></span> <span class='ocrx_word' id='word_1_38' title='bbox 1509 627 1615 701; x_wconf 88' lang='lat' dir='ltr'><strong><em>essent,</em></strong></span> <span class='ocrx_word' id='word_1_39' title='bbox 1638 623 1711 687; x_wconf 91' lang='lat' dir='ltr'><strong><em>totis</em></strong></span> <span class='ocrx_word' id='word_1_40' title='bbox 1733 627 1798 687; x_wconf 90' lang='lat' dir='ltr'><strong><em>erat</em></strong></span> <span class='ocrx_word' id='word_1_41' title='bbox 1819 623 2010 702; x_wconf 82' lang='lat' dir='ltr'><strong><em>distributio,</em></strong></span> <span class='ocrx_word' id='word_1_42' title='bbox 2032 629 2068 687; x_wconf 91' lang='lat' dir='ltr'><strong><em>ut</em></strong></span> <span class='ocrx_word' id='word_1_43' title='bbox 2088 643 2141 689; x_wconf 87' lang='lat' dir='ltr'><strong><em>noe</em></strong></span> <span class='ocrx_word' id='word_1_44' title='bbox 2160 626 2218 689; x_wconf 82' lang='lat' dir='ltr'><strong><em>mi-</em></strong></span> 
     </span>
     <span class='ocr_line' id='line_1_6' title="bbox 214 707 2219 793; baseline -0 -17"><span class='ocrx_word' id='word_1_45' title='bbox 214 711 256 776; x_wconf 90' lang='lat' dir='ltr'><strong><em>lis</em></strong></span> <span class='ocrx_word' id='word_1_46' title='bbox 282 709 475 787; x_wconf 89' lang='lat' dir='ltr'><strong><em>adscriburt,</em></strong></span> <span class='ocrx_word' id='word_1_47' title='bbox 504 708 631 791; x_wconf 72' lang='grc' dir='ltr'><strong><em>6696666.ι</em></strong></span> <span class='ocrx_word' id='word_1_48' title='bbox 649 708 673 792; x_wconf 79' lang='lat'><strong><em>¹)</em></strong></span> <span class='ocrx_word' id='word_1_49' title='bbox 695 709 923 789; x_wconf 78' lang='lat' dir='ltr'><strong><em>praecipimus,</em></strong></span> <span class='ocrx_word' id='word_1_50' title='bbox 948 712 983 770; x_wconf 92' lang='lat' dir='ltr'><strong><em>ut</em></strong></span> <span class='ocrx_word' id='word_1_51' title='bbox 1003 707 1039 769; x_wconf 91' lang='lat' dir='ltr'><strong><em>in</em></strong></span> <span class='ocrx_word' id='word_1_52' title='bbox 1059 725 1120 769; x_wconf 91' lang='lat' dir='ltr'><strong><em>sua</em></strong></span> <span class='ocrx_word' id='word_1_53' title='bbox 1135 726 1192 786; x_wconf 90' lang='lat' dir='ltr'><strong><em>po-</em></strong></span> <span class='ocrx_word' id='word_1_54' title='bbox 1242 707 1354 771; x_wconf 89' lang='lat' dir='ltr'><strong><em>nistris</em></strong></span> <span class='ocrx_word' id='word_1_55' title='bbox 1381 707 1516 772; x_wconf 72' lang='lat' dir='ltr'><strong><em>deessent</em></strong></span> <span class='ocrx_word' id='word_1_56' title='bbox 1543 709 1703 787; x_wconf 87' lang='lat' dir='ltr'><strong><em>alimenta,</em></strong></span> <span class='ocrx_word' id='word_1_57' title='bbox 1732 713 1930 791; x_wconf 88' lang='lat' dir='ltr'><strong><em>etpaupercs</em></strong></span> <span class='ocrx_word' id='word_1_58' title='bbox 1951 730 2012 774; x_wconf 90' lang='lat' dir='ltr'><strong><em>non</em></strong></span> <span class='ocrx_word' id='word_1_59' title='bbox 2035 710 2219 793; x_wconf 75' lang='grc'><em>6666696666-</em></span> 
     </span>
     <span class='ocr_line' id='line_1_7' title="bbox 214 791 2219 878; baseline -0 -17"><span class='ocrx_word' id='word_1_60' title='bbox 214 799 317 861; x_wconf 86' lang='lat' dir='ltr'><strong><em>testate</em></strong></span> <span class='ocrx_word' id='word_1_61' title='bbox 345 815 396 859; x_wconf 90' lang='lat' dir='ltr'><strong><em>res</em></strong></span> <span class='ocrx_word' id='word_1_62' title='bbox 410 795 557 859; x_wconf 66' lang='lat' dir='ltr'><strong><em>ecclesiae</em></strong></span> <span class='ocrx_word' id='word_1_63' title='bbox 585 794 695 858; x_wconf 87' lang='lat' dir='ltr'><strong><em>babeat</em></strong></span> <span class='ocrx_word' id='word_1_64' title='bbox 714 795 887 877; x_wconf 88' lang='lat' dir='ltr'><strong><em>episcopus;</em></strong></span> <span class='ocrx_word' id='word_1_65' title='bbox 915 793 945 856; x_wconf 90' lang='lat' dir='ltr'><strong><em>si</em></strong></span> <span class='ocrx_word' id='word_1_66' title='bbox 966 793 1048 856; x_wconf 86' lang='lat' dir='ltr'><strong><em>enim</em></strong></span> <span class='ocrx_word' id='word_1_67' title='bbox 1067 792 1191 855; x_wconf 86' lang='lat' dir='ltr'><strong><em>animae</em></strong></span> <span class='ocrx_word' id='word_1_68' title='bbox 1239 796 1303 856; x_wconf 91' lang='lat' dir='ltr'><strong><em>tur.</em></strong></span> <span class='ocrx_word' id='word_1_69' title='bbox 1348 791 1519 858; x_wconf 82' lang='lat' dir='ltr'><strong><em>Gaoebotm</em></strong></span> <span class='ocrx_word' id='word_1_70' title='bbox 1543 799 1644 858; x_wconf 87' lang='lat' dir='ltr'><strong><em>tamen</em></strong></span> <span class='ocrx_word' id='word_1_71' title='bbox 1671 796 1810 873; x_wconf 74' lang='grc'><em>6666666,</em></span> <span class='ocrx_word' id='word_1_72' title='bbox 1840 817 1878 859; x_wconf 88' lang='lat' dir='ltr'><strong><em>ne</em></strong></span> <span class='ocrx_word' id='word_1_73' title='bbox 1898 796 2037 859; x_wconf 89' lang='lat' dir='ltr'><strong><em>ministri</em></strong></span> <span class='ocrx_word' id='word_1_74' title='bbox 2061 797 2139 876; x_wconf 88' lang='lat' dir='ltr'><strong><em>ipsi,</em></strong></span> <span class='ocrx_word' id='word_1_75' title='bbox 2162 796 2219 878; x_wconf 85' lang='lat' dir='ltr'><strong><em>qui</em></strong></span> 
     </span>
     <span class='ocr_line' id='line_1_8' title="bbox 213 878 2219 964; baseline 0.001 -20"><span class='ocrx_word' id='word_1_76' title='bbox 213 881 373 954; x_wconf 83' lang='lat' dir='ltr'><strong><em>lominum</em></strong></span> <span class='ocrx_word' id='word_1_77' title='bbox 393 882 595 964; x_wconf 70' lang='lat' dir='ltr'><strong><em>pretiosiores</em></strong></span> <span class='ocrx_word' id='word_1_78' title='bbox 619 880 669 944; x_wconf 92' lang='lat' dir='ltr'><strong><em>illi</em></strong></span> <span class='ocrx_word' id='word_1_79' title='bbox 695 881 828 945; x_wconf 73' lang='lat' dir='ltr'><strong><em>creditae</em></strong></span> <span class='ocrx_word' id='word_1_80' title='bbox 852 884 938 956; x_wconf 91' lang='lat' dir='ltr'><strong><em>sunt,</em></strong></span> <span class='ocrx_word' id='word_1_81' title='bbox 969 878 1064 942; x_wconf 89' lang='lat' dir='ltr'><strong><em>multo</em></strong></span> <span class='ocrx_word' id='word_1_82' title='bbox 1089 878 1191 959; x_wconf 78' lang='lat' dir='ltr'><strong><em>inopis</em></strong></span> <span class='ocrx_word' id='word_1_83' title='bbox 1240 878 1435 960; x_wconf 73' lang='lat' dir='ltr'><strong><em>truqatitatis</em></strong></span> <span class='ocrx_word' id='word_1_84' title='bbox 1462 880 1633 961; x_wconf 79' lang='lat' dir='ltr'><strong><em>exemptum</em></strong></span> <span class='ocrx_word' id='word_1_85' title='bbox 1659 880 1736 945; x_wconf 88' lang='lat' dir='ltr'><strong><em>dare</em></strong></span> <span class='ocrx_word' id='word_1_86' title='bbox 1762 880 1838 944; x_wconf 86' lang='lat' dir='ltr'><strong><em>aliis</em></strong></span> <span class='ocrx_word' id='word_1_87' title='bbox 1865 881 1983 959; x_wconf 88' lang='lat' dir='ltr'><strong><em>debent,</em></strong></span> <span class='ocrx_word' id='word_1_88' title='bbox 2017 886 2137 946; x_wconf 84' lang='lat' dir='ltr'><strong><em>tartum</em></strong></span> <span class='ocrx_word' id='word_1_89' title='bbox 2164 882 2219 946; x_wconf 83' lang='lat' dir='ltr'><strong><em>tta-</em></strong></span> 
     </span>
     <span class='ocr_line' id='line_1_9' title="bbox 210 963 2219 1048; baseline -0 -14"><span class='ocrx_word' id='word_1_90' title='bbox 210 969 294 1034; x_wconf 75' lang='lat' dir='ltr'><strong><em>decu</em></strong></span> <span class='ocrx_word' id='word_1_91' title='bbox 322 987 392 1031; x_wconf 89' lang='lat' dir='ltr'><strong><em>eum</em></strong></span> <span class='ocrx_word' id='word_1_92' title='bbox 419 988 527 1032; x_wconf 89' lang='lat' dir='ltr'><strong><em>curam</em></strong></span> <span class='ocrx_word' id='word_1_93' title='bbox 549 968 586 1031; x_wconf 88' lang='lat' dir='ltr'><strong><em>de</em></strong></span> <span class='ocrx_word' id='word_1_94' title='bbox 608 967 753 1048; x_wconf 90' lang='lat' dir='ltr'><strong><em>pecuniis</em></strong></span> <span class='ocrx_word' id='word_1_95' title='bbox 773 987 877 1048; x_wconf 83' lang='lat' dir='ltr'><strong><em>aqere:</em></strong></span> <span class='ocrx_word' id='word_1_96' title='bbox 903 967 949 1028; x_wconf 90' lang='lat' dir='ltr'><strong><em>ita</em></strong></span> <span class='ocrx_word' id='word_1_97' title='bbox 971 970 1005 1027; x_wconf 89' lang='lat' dir='ltr'><strong><em>ut</em></strong></span> <span class='ocrx_word' id='word_1_98' title='bbox 1026 964 1093 1028; x_wconf 89' lang='lat' dir='ltr'><strong><em>eins</em></strong></span> <span class='ocrx_word' id='word_1_99' title='bbox 1108 967 1191 1045; x_wconf 89' lang='lat' dir='ltr'><strong><em>pote·</em></strong></span> <span class='ocrx_word' id='word_1_100' title='bbox 1242 963 1357 1043; x_wconf 80' lang='lat' dir='ltr'><strong><em>beraut,</em></strong></span> <span class='ocrx_word' id='word_1_101' title='bbox 1390 966 1472 1030; x_wconf 82' lang='lat' dir='ltr'><strong><em>unde</em></strong></span> <span class='ocrx_word' id='word_1_102' title='bbox 1498 966 1540 1030; x_wconf 92' lang='lat' dir='ltr'><strong><em>od</em></strong></span> <span class='ocrx_word' id='word_1_103' title='bbox 1566 966 1675 1030; x_wconf 84' lang='lat' dir='ltr'><strong><em>lucum</em></strong></span> <span class='ocrx_word' id='word_1_104' title='bbox 1703 972 1758 1031; x_wconf 90' lang='lat' dir='ltr'><strong><em>out</em></strong></span> <span class='ocrx_word' id='word_1_105' title='bbox 1778 967 1906 1032; x_wconf 87' lang='lat' dir='ltr'><strong><em>delicias</em></strong></span> <span class='ocrx_word' id='word_1_106' title='bbox 1927 967 2134 1045; x_wconf 73' lang='lat' dir='ltr'><strong><em>abuteretur,</em></strong></span> <span class='ocrx_word' id='word_1_107' title='bbox 2163 968 2219 1033; x_wconf 89' lang='lat' dir='ltr'><strong><em>sed</em></strong></span> 
     </span>
     <span class='ocr_line' id='line_1_10' title="bbox 213 1049 2218 1135; baseline -0 -16"><span class='ocrx_word' id='word_1_108' title='bbox 213 1059 290 1119; x_wconf 87' lang='lat' dir='ltr'><strong><em>state</em></strong></span> <span class='ocrx_word' id='word_1_109' title='bbox 311 1054 416 1117; x_wconf 79' lang='lat' dir='ltr'><strong><em>munia</em></strong></span> <span class='ocrx_word' id='word_1_110' title='bbox 431 1052 626 1135; x_wconf 75' lang='lat' dir='ltr'><strong><em>pauperibus</em></strong></span> <span class='ocrx_word' id='word_1_111' title='bbox 645 1053 860 1133; x_wconf 88' lang='lat' dir='ltr'><strong><em>dispensentur</em></strong></span> <span class='ocrx_word' id='word_1_112' title='bbox 874 1071 935 1132; x_wconf 90' lang='lat' dir='ltr'><strong><em>per</em></strong></span> <span class='ocrx_word' id='word_1_113' title='bbox 951 1049 1191 1131; x_wconf 76' lang='lat' dir='ltr'><strong><em>presbyteroset</em></strong></span> <span class='ocrx_word' id='word_1_114' title='bbox 1242 1051 1408 1129; x_wconf 78' lang='lat' dir='ltr'><strong><em>duntaxat,</em></strong></span> <span class='ocrx_word' id='word_1_115' title='bbox 1436 1071 1495 1131; x_wconf 95' lang='lat' dir='ltr'><strong><em>quo</em></strong></span> <span class='ocrx_word' id='word_1_116' title='bbox 1522 1072 1614 1116; x_wconf 83' lang='lat' dir='ltr'><strong><em>suam</em></strong></span> <span class='ocrx_word' id='word_1_117' title='bbox 1640 1053 1782 1134; x_wconf 90' lang='lat' dir='ltr'><strong><em>inopiam</em></strong></span> <span class='ocrx_word' id='word_1_118' title='bbox 1807 1055 1999 1117; x_wconf 83' lang='lat' dir='ltr'><strong><em>sustinerent.</em></strong></span> <span class='ocrx_word' id='word_1_119' title='bbox 2047 1053 2109 1134; x_wconf 80' lang='lat' dir='ltr'><strong><em>Qui</em></strong></span> <span class='ocrx_word' id='word_1_120' title='bbox 2135 1055 2218 1119; x_wconf 91' lang='lat' dir='ltr'><strong><em>enim</em></strong></span> 
     </span>
     <span class='ocr_line' id='line_1_11' title="bbox 213 1135 2219 1220; baseline 0 -16"><span class='ocrx_word' id='word_1_121' title='bbox 213 1140 370 1217; x_wconf 76' lang='lat' dir='ltr'><strong><em>tiamne,</em></strong></span> <span class='ocrx_word' id='word_1_122' title='bbox 403 1145 438 1202; x_wconf 91' lang='lat' dir='ltr'><strong><em>ut</em></strong></span> <span class='ocrx_word' id='word_1_123' title='bbox 469 1160 539 1203; x_wconf 85' lang='lat' dir='ltr'><strong><em>cum</em></strong></span> <span class='ocrx_word' id='word_1_124' title='bbox 565 1139 673 1203; x_wconf 90' lang='lat' dir='ltr'><strong><em>timore</em></strong></span> <span class='ocrx_word' id='word_1_125' title='bbox 699 1144 727 1202; x_wconf 91' lang='lat' dir='ltr'><strong><em>ct</em></strong></span> <span class='ocrx_word' id='word_1_126' title='bbox 754 1139 837 1202; x_wconf 83' lang='lat' dir='ltr'><strong><em>onirri</em></strong></span> <span class='ocrx_word' id='word_1_127' title='bbox 864 1136 1191 1206; x_wconf 72' lang='lat' dir='ltr'><strong><em>sollicitudiuemini</em></strong></span> <span class='ocrx_word' id='word_1_128' title='bbox 1242 1135 1329 1200; x_wconf 89' lang='lat' dir='ltr'><strong><em>bonis</em></strong></span> <span class='ocrx_word' id='word_1_129' title='bbox 1350 1143 1516 1217; x_wconf 90' lang='lat' dir='ltr'><strong><em>parentum</em></strong></span> <span class='ocrx_word' id='word_1_130' title='bbox 1541 1140 1710 1203; x_wconf 86' lang='lat' dir='ltr'><strong><em>sustentari</em></strong></span> <span class='ocrx_word' id='word_1_131' title='bbox 1726 1144 1859 1220; x_wconf 82' lang='lat' dir='ltr'><strong><em>possum</em></strong></span> <span class='ocrx_word' id='word_1_132' title='bbox 1879 1138 1995 1216; x_wconf 75' lang='lat' dir='ltr'><strong><em>eterni,</em></strong></span> <span class='ocrx_word' id='word_1_133' title='bbox 2018 1139 2120 1219; x_wconf 87' lang='lat' dir='ltr'><strong><em>inquit</em></strong></span> <span class='ocrx_word' id='word_1_134' title='bbox 2140 1140 2219 1205; x_wconf 77' lang='lat' dir='ltr'><strong><em>Hie</em></strong></span> 
     </span>
     <span class='ocr_line' id='line_1_12' title="bbox 212 1222 2218 1307; baseline 0 -17"><span class='ocrx_word' id='word_1_135' title='bbox 212 1230 363 1295; x_wconf 76' lang='lat' dir='ltr'><strong><em>streutur..¹</em></strong></span> <span class='ocrx_word' id='word_1_136' title='bbox 407 1225 451 1288; x_wconf 81' lang='lat' dir='ltr'><strong><em>Et</em></strong></span> <span class='ocrx_word' id='word_1_137' title='bbox 482 1226 517 1287; x_wconf 89' lang='lat' dir='ltr'><strong><em>in</em></strong></span> <span class='ocrx_word' id='word_1_138' title='bbox 547 1225 673 1290; x_wconf 78' lang='lat' dir='ltr'><strong><em>coercitio</em></strong></span> <span class='ocrx_word' id='word_1_139' title='bbox 710 1223 921 1306; x_wconf 64' lang='lat' dir='ltr'><strong><em>antioclienffl)</em></strong></span> <span class='ocrx_word' id='word_1_140' title='bbox 954 1222 1105 1286; x_wconf 90' lang='lat' dir='ltr'><strong><em>decretum</em></strong></span> <span class='ocrx_word' id='word_1_141' title='bbox 1137 1225 1189 1300; x_wconf 89' lang='grc'><em>636,</em></span> <span class='ocrx_word' id='word_1_142' title='bbox 1241 1242 1396 1304; x_wconf 76' lang='lat' dir='ltr'><strong><em>ronqmus,</em></strong></span> <span class='ocrx_word' id='word_1_143' title='bbox 1412 1222 1437 1307; x_wconf 84' lang='grc' dir='ltr'><strong><em>ι)</em></strong></span> <span class='ocrx_word' id='word_1_144' title='bbox 1463 1224 1494 1286; x_wconf 89' lang='lat' dir='ltr'><strong><em>si</em></strong></span> <span class='ocrx_word' id='word_1_145' title='bbox 1520 1223 1602 1305; x_wconf 90' lang='lat' dir='ltr'><strong><em>qnod</em></strong></span> <span class='ocrx_word' id='word_1_146' title='bbox 1624 1245 1803 1307; x_wconf 91' lang='lat' dir='ltr'><strong><em>pauperum</em></strong></span> <span class='ocrx_word' id='word_1_147' title='bbox 1825 1229 1869 1289; x_wconf 89' lang='lat' dir='ltr'><strong><em>est</em></strong></span> <span class='ocrx_word' id='word_1_148' title='bbox 1895 1225 2065 1306; x_wconf 72' lang='lat' dir='ltr'><strong><em>coaptant,</em></strong></span> <span class='ocrx_word' id='word_1_149' title='bbox 2093 1226 2218 1291; x_wconf 78' lang='lat' dir='ltr'><strong><em>sacrilo</em></strong></span> 
     </span>
    </p>
   </div>
   <div class='ocr_carea' id='block_1_5' title="bbox 213 1306 2327 1406">
    <p class='ocr_par' dir='ltr' id='par_1_5' title="bbox 213 1306 2327 1406">
     <span class='ocr_line' id='line_1_13' title="bbox 213 1306 2327 1406; baseline -0 -30"><span class='ocrx_word' id='word_1_150' title='bbox 213 1317 249 1376; x_wconf 88' lang='lat' dir='ltr'><strong><em>ut</em></strong></span> <span class='ocrx_word' id='word_1_151' title='bbox 270 1316 463 1375; x_wconf 77' lang='lat' dir='ltr'><strong><em>coerceantur</em></strong></span> <span class='ocrx_word' id='word_1_152' title='bbox 482 1312 627 1392; x_wconf 85' lang='lat' dir='ltr'><strong><em>episcopi,</em></strong></span> <span class='ocrx_word' id='word_1_153' title='bbox 649 1311 704 1391; x_wconf 89' lang='lat' dir='ltr'><strong><em>qui</em></strong></span> <span class='ocrx_word' id='word_1_154' title='bbox 726 1312 793 1374; x_wconf 86' lang='lat' dir='ltr'><strong><em>sine</em></strong></span> <span class='ocrx_word' id='word_1_155' title='bbox 808 1308 1058 1391; x_wconf 74' lang='lat' dir='ltr'><strong><em>presbyterorum</em></strong></span> <span class='ocrx_word' id='word_1_156' title='bbox 1079 1312 1107 1370; x_wconf 89' lang='lat' dir='ltr'><strong><em>et</em></strong></span> <span class='ocrx_word' id='word_1_157' title='bbox 1123 1306 1190 1370; x_wconf 80' lang='lat' dir='ltr'><strong><em>dia</em></strong></span> <span class='ocrx_word' id='word_1_158' title='bbox 1239 1309 1329 1391; x_wconf 78' lang='lat' dir='ltr'><strong><em>pium</em></strong></span> <span class='ocrx_word' id='word_1_159' title='bbox 1355 1309 1558 1386; x_wconf 86' lang='lat' dir='ltr'><strong><em>committunt,</em></strong></span> <span class='ocrx_word' id='word_1_160' title='bbox 1591 1314 1618 1373; x_wconf 92' lang='grc'><strong><em>66</em></strong></span> <span class='ocrx_word' id='word_1_161' title='bbox 1639 1331 1701 1391; x_wconf 91' lang='lat' dir='ltr'><strong><em>per</em></strong></span> <span class='ocrx_word' id='word_1_162' title='bbox 1727 1309 1904 1374; x_wconf 74' lang='lat' dir='ltr'><strong><em>abusionem</em></strong></span> <span class='ocrx_word' id='word_1_163' title='bbox 1931 1311 2101 1389; x_wconf 89' lang='lat' dir='ltr'><strong><em>eiusmodi,</em></strong></span> <span class='ocrx_word' id='word_1_164' title='bbox 2135 1312 2219 1376; x_wconf 84' lang='lat' dir='ltr'><strong><em>iudi·</em></strong></span> <span class='ocrx_word' id='word_1_165' title='bbox 2324 1397 2327 1406; x_wconf 29' lang='grc' dir='ltr'>Ι</span> 
     </span>
    </p>
   </div>
   <div class='ocr_carea' id='block_1_6' title="bbox 147 1391 2219 1572">
    <p class='ocr_par' dir='ltr' id='par_1_6' title="bbox 147 1391 2219 1572">
     <span class='ocr_line' id='line_1_14' title="bbox 147 1391 2150 1476; baseline -0.002 -14"><span class='ocrx_word' id='word_1_166' title='bbox 147 1419 150 1431; x_wconf 94' lang='grc'><em>·</em></span> <span class='ocrx_word' id='word_1_167' title='bbox 214 1417 359 1462; x_wconf 86' lang='lat' dir='ltr'><strong><em>concrum</em></strong></span> <span class='ocrx_word' id='word_1_168' title='bbox 379 1397 562 1461; x_wconf 87' lang='lat' dir='ltr'><strong><em>conscientia</em></strong></span> <span class='ocrx_word' id='word_1_169' title='bbox 583 1417 634 1460; x_wconf 89' lang='lat' dir='ltr'><strong><em>res</em></strong></span> <span class='ocrx_word' id='word_1_170' title='bbox 660 1395 802 1460; x_wconf 88' lang='lat' dir='ltr'><strong><em>ecclesiae</em></strong></span> <span class='ocrx_word' id='word_1_171' title='bbox 824 1399 1024 1476; x_wconf 90' lang='lat' dir='ltr'><strong><em>pertractant.</em></strong></span> <span class='ocrx_word' id='word_1_172' title='bbox 1071 1391 1132 1456; x_wconf 80' lang='lat' dir='ltr'><strong><em>Sed</em></strong></span> <span class='ocrx_word' id='word_1_173' title='bbox 1153 1394 1191 1457; x_wconf 90' lang='lat' dir='ltr'><strong><em>de</em></strong></span> <span class='ocrx_word' id='word_1_174' title='bbox 1241 1395 1324 1458; x_wconf 92' lang='lat' dir='ltr'><strong><em>cium</em></strong></span> <span class='ocrx_word' id='word_1_175' title='bbox 1345 1393 1406 1458; x_wconf 88' lang='lat' dir='ltr'><strong><em>sibi</em></strong></span> <span class='ocrx_word' id='word_1_176' title='bbox 1428 1394 1616 1458; x_wconf 81' lang='lat' dir='ltr'><strong><em>niarrduoont</em></strong></span> <span class='ocrx_word' id='word_1_177' title='bbox 1637 1400 1664 1458; x_wconf 90' lang='grc'><strong><em>66</em></strong></span> <span class='ocrx_word' id='word_1_178' title='bbox 1685 1395 1797 1459; x_wconf 84' lang='lat' dir='ltr'><strong><em>bibunt.</em></strong></span> <span class='ocrx_word' id='word_1_179' title='bbox 2146 1460 2150 1470; x_wconf 72' lang='grc'><em>,</em></span> 
     </span>
     <span class='ocr_line' id='line_1_15' title="bbox 214 1479 2219 1572; baseline -0.001 -23"><span class='ocrx_word' id='word_1_180' title='bbox 214 1504 248 1549; x_wconf 91' lang='lat' dir='ltr'><strong><em>oo</em></strong></span> <span class='ocrx_word' id='word_1_181' title='bbox 275 1503 335 1547; x_wconf 89' lang='lat' dir='ltr'><strong><em>non</em></strong></span> <span class='ocrx_word' id='word_1_182' title='bbox 361 1488 405 1547; x_wconf 90' lang='lat' dir='ltr'><strong><em>est</em></strong></span> <span class='ocrx_word' id='word_1_183' title='bbox 432 1483 554 1564; x_wconf 76' lang='lat' dir='ltr'><strong><em>turpius</em></strong></span> <span class='ocrx_word' id='word_1_184' title='bbox 581 1483 821 1564; x_wconf 76' lang='lat' dir='ltr'><strong><em>disputandum,</em></strong></span> <span class='ocrx_word' id='word_1_185' title='bbox 856 1501 953 1562; x_wconf 91' lang='lat' dir='ltr'><strong><em>quum</em></strong></span> <span class='ocrx_word' id='word_1_186' title='bbox 979 1501 1016 1544; x_wconf 80' lang='lat' dir='ltr'><strong><em>ea</em></strong></span> <span class='ocrx_word' id='word_1_187' title='bbox 1036 1479 1190 1560; x_wconf 89' lang='lat' dir='ltr'><strong><em>plurimis</em></strong></span> <span class='ocrx_word' id='word_1_188' title='bbox 1329 1484 1377 1542; x_wconf 83' lang='lat'><strong><em>57.</em></strong></span> <span class='ocrx_word' id='word_1_189' title='bbox 1409 1479 1588 1572; x_wconf 45' lang='lat' dir='ltr'><strong><em>,Principio</em></strong></span> <span class='ocrx_word' id='word_1_190' title='bbox 1615 1480 1712 1546; x_wconf 91' lang='lat' dir='ltr'><strong><em>libera</em></strong></span> <span class='ocrx_word' id='word_1_191' title='bbox 1739 1487 1767 1546; x_wconf 89' lang='grc'><strong><em>66</em></strong></span> <span class='ocrx_word' id='word_1_192' title='bbox 1791 1482 1967 1546; x_wconf 86' lang='lat' dir='ltr'><strong><em>uoluntario</em></strong></span> <span class='ocrx_word' id='word_1_193' title='bbox 1992 1482 2057 1562; x_wconf 81' lang='lat' dir='ltr'><strong><em>fuit</em></strong></span> <span class='ocrx_word' id='word_1_194' title='bbox 2084 1482 2219 1546; x_wconf 89' lang='lat' dir='ltr'><strong><em>admini-</em></strong></span> 
     </span>
    </p>
   </div>
   <div class='ocr_carea' id='block_1_7' title="bbox 217 1565 2317 1650">
    <p class='ocr_par' dir='ltr' id='par_1_7' title="bbox 217 1565 2317 1650">
     <span class='ocr_line' id='line_1_16' title="bbox 217 1565 2317 1650; baseline -0.001 -16"><span class='ocrx_word' id='word_1_195' title='bbox 217 1569 363 1650; x_wconf 79' lang='lat' dir='ltr'><strong><em>Greqorii</em></strong></span> <span class='ocrx_word' id='word_1_196' title='bbox 395 1568 532 1649; x_wconf 88' lang='lat' dir='ltr'><strong><em>epistolis</em></strong></span> <span class='ocrx_word' id='word_1_197' title='bbox 565 1573 687 1645; x_wconf 87' lang='lat' dir='ltr'><strong><em>constet,</em></strong></span> <span class='ocrx_word' id='word_1_198' title='bbox 720 1567 773 1631; x_wconf 89' lang='lat' dir='ltr'><strong><em>illo</em></strong></span> <span class='ocrx_word' id='word_1_199' title='bbox 805 1587 923 1648; x_wconf 90' lang='lat' dir='ltr'><strong><em>quoque</em></strong></span> <span class='ocrx_word' id='word_1_200' title='bbox 953 1571 1098 1646; x_wconf 73' lang='lat' dir='ltr'><strong><em>tenpore,</em></strong></span> <span class='ocrx_word' id='word_1_201' title='bbox 1131 1585 1189 1644; x_wconf 92' lang='lat' dir='ltr'><strong><em>quo</em></strong></span> <span class='ocrx_word' id='word_1_202' title='bbox 1213 1619 1216 1644; x_wconf 86' lang='lat'><strong><em>,</em></strong></span> <span class='ocrx_word' id='word_1_203' title='bbox 1240 1565 1362 1641; x_wconf 77' lang='lat' dir='ltr'><strong><em>stratio,</em></strong></span> <span class='ocrx_word' id='word_1_204' title='bbox 1385 1586 1480 1644; x_wconf 88' lang='lat' dir='ltr'><strong><em>quam</em></strong></span> <span class='ocrx_word' id='word_1_205' title='bbox 1501 1571 1605 1647; x_wconf 88' lang='lat' dir='ltr'><strong><em>sponte</em></strong></span> <span class='ocrx_word' id='word_1_206' title='bbox 1623 1567 1728 1647; x_wconf 72' lang='lat' dir='ltr'><strong><em>fideles</em></strong></span> <span class='ocrx_word' id='word_1_207' title='bbox 1752 1571 1851 1632; x_wconf 90' lang='lat' dir='ltr'><strong><em>essent</em></strong></span> <span class='ocrx_word' id='word_1_208' title='bbox 1870 1567 2004 1648; x_wconf 86' lang='lat' dir='ltr'><strong><em>episcopi</em></strong></span> <span class='ocrx_word' id='word_1_209' title='bbox 2026 1589 2063 1632; x_wconf 92' lang='lat' dir='ltr'><strong><em>ac</em></strong></span> <span class='ocrx_word' id='word_1_210' title='bbox 2083 1568 2218 1648; x_wconf 88' lang='lat' dir='ltr'><strong><em>diaconi,</em></strong></span> <span class='ocrx_word' id='word_1_211' title='bbox 2314 1614 2317 1622; x_wconf 80' lang='lat'>·</span> 
     </span>
    </p>
   </div>
   <div class='ocr_carea' id='block_1_8' title="bbox 130 1648 2227 4571">
    <p class='ocr_par' dir='ltr' id='par_1_8' title="bbox 130 1648 2227 4571">
     <span class='ocr_line' id='line_1_17' title="bbox 215 1648 2220 1737; baseline -0 -18"><span class='ocrx_word' id='word_1_212' title='bbox 215 1655 299 1720; x_wconf 89' lang='lat' dir='ltr'><strong><em>olias</em></strong></span> <span class='ocrx_word' id='word_1_213' title='bbox 320 1648 538 1727; x_wconf 64' lang='grc'><em>666636636666</em></span> <span class='ocrx_word' id='word_1_214' title='bbox 565 1654 774 1718; x_wconf 77' lang='lat' dir='ltr'><strong><em>ordinationes</em></strong></span> <span class='ocrx_word' id='word_1_215' title='bbox 794 1653 925 1717; x_wconf 86' lang='lat' dir='ltr'><strong><em>muttum</em></strong></span> <span class='ocrx_word' id='word_1_216' title='bbox 947 1652 1072 1715; x_wconf 81' lang='lat' dir='ltr'><strong><em>uitiatae</em></strong></span> <span class='ocrx_word' id='word_1_217' title='bbox 1092 1655 1188 1727; x_wconf 90' lang='lat' dir='ltr'><strong><em>erant,</em></strong></span> <span class='ocrx_word' id='word_1_218' title='bbox 1213 1652 1216 1703; x_wconf 76' lang='lat' dir='ltr'><strong><em>t</em></strong></span> <span class='ocrx_word' id='word_1_219' title='bbox 1240 1656 1268 1713; x_wconf 89' lang='lat' dir='ltr'><strong><em>et</em></strong></span> <span class='ocrx_word' id='word_1_220' title='bbox 1294 1651 1492 1715; x_wconf 78' lang='lat' dir='ltr'><strong><em>consciaruiae</em></strong></span> <span class='ocrx_word' id='word_1_221' title='bbox 1518 1652 1678 1734; x_wconf 84' lang='lat' dir='ltr'><strong><em>inteqritas</em></strong></span> <span class='ocrx_word' id='word_1_222' title='bbox 1705 1653 1842 1734; x_wconf 76' lang='grc'><em>66666666</em></span> <span class='ocrx_word' id='word_1_223' title='bbox 1869 1654 2041 1718; x_wconf 88' lang='lat' dir='ltr'><strong><em>innocentia</em></strong></span> <span class='ocrx_word' id='word_1_224' title='bbox 2062 1674 2124 1735; x_wconf 90' lang='lat' dir='ltr'><strong><em>pro</em></strong></span> <span class='ocrx_word' id='word_1_225' title='bbox 2145 1654 2220 1737; x_wconf 78' lang='lat' dir='ltr'><strong><em>teqi</em></strong></span> 
     </span>
     <span class='ocr_line' id='line_1_18' title="bbox 213 1735 2217 1821; baseline 0 -17"><span class='ocrx_word' id='word_1_226' title='bbox 213 1736 293 1804; x_wconf 90' lang='lat' dir='ltr'><strong><em>tiano</em></strong></span> <span class='ocrx_word' id='word_1_227' title='bbox 324 1746 426 1805; x_wconf 89' lang='lat' dir='ltr'><strong><em>tamen</em></strong></span> <span class='ocrx_word' id='word_1_228' title='bbox 453 1739 690 1804; x_wconf 82' lang='lat' dir='ltr'><strong><em>observationem</em></strong></span> <span class='ocrx_word' id='word_1_229' title='bbox 728 1740 873 1818; x_wconf 83' lang='lat' dir='ltr'><strong><em>durasse,</em></strong></span> <span class='ocrx_word' id='word_1_230' title='bbox 914 1744 950 1801; x_wconf 89' lang='lat' dir='ltr'><strong><em>ut</em></strong></span> <span class='ocrx_word' id='word_1_231' title='bbox 979 1737 1102 1802; x_wconf 90' lang='lat' dir='ltr'><strong><em>diaconi</em></strong></span> <span class='ocrx_word' id='word_1_232' title='bbox 1132 1735 1189 1799; x_wconf 90' lang='lat' dir='ltr'><strong><em>sub</em></strong></span> <span class='ocrx_word' id='word_1_233' title='bbox 1241 1736 1298 1800; x_wconf 90' lang='lat' dir='ltr'><strong><em>bus</em></strong></span> <span class='ocrx_word' id='word_1_234' title='bbox 1324 1736 1409 1817; x_wconf 77' lang='lat' dir='ltr'><strong><em>toret.</em></strong></span> <span class='ocrx_word' id='word_1_235' title='bbox 1459 1735 1581 1801; x_wconf 81' lang='lat' dir='ltr'><strong><em>Deinde</em></strong></span> <span class='ocrx_word' id='word_1_236' title='bbox 1612 1759 1708 1817; x_wconf 90' lang='lat' dir='ltr'><strong><em>quum</em></strong></span> <span class='ocrx_word' id='word_1_237' title='bbox 1746 1760 1783 1803; x_wconf 82' lang='lat' dir='ltr'><strong><em>erc</em></strong></span> <span class='ocrx_word' id='word_1_238' title='bbox 1814 1739 2009 1820; x_wconf 81' lang='lat' dir='ltr'><strong><em>qncorundam</em></strong></span> <span class='ocrx_word' id='word_1_239' title='bbox 2041 1741 2217 1821; x_wconf 85' lang='lat' dir='ltr'><strong><em>cupiditate,</em></strong></span> 
     </span>
     <span class='ocr_line' id='line_1_19' title="bbox 214 1822 2218 1908; baseline 0 -18"><span class='ocrx_word' id='word_1_240' title='bbox 214 1827 352 1908; x_wconf 84' lang='lat' dir='ltr'><strong><em>episcopo</em></strong></span> <span class='ocrx_word' id='word_1_241' title='bbox 386 1846 568 1907; x_wconf 87' lang='lat' dir='ltr'><strong><em>pauperum</em></strong></span> <span class='ocrx_word' id='word_1_242' title='bbox 606 1830 703 1889; x_wconf 87' lang='lat' dir='ltr'><strong><em>essent</em></strong></span> <span class='ocrx_word' id='word_1_243' title='bbox 741 1826 897 1889; x_wconf 86' lang='lat' dir='ltr'><strong><em>oeconomi.</em></strong></span> <span class='ocrx_word' id='word_1_244' title='bbox 953 1823 1190 1905; x_wconf 77' lang='lat' dir='ltr'><strong><em>prodioconos</em></strong></span> <span class='ocrx_word' id='word_1_245' title='bbox 1241 1822 1287 1886; x_wconf 89' lang='lat' dir='ltr'><strong><em>oet</em></strong></span> <span class='ocrx_word' id='word_1_246' title='bbox 1303 1823 1416 1902; x_wconf 80' lang='lat' dir='ltr'><strong><em>prams</em></strong></span> <span class='ocrx_word' id='word_1_247' title='bbox 1437 1823 1553 1887; x_wconf 87' lang='lat' dir='ltr'><strong><em>studiis</em></strong></span> <span class='ocrx_word' id='word_1_248' title='bbox 1579 1829 1775 1889; x_wconf 90' lang='lat' dir='ltr'><strong><em>nascerentur</em></strong></span> <span class='ocrx_word' id='word_1_249' title='bbox 1796 1824 1882 1888; x_wconf 89' lang='lat' dir='ltr'><strong><em>mato</em></strong></span> <span class='ocrx_word' id='word_1_250' title='bbox 1903 1824 2056 1905; x_wconf 68' lang='lat' dir='ltr'><strong><em>obnupta,</em></strong></span> <span class='ocrx_word' id='word_1_251' title='bbox 2078 1825 2122 1889; x_wconf 90' lang='lat' dir='ltr'><strong><em>ad</em></strong></span> <span class='ocrx_word' id='word_1_252' title='bbox 2142 1825 2218 1890; x_wconf 81' lang='lat' dir='ltr'><strong><em>tiam</em></strong></span> 
     </span>
     <span class='ocr_line' id='line_1_20' title="bbox 213 1908 2220 1992; baseline -0.001 -15"><span class='ocrx_word' id='word_1_253' title='bbox 213 1911 382 1977; x_wconf 75' lang='grc'><em>6666366666</em></span> <span class='ocrx_word' id='word_1_254' title='bbox 408 1916 453 1976; x_wconf 86' lang='grc'><strong><em>636</em></strong></span> <span class='ocrx_word' id='word_1_255' title='bbox 478 1912 578 1992; x_wconf 85' lang='lat' dir='ltr'><strong><em>fuisse</em></strong></span> <span class='ocrx_word' id='word_1_256' title='bbox 603 1912 693 1975; x_wconf 84' lang='lat' dir='ltr'><strong><em>irritio</em></strong></span> <span class='ocrx_word' id='word_1_257' title='bbox 721 1911 861 1975; x_wconf 90' lang='lat' dir='ltr'><strong><em>diaconis</em></strong></span> <span class='ocrx_word' id='word_1_258' title='bbox 887 1909 1063 1985; x_wconf 88' lang='lat' dir='ltr'><strong><em>attributos,</em></strong></span> <span class='ocrx_word' id='word_1_259' title='bbox 1091 1914 1126 1971; x_wconf 91' lang='grc'><strong><em>66</em></strong></span> <span class='ocrx_word' id='word_1_260' title='bbox 1145 1928 1190 1971; x_wconf 83' lang='lat' dir='ltr'><strong><em>eo</em></strong></span> <span class='ocrx_word' id='word_1_261' title='bbox 1241 1908 1328 1972; x_wconf 82' lang='lat' dir='ltr'><strong><em>ntala</em></strong></span> <span class='ocrx_word' id='word_1_262' title='bbox 1349 1909 1529 1990; x_wconf 78' lang='lat' dir='ltr'><strong><em>corripenda</em></strong></span> <span class='ocrx_word' id='word_1_263' title='bbox 1549 1911 1707 1990; x_wconf 88' lang='lat' dir='ltr'><strong><em>compositi</em></strong></span> <span class='ocrx_word' id='word_1_264' title='bbox 1732 1916 1969 1988; x_wconf 70' lang='lat' dir='ltr'><strong><em>serapiones,</em></strong></span> <span class='ocrx_word' id='word_1_265' title='bbox 1999 1912 2055 1991; x_wconf 88' lang='lat' dir='ltr'><strong><em>qui</em></strong></span> <span class='ocrx_word' id='word_1_266' title='bbox 2076 1910 2220 1975; x_wconf 87' lang='lat' dir='ltr'><strong><em>ecclesiae</em></strong></span> 
     </span>
     <span class='ocr_line' id='line_1_21' title="bbox 213 1994 2220 2079; baseline -0 -17"><span class='ocrx_word' id='word_1_267' title='bbox 213 2019 286 2062; x_wconf 89' lang='lat' dir='ltr'><strong><em>rum</em></strong></span> <span class='ocrx_word' id='word_1_268' title='bbox 308 2017 402 2079; x_wconf 92' lang='lat' dir='ltr'><strong><em>opero</em></strong></span> <span class='ocrx_word' id='word_1_269' title='bbox 422 1999 506 2062; x_wconf 89' lang='lat' dir='ltr'><strong><em>circo</em></strong></span> <span class='ocrx_word' id='word_1_270' title='bbox 524 2018 682 2079; x_wconf 89' lang='lat' dir='ltr'><strong><em>pauperes</em></strong></span> <span class='ocrx_word' id='word_1_271' title='bbox 703 2002 874 2074; x_wconf 89' lang='lat' dir='ltr'><strong><em>uterentur,·</em></strong></span> <span class='ocrx_word' id='word_1_272' title='bbox 902 1997 957 2062; x_wconf 90' lang='lat' dir='ltr'><strong><em>sed</em></strong></span> <span class='ocrx_word' id='word_1_273' title='bbox 978 1995 1059 2059; x_wconf 89' lang='lat' dir='ltr'><strong><em>illud</em></strong></span> <span class='ocrx_word' id='word_1_274' title='bbox 1080 1994 1191 2058; x_wconf 80' lang='lat' dir='ltr'><strong><em>distri</em></strong></span> <span class='ocrx_word' id='word_1_275' title='bbox 1240 1995 1359 2058; x_wconf 79' lang='lat' dir='ltr'><strong><em>ratibus</em></strong></span> <span class='ocrx_word' id='word_1_276' title='bbox 1384 1995 1420 2056; x_wconf 93' lang='lat' dir='ltr'><strong><em>in</em></strong></span> <span class='ocrx_word' id='word_1_277' title='bbox 1446 1999 1579 2075; x_wconf 89' lang='lat' dir='ltr'><strong><em>quatuor</em></strong></span> <span class='ocrx_word' id='word_1_278' title='bbox 1603 2001 1713 2077; x_wconf 87' lang='lat' dir='ltr'><strong><em>partes</em></strong></span> <span class='ocrx_word' id='word_1_279' title='bbox 1740 1997 1926 2074; x_wconf 80' lang='lat' dir='ltr'><strong><em>diuiserunt,</em></strong></span> <span class='ocrx_word' id='word_1_280' title='bbox 1958 2016 2094 2077; x_wconf 90' lang='lat' dir='ltr'><strong><em>quarum</em></strong></span> <span class='ocrx_word' id='word_1_281' title='bbox 2121 2018 2220 2061; x_wconf 90' lang='lat' dir='ltr'><strong><em>unam</em></strong></span> 
     </span>
     <span class='ocr_line' id='line_1_22' title="bbox 197 2080 2221 2164; baseline -0 -16"><span class='ocrx_word' id='word_1_282' title='bbox 197 2087 284 2148; x_wconf 74' lang='lat' dir='ltr'><strong><em>&#39;nien</em></strong></span> <span class='ocrx_word' id='word_1_283' title='bbox 318 2083 476 2164; x_wconf 89' lang='lat' dir='ltr'><strong><em>paulatim</em></strong></span> <span class='ocrx_word' id='word_1_284' title='bbox 511 2084 673 2164; x_wconf 79' lang='lat' dir='ltr'><strong><em>corifusum</em></strong></span> <span class='ocrx_word' id='word_1_285' title='bbox 708 2084 779 2164; x_wconf 75' lang='lat' dir='ltr'><strong><em>fuit.</em></strong></span> <span class='ocrx_word' id='word_1_286' title='bbox 833 2081 1059 2155; x_wconf 74' lang='lat' dir='ltr'><strong><em>Aretitiaconi</em></strong></span> <span class='ocrx_word' id='word_1_287' title='bbox 1088 2084 1191 2144; x_wconf 80' lang='grc'><em>666666</em></span> <span class='ocrx_word' id='word_1_288' title='bbox 1226 2081 1444 2162; x_wconf 80' lang='lat' dir='ltr'><strong><em>assiqnarunt</em></strong></span> <span class='ocrx_word' id='word_1_289' title='bbox 1471 2080 1604 2157; x_wconf 78' lang='lat' dir='ltr'><strong><em>clericis,</em></strong></span> <span class='ocrx_word' id='word_1_290' title='bbox 1633 2081 1763 2146; x_wconf 89' lang='lat' dir='ltr'><strong><em>atteram</em></strong></span> <span class='ocrx_word' id='word_1_291' title='bbox 1784 2080 1996 2163; x_wconf 87' lang='lat' dir='ltr'><strong><em>pauperibus,</em></strong></span> <span class='ocrx_word' id='word_1_292' title='bbox 2025 2084 2147 2146; x_wconf 86' lang='lat' dir='ltr'><strong><em>tertiam</em></strong></span> <span class='ocrx_word' id='word_1_293' title='bbox 2169 2105 2221 2148; x_wconf 88' lang='lat' dir='ltr'><strong><em>sa-</em></strong></span> 
     </span>
     <span class='ocr_line' id='line_1_23' title="bbox 214 2165 2219 2256; baseline -0 -22"><span class='ocrx_word' id='word_1_294' title='bbox 214 2170 316 2234; x_wconf 91' lang='lat' dir='ltr'><strong><em>creari</em></strong></span> <span class='ocrx_word' id='word_1_295' title='bbox 336 2174 408 2232; x_wconf 91' lang='lat' dir='ltr'><strong><em>tunc</em></strong></span> <span class='ocrx_word' id='word_1_296' title='bbox 429 2174 604 2250; x_wconf 89' lang='lat' dir='ltr'><strong><em>coeperunt,</em></strong></span> <span class='ocrx_word' id='word_1_297' title='bbox 629 2189 724 2249; x_wconf 91' lang='lat' dir='ltr'><strong><em>quum</em></strong></span> <span class='ocrx_word' id='word_1_298' title='bbox 745 2168 915 2250; x_wconf 80' lang='lat' dir='ltr'><strong><em>amplitudo</em></strong></span> <span class='ocrx_word' id='word_1_299' title='bbox 935 2167 1119 2249; x_wconf 79' lang='grc'><em>[6666666666</em></span> <span class='ocrx_word' id='word_1_300' title='bbox 1140 2185 1190 2228; x_wconf 85' lang='lat' dir='ltr'><strong><em>no</em></strong></span> <span class='ocrx_word' id='word_1_301' title='bbox 1242 2167 1305 2231; x_wconf 88' lang='lat' dir='ltr'><strong><em>cris</em></strong></span> <span class='ocrx_word' id='word_1_302' title='bbox 1330 2165 1459 2230; x_wconf 77' lang='grc'><em>66666663</em></span> <span class='ocrx_word' id='word_1_303' title='bbox 1490 2172 1517 2229; x_wconf 91' lang='grc'><strong><em>66</em></strong></span> <span class='ocrx_word' id='word_1_304' title='bbox 1544 2165 1620 2230; x_wconf 89' lang='lat' dir='ltr'><strong><em>otiis</em></strong></span> <span class='ocrx_word' id='word_1_305' title='bbox 1659 2168 1811 2256; x_wconf 77' lang='lat' dir='ltr'><strong><em>aedificiis</em></strong></span> <span class='ocrx_word' id='word_1_306' title='bbox 1844 2167 1941 2232; x_wconf 89' lang='lat' dir='ltr'><strong><em>sortis</em></strong></span> <span class='ocrx_word' id='word_1_307' title='bbox 1968 2169 2055 2232; x_wconf 86' lang='lat' dir='ltr'><strong><em>tectis</em></strong></span> <span class='ocrx_word' id='word_1_308' title='bbox 2087 2170 2219 2248; x_wconf 87' lang='lat' dir='ltr'><strong><em>tuendis,</em></strong></span> 
     </span>
     <span class='ocr_line' id='line_1_24' title="bbox 214 2251 2221 2339; baseline 0 -20"><span class='ocrx_word' id='word_1_309' title='bbox 214 2276 287 2319; x_wconf 88' lang='lat' dir='ltr'><strong><em>oum</em></strong></span> <span class='ocrx_word' id='word_1_310' title='bbox 308 2259 336 2319; x_wconf 88' lang='lat' dir='ltr'><strong><em>et</em></strong></span> <span class='ocrx_word' id='word_1_311' title='bbox 357 2255 536 2339; x_wconf 80' lang='lat' dir='ltr'><strong><em>erectiorem</em></strong></span> <span class='ocrx_word' id='word_1_312' title='bbox 559 2254 803 2319; x_wconf 81' lang='lat' dir='ltr'><strong><em>adneiuistrondi</em></strong></span> <span class='ocrx_word' id='word_1_313' title='bbox 829 2256 979 2319; x_wconf 89' lang='lat' dir='ltr'><strong><em>rationem</em></strong></span> <span class='ocrx_word' id='word_1_314' title='bbox 1001 2252 1190 2334; x_wconf 69' lang='lat' dir='ltr'><strong><em>postularet·</em></strong></span> <span class='ocrx_word' id='word_1_315' title='bbox 1242 2256 1389 2332; x_wconf 89' lang='lat' dir='ltr'><strong><em>quartum</em></strong></span> <span class='ocrx_word' id='word_1_316' title='bbox 1409 2272 1479 2316; x_wconf 87' lang='lat' dir='ltr'><strong><em>vero</em></strong></span> <span class='ocrx_word' id='word_1_317' title='bbox 1505 2251 1634 2316; x_wconf 78' lang='lat' dir='ltr'><strong><em>cedeonis</em></strong></span> <span class='ocrx_word' id='word_1_318' title='bbox 1659 2259 1687 2317; x_wconf 90' lang='grc'><strong><em>66</em></strong></span> <span class='ocrx_word' id='word_1_319' title='bbox 1712 2255 1867 2318; x_wconf 72' lang='lat' dir='ltr'><strong><em>extraneis</em></strong></span> <span class='ocrx_word' id='word_1_320' title='bbox 1882 2253 2087 2336; x_wconf 88' lang='lat' dir='ltr'><strong><em>pauperibus.</em></strong></span> <span class='ocrx_word' id='word_1_321' title='bbox 2133 2254 2221 2319; x_wconf 86' lang='lat' dir='ltr'><strong><em>Nam</em></strong></span> 
     </span>
     <span class='ocr_line' id='line_1_25' title="bbox 214 2338 2219 2422; baseline 0.001 -19"><span class='ocrx_word' id='word_1_322' title='bbox 214 2361 394 2422; x_wconf 75' lang='lat' dir='ltr'><strong><em>quanquam</em></strong></span> <span class='ocrx_word' id='word_1_323' title='bbox 415 2341 626 2422; x_wconf 71' lang='lat' dir='ltr'><strong><em>Hieronymus</em></strong></span> <span class='ocrx_word' id='word_1_324' title='bbox 647 2342 713 2404; x_wconf 87' lang='lat' dir='ltr'><strong><em>iam</em></strong></span> <span class='ocrx_word' id='word_1_325' title='bbox 735 2345 831 2404; x_wconf 86' lang='lat' dir='ltr'><strong><em>aetate</em></strong></span> <span class='ocrx_word' id='word_1_326' title='bbox 858 2361 920 2404; x_wconf 89' lang='lat' dir='ltr'><strong><em>sua</em></strong></span> <span class='ocrx_word' id='word_1_327' title='bbox 944 2340 1045 2420; x_wconf 80' lang='lat' dir='ltr'><strong><em>fuisse</em></strong></span> <span class='ocrx_word' id='word_1_328' title='bbox 1066 2357 1191 2402; x_wconf 86' lang='lat' dir='ltr'><strong><em>omnmo·</em></strong></span> <span class='ocrx_word' id='word_1_329' title='bbox 1242 2338 1324 2418; x_wconf 89' lang='lat' dir='ltr'><strong><em>quod</em></strong></span> <span class='ocrx_word' id='word_1_330' title='bbox 1345 2339 1424 2400; x_wconf 82' lang='lat' dir='ltr'><strong><em>trono</em></strong></span> <span class='ocrx_word' id='word_1_331' title='bbox 1440 2343 1629 2420; x_wconf 89' lang='lat' dir='ltr'><strong><em>postremam</em></strong></span> <span class='ocrx_word' id='word_1_332' title='bbox 1651 2341 1789 2421; x_wconf 89' lang='lat' dir='ltr'><strong><em>episcopo</em></strong></span> <span class='ocrx_word' id='word_1_333' title='bbox 1807 2339 1979 2403; x_wconf 84' lang='lat' dir='ltr'><strong><em>attribuunt</em></strong></span> <span class='ocrx_word' id='word_1_334' title='bbox 2001 2339 2059 2404; x_wconf 87' lang='lat' dir='ltr'><strong><em>atii</em></strong></span> <span class='ocrx_word' id='word_1_335' title='bbox 2080 2361 2219 2420; x_wconf 88' lang='grc'><em>6666663,</em></span> 
     </span>
     <span class='ocr_line' id='line_1_26' title="bbox 214 2423 2221 2510; baseline 0 -20"><span class='ocrx_word' id='word_1_336' title='bbox 214 2424 361 2510; x_wconf 66' lang='lat' dir='ltr'><strong><em>morotfl)</em></strong></span> <span class='ocrx_word' id='word_1_337' title='bbox 411 2425 494 2507; x_wconf 83' lang='lat' dir='ltr'><strong><em>Erat</em></strong></span> <span class='ocrx_word' id='word_1_338' title='bbox 530 2432 631 2490; x_wconf 87' lang='lat' dir='ltr'><strong><em>autem</em></strong></span> <span class='ocrx_word' id='word_1_339' title='bbox 657 2447 755 2508; x_wconf 88' lang='lat' dir='ltr'><strong><em>penes</em></strong></span> <span class='ocrx_word' id='word_1_340' title='bbox 786 2446 835 2489; x_wconf 91' lang='grc'><strong><em>663</em></strong></span> <span class='ocrx_word' id='word_1_341' title='bbox 867 2446 992 2491; x_wconf 89' lang='lat' dir='ltr'><strong><em>summa</em></strong></span> <span class='ocrx_word' id='word_1_342' title='bbox 1024 2425 1190 2502; x_wconf 87' lang='lat' dir='ltr'><strong><em>redituum,</em></strong></span> <span class='ocrx_word' id='word_1_343' title='bbox 1243 2424 1278 2487; x_wconf 92' lang='lat' dir='ltr'><strong><em>id</em></strong></span> <span class='ocrx_word' id='word_1_344' title='bbox 1298 2423 1379 2486; x_wconf 86' lang='lat' dir='ltr'><strong><em>nibil</em></strong></span> <span class='ocrx_word' id='word_1_345' title='bbox 1400 2425 1503 2487; x_wconf 88' lang='lat' dir='ltr'><strong><em>cariat</em></strong></span> <span class='ocrx_word' id='word_1_346' title='bbox 1531 2423 1569 2486; x_wconf 91' lang='lat' dir='ltr'><strong><em>ab</em></strong></span> <span class='ocrx_word' id='word_1_347' title='bbox 1591 2445 1641 2502; x_wconf 91' lang='lat' dir='ltr'><strong><em>ea,</em></strong></span> <span class='ocrx_word' id='word_1_348' title='bbox 1664 2446 1760 2506; x_wconf 89' lang='lat' dir='ltr'><strong><em>qnam</em></strong></span> <span class='ocrx_word' id='word_1_349' title='bbox 1780 2425 1865 2503; x_wconf 81' lang='lat' dir='ltr'><strong><em>dini,</em></strong></span> <span class='ocrx_word' id='word_1_350' title='bbox 1889 2426 2066 2505; x_wconf 83' lang='lat' dir='ltr'><strong><em>partitione.</em></strong></span> <span class='ocrx_word' id='word_1_351' title='bbox 2112 2426 2221 2507; x_wconf 88' lang='lat' dir='ltr'><strong><em>Neque</em></strong></span> 
     </span>
     <span class='ocr_line' id='line_1_27' title="bbox 208 2509 2220 2594; baseline 0 -18"><span class='ocrx_word' id='word_1_352' title='bbox 208 2513 454 2594; x_wconf 88' lang='lat' dir='ltr'><strong><em>possessionum,</em></strong></span> <span class='ocrx_word' id='word_1_353' title='bbox 486 2512 698 2594; x_wconf 82' lang='lat' dir='ltr'><strong><em>supellectilis,</em></strong></span> <span class='ocrx_word' id='word_1_354' title='bbox 735 2517 763 2575; x_wconf 90' lang='lat' dir='ltr'><strong><em>et</em></strong></span> <span class='ocrx_word' id='word_1_355' title='bbox 788 2513 1042 2592; x_wconf 89' lang='lat' dir='ltr'><strong><em>quotidianarum</em></strong></span> <span class='ocrx_word' id='word_1_356' title='bbox 1069 2509 1191 2573; x_wconf 89' lang='lat' dir='ltr'><strong><em>oblatio·</em></strong></span> <span class='ocrx_word' id='word_1_357' title='bbox 1243 2509 1325 2573; x_wconf 92' lang='lat' dir='ltr'><strong><em>enim</em></strong></span> <span class='ocrx_word' id='word_1_358' title='bbox 1348 2511 1515 2591; x_wconf 87' lang='lat' dir='ltr'><strong><em>propriam</em></strong></span> <span class='ocrx_word' id='word_1_359' title='bbox 1536 2511 1604 2574; x_wconf 91' lang='lat' dir='ltr'><strong><em>eius</em></strong></span> <span class='ocrx_word' id='word_1_360' title='bbox 1625 2530 1690 2575; x_wconf 89' lang='grc'><em>6336</em></span> <span class='ocrx_word' id='word_1_361' title='bbox 1711 2511 1828 2590; x_wconf 88' lang='grc'><em>666666,</em></span> <span class='ocrx_word' id='word_1_362' title='bbox 1856 2517 1891 2575; x_wconf 94' lang='grc'><strong><em>66</em></strong></span> <span class='ocrx_word' id='word_1_363' title='bbox 1911 2511 1958 2576; x_wconf 89' lang='lat' dir='ltr'><strong><em>oet</em></strong></span> <span class='ocrx_word' id='word_1_364' title='bbox 1978 2511 2063 2576; x_wconf 88' lang='lat' dir='ltr'><strong><em>solus</em></strong></span> <span class='ocrx_word' id='word_1_365' title='bbox 2083 2512 2149 2592; x_wconf 89' lang='lat' dir='ltr'><strong><em>ipse</em></strong></span> <span class='ocrx_word' id='word_1_366' title='bbox 2170 2513 2220 2576; x_wconf 79' lang='lat' dir='ltr'><strong><em>in-</em></strong></span> 
     </span>
     <span class='ocr_line' id='line_1_28' title="bbox 212 2594 2220 2765; baseline -0.002 -15"><span class='ocrx_word' id='word_1_367' title='bbox 212 2598 522 2750; x_wconf 70' lang='lat' dir='ltr'><strong><em>smenon..</em></strong></span> <span class='ocrx_word' id='word_1_368' title='bbox 543 2597 861 2748; x_wconf 69' lang='lat' dir='ltr'><strong><em>termnum</em></strong></span> <span class='ocrx_word' id='word_1_369' title='bbox 888 2594 1191 2764; x_wconf 63' lang='grc'><em>66666666</em></span> <span class='ocrx_word' id='word_1_370' title='bbox 1241 2595 1694 2762; x_wconf 58' lang='lat' dir='ltr'><strong><em>cridentuna</em></strong></span> <span class='ocrx_word' id='word_1_371' title='bbox 1711 2597 2220 2765; x_wconf 48' lang='grc' dir='ltr'><em>6666666666Ὗῖ</em></span> 
     </span>
     <span class='ocr_line' id='line_1_29' title="bbox 213 2731 2220 2852; baseline -0.001 -18"><span class='ocrx_word' id='word_1_372' title='bbox 213 2771 290 2852; x_wconf 89' lang='lat' dir='ltr'><strong><em>quid</em></strong></span> <span class='ocrx_word' id='word_1_373' title='bbox 322 2790 360 2833; x_wconf 81' lang='lat' dir='ltr'><strong><em>erc</em></strong></span> <span class='ocrx_word' id='word_1_374' title='bbox 392 2768 478 2834; x_wconf 89' lang='lat' dir='ltr'><strong><em>bonis</em></strong></span> <span class='ocrx_word' id='word_1_375' title='bbox 510 2735 665 2847; x_wconf 80' lang='lat' dir='ltr'><strong><em>cictesiae,</em></strong></span> <span class='ocrx_word' id='word_1_376' title='bbox 704 2769 751 2833; x_wconf 87' lang='lat' dir='ltr'><strong><em>oet</em></strong></span> <span class='ocrx_word' id='word_1_377' title='bbox 783 2769 983 2852; x_wconf 81' lang='lat' dir='ltr'><strong><em>neptiqentia,</em></strong></span> <span class='ocrx_word' id='word_1_378' title='bbox 1017 2768 1064 2832; x_wconf 88' lang='lat' dir='ltr'><strong><em>oet</em></strong></span> <span class='ocrx_word' id='word_1_379' title='bbox 1094 2732 1192 2831; x_wconf 82' lang='lat' dir='ltr'><strong><em>ullius</em></strong></span> <span class='ocrx_word' id='word_1_380' title='bbox 1244 2731 1309 2848; x_wconf 43' lang='lat' dir='ltr'><strong><em>quc,</em></strong></span> <span class='ocrx_word' id='word_1_381' title='bbox 1323 2768 1369 2831; x_wconf 88' lang='lat' dir='ltr'><strong><em>ito</em></strong></span> <span class='ocrx_word' id='word_1_382' title='bbox 1395 2768 1636 2848; x_wconf 89' lang='lat' dir='ltr'><strong><em>interpretantur</em></strong></span> <span class='ocrx_word' id='word_1_383' title='bbox 1660 2768 1861 2833; x_wconf 82' lang='lat' dir='ltr'><strong><em>Gelasiuset</em></strong></span> <span class='ocrx_word' id='word_1_384' title='bbox 1884 2734 2099 2852; x_wconf 51' lang='grc'><em>(6666666633)</em></span> <span class='ocrx_word' id='word_1_385' title='bbox 2145 2768 2220 2833; x_wconf 86' lang='lat' dir='ltr'><strong><em>Non</em></strong></span> 
     </span>
     <span class='ocr_line' id='line_1_30' title="bbox 212 2853 2220 2938; baseline -0 -18"><span class='ocrx_word' id='word_1_386' title='bbox 212 2856 326 2938; x_wconf 77' lang='lat' dir='ltr'><strong><em>frande</em></strong></span> <span class='ocrx_word' id='word_1_387' title='bbox 347 2855 519 2937; x_wconf 61' lang='lat' dir='ltr'><strong><em>deperient</em></strong></span> <span class='ocrx_word' id='word_1_388' title='bbox 567 2857 654 2936; x_wconf 73' lang='lat' dir='ltr'><strong><em>Quod</em></strong></span> <span class='ocrx_word' id='word_1_389' title='bbox 680 2860 783 2919; x_wconf 80' lang='grc'><em>666666</em></span> <span class='ocrx_word' id='word_1_390' title='bbox 809 2855 959 2938; x_wconf 84' lang='lat' dir='ltr'><strong><em>eoanqdii</em></strong></span> <span class='ocrx_word' id='word_1_391' title='bbox 980 2855 1023 2919; x_wconf 89' lang='lat' dir='ltr'><strong><em>ad</em></strong></span> <span class='ocrx_word' id='word_1_392' title='bbox 1038 2853 1192 2936; x_wconf 90' lang='lat' dir='ltr'><strong><em>populum</em></strong></span> <span class='ocrx_word' id='word_1_393' title='bbox 1244 2854 1325 2919; x_wconf 88' lang='lat' dir='ltr'><strong><em>euim</em></strong></span> <span class='ocrx_word' id='word_1_394' title='bbox 1346 2853 1445 2918; x_wconf 91' lang='lat' dir='ltr'><strong><em>aliam</em></strong></span> <span class='ocrx_word' id='word_1_395' title='bbox 1465 2855 1616 2918; x_wconf 89' lang='lat' dir='ltr'><strong><em>rationem</em></strong></span> <span class='ocrx_word' id='word_1_396' title='bbox 1642 2855 1769 2920; x_wconf 87' lang='lat' dir='ltr'><strong><em>adducit</em></strong></span> <span class='ocrx_word' id='word_1_397' title='bbox 1791 2854 1953 2934; x_wconf 65' lang='grc'><em>(6663663,</em></span> <span class='ocrx_word' id='word_1_398' title='bbox 1977 2875 2032 2919; x_wconf 90' lang='lat' dir='ltr'><strong><em>cur</em></strong></span> <span class='ocrx_word' id='word_1_399' title='bbox 2048 2854 2110 2920; x_wconf 83' lang='lat' dir='ltr'><strong><em>sibi</em></strong></span> <span class='ocrx_word' id='word_1_400' title='bbox 2130 2855 2220 2936; x_wconf 88' lang='lat' dir='ltr'><strong><em>quid-</em></strong></span> 
     </span>
     <span class='ocr_line' id='line_1_31' title="bbox 214 2939 2222 3023; baseline 0 -17"><span class='ocrx_word' id='word_1_401' title='bbox 214 2941 299 3006; x_wconf 87' lang='lat' dir='ltr'><strong><em>lectio</em></strong></span> <span class='ocrx_word' id='word_1_402' title='bbox 318 2940 385 3005; x_wconf 89' lang='lat' dir='ltr'><strong><em>iltis</em></strong></span> <span class='ocrx_word' id='word_1_403' title='bbox 405 2941 552 3020; x_wconf 77' lang='lat' dir='ltr'><strong><em>dabatur,</em></strong></span> <span class='ocrx_word' id='word_1_404' title='bbox 580 2946 607 3005; x_wconf 90' lang='lat' dir='ltr'><strong><em>et</em></strong></span> <span class='ocrx_word' id='word_1_405' title='bbox 628 2942 796 3006; x_wconf 82' lang='lat' dir='ltr'><strong><em>coctomatio</em></strong></span> <span class='ocrx_word' id='word_1_406' title='bbox 818 2942 861 3005; x_wconf 91' lang='lat' dir='ltr'><strong><em>od</em></strong></span> <span class='ocrx_word' id='word_1_407' title='bbox 881 2941 1090 3023; x_wconf 79' lang='lat' dir='ltr'><strong><em>precandum,-</em></strong></span> <span class='ocrx_word' id='word_1_408' title='bbox 1112 2939 1192 3021; x_wconf 90' lang='lat' dir='ltr'><strong><em>quod</em></strong></span> <span class='ocrx_word' id='word_1_409' title='bbox 1244 2960 1338 3021; x_wconf 88' lang='lat' dir='ltr'><strong><em>quam</em></strong></span> <span class='ocrx_word' id='word_1_410' title='bbox 1355 2940 1515 3022; x_wconf 90' lang='lat' dir='ltr'><strong><em>episcopus</em></strong></span> <span class='ocrx_word' id='word_1_411' title='bbox 1537 2942 1684 3018; x_wconf 85' lang='lat' dir='ltr'><strong><em>condicet,</em></strong></span> <span class='ocrx_word' id='word_1_412' title='bbox 1706 2943 1771 3005; x_wconf 81' lang='grc'><em>6636</em></span> <span class='ocrx_word' id='word_1_413' title='bbox 1792 2945 1826 3005; x_wconf 90' lang='lat' dir='ltr'><strong><em>nt</em></strong></span> <span class='ocrx_word' id='word_1_414' title='bbox 1847 2942 1980 3023; x_wconf 80' lang='lat' dir='ltr'><strong><em>captiuis</em></strong></span> <span class='ocrx_word' id='word_1_415' title='bbox 2000 2945 2029 3006; x_wconf 92' lang='lat' dir='ltr'><strong><em>et</em></strong></span> <span class='ocrx_word' id='word_1_416' title='bbox 2043 2941 2222 3023; x_wconf 81' lang='lat' dir='ltr'><strong><em>pereqrinis</em></strong></span> 
     </span>
     <span class='ocr_line' id='line_1_32' title="bbox 213 3024 2221 3110; baseline 0 -19"><span class='ocrx_word' id='word_1_417' title='bbox 213 3028 287 3091; x_wconf 88' lang='lat' dir='ltr'><strong><em>item</em></strong></span> <span class='ocrx_word' id='word_1_418' title='bbox 308 3027 351 3090; x_wconf 89' lang='lat' dir='ltr'><strong><em>od</em></strong></span> <span class='ocrx_word' id='word_1_419' title='bbox 373 3028 598 3108; x_wconf 82' lang='lat' dir='ltr'><strong><em>porriqendnm</em></strong></span> <span class='ocrx_word' id='word_1_420' title='bbox 624 3029 659 3090; x_wconf 87' lang='lat' dir='ltr'><strong><em>in</em></strong></span> <span class='ocrx_word' id='word_1_421' title='bbox 684 3048 776 3092; x_wconf 90' lang='lat' dir='ltr'><strong><em>sacra</em></strong></span> <span class='ocrx_word' id='word_1_422' title='bbox 802 3047 893 3092; x_wconf 88' lang='lat' dir='ltr'><strong><em>coena</em></strong></span> <span class='ocrx_word' id='word_1_423' title='bbox 919 3027 1043 3091; x_wconf 87' lang='lat' dir='ltr'><strong><em>calicem</em></strong></span> <span class='ocrx_word' id='word_1_424' title='bbox 1071 3024 1193 3090; x_wconf 88' lang='lat' dir='ltr'><strong><em>adbibe-</em></strong></span> <span class='ocrx_word' id='word_1_425' title='bbox 1244 3026 1358 3108; x_wconf 77' lang='lat' dir='ltr'><strong><em>trrqiri</em></strong></span> <span class='ocrx_word' id='word_1_426' title='bbox 1385 3031 1482 3107; x_wconf 81' lang='lat' dir='ltr'><strong><em>queat.</em></strong></span> <span class='ocrx_word' id='word_1_427' title='bbox 1533 3025 1578 3090; x_wconf 76' lang='lat' dir='ltr'><strong><em>m</em></strong></span> <span class='ocrx_word' id='word_1_428' title='bbox 1601 3027 1719 3091; x_wconf 87' lang='lat' dir='ltr'><strong><em>clarius</em></strong></span> <span class='ocrx_word' id='word_1_429' title='bbox 1744 3028 1913 3091; x_wconf 84' lang='lat' dir='ltr'><strong><em>etiamnum</em></strong></span> <span class='ocrx_word' id='word_1_430' title='bbox 1939 3027 2078 3108; x_wconf 88' lang='lat' dir='ltr'><strong><em>loquitur</em></strong></span> <span class='ocrx_word' id='word_1_431' title='bbox 2107 3027 2221 3110; x_wconf 75' lang='lat' dir='ltr'><strong><em>(trepo-</em></strong></span> 
     </span>
     <span class='ocr_line' id='line_1_33' title="bbox 214 3110 2221 3197; baseline 0 -21"><span class='ocrx_word' id='word_1_432' title='bbox 214 3112 346 3176; x_wconf 86' lang='lat' dir='ltr'><strong><em>bantur:</em></strong></span> <span class='ocrx_word' id='word_1_433' title='bbox 374 3112 410 3174; x_wconf 91' lang='lat' dir='ltr'><strong><em>id</em></strong></span> <span class='ocrx_word' id='word_1_434' title='bbox 430 3114 570 3177; x_wconf 75' lang='lat' dir='ltr'><strong><em>munais</em></strong></span> <span class='ocrx_word' id='word_1_435' title='bbox 590 3114 724 3177; x_wconf 88' lang='lat' dir='ltr'><strong><em>ornandi</em></strong></span> <span class='ocrx_word' id='word_1_436' title='bbox 745 3133 842 3178; x_wconf 89' lang='lat' dir='ltr'><strong><em>caasa</em></strong></span> <span class='ocrx_word' id='word_1_437' title='bbox 866 3113 970 3195; x_wconf 72' lang='lat' dir='ltr'><strong><em>tiebat,</em></strong></span> <span class='ocrx_word' id='word_1_438' title='bbox 999 3134 1057 3192; x_wconf 89' lang='lat' dir='ltr'><strong><em>qno</em></strong></span> <span class='ocrx_word' id='word_1_439' title='bbox 1078 3111 1193 3176; x_wconf 89' lang='lat' dir='ltr'><strong><em>maiori</em></strong></span> <span class='ocrx_word' id='word_1_440' title='bbox 1244 3110 1360 3197; x_wconf 78' lang='lat' dir='ltr'><strong><em>rius.³)</em></strong></span> <span class='ocrx_word' id='word_1_441' title='bbox 1411 3111 1484 3176; x_wconf 86' lang='lat' dir='ltr'><strong><em>Mos</em></strong></span> <span class='ocrx_word' id='word_1_442' title='bbox 1510 3117 1566 3192; x_wconf 88' lang='grc'><em>636,</em></span> <span class='ocrx_word' id='word_1_443' title='bbox 1599 3114 1717 3195; x_wconf 90' lang='lat' dir='ltr'><strong><em>inquit,</em></strong></span> <span class='ocrx_word' id='word_1_444' title='bbox 1746 3112 2052 3195; x_wconf 87' lang='lat' dir='ltr'><strong><em>apostolicaesedis,</em></strong></span> <span class='ocrx_word' id='word_1_445' title='bbox 2079 3114 2221 3178; x_wconf 82' lang='lat' dir='ltr'><strong><em>ordirrato</em></strong></span> 
     </span>
     <span class='ocr_line' id='line_1_34' title="bbox 213 3197 2222 3280; baseline 0 -17"><span class='ocrx_word' id='word_1_446' title='bbox 213 3199 360 3280; x_wconf 80' lang='lat' dir='ltr'><strong><em>relipione</em></strong></span> <span class='ocrx_word' id='word_1_447' title='bbox 386 3198 492 3279; x_wconf 85' lang='lat' dir='ltr'><strong><em>ipsum</em></strong></span> <span class='ocrx_word' id='word_1_448' title='bbox 524 3198 653 3278; x_wconf 89' lang='lat' dir='ltr'><strong><em>obirent,</em></strong></span> <span class='ocrx_word' id='word_1_449' title='bbox 687 3220 784 3280; x_wconf 90' lang='lat' dir='ltr'><strong><em>quum</em></strong></span> <span class='ocrx_word' id='word_1_450' title='bbox 816 3200 1052 3264; x_wconf 87' lang='lat' dir='ltr'><strong><em>admouerentur</em></strong></span> <span class='ocrx_word' id='word_1_451' title='bbox 1078 3197 1193 3262; x_wconf 90' lang='lat' dir='ltr'><strong><em>tatibus</em></strong></span> <span class='ocrx_word' id='word_1_452' title='bbox 1244 3199 1382 3280; x_wconf 87' lang='lat' dir='ltr'><strong><em>episcopo</em></strong></span> <span class='ocrx_word' id='word_1_453' title='bbox 1407 3204 1573 3280; x_wconf 87' lang='lat' dir='ltr'><strong><em>praecepta</em></strong></span> <span class='ocrx_word' id='word_1_454' title='bbox 1599 3198 1690 3278; x_wconf 89' lang='lat' dir='ltr'><strong><em>darc,</em></strong></span> <span class='ocrx_word' id='word_1_455' title='bbox 1723 3205 1759 3264; x_wconf 91' lang='lat' dir='ltr'><strong><em>ut</em></strong></span> <span class='ocrx_word' id='word_1_456' title='bbox 1784 3200 1822 3264; x_wconf 89' lang='lat' dir='ltr'><strong><em>dc</em></strong></span> <span class='ocrx_word' id='word_1_457' title='bbox 1848 3201 1932 3262; x_wconf 85' lang='lat' dir='ltr'><strong><em>muni</em></strong></span> <span class='ocrx_word' id='word_1_458' title='bbox 1961 3199 2113 3280; x_wconf 78' lang='lat' dir='ltr'><strong><em>stipendio</em></strong></span> <span class='ocrx_word' id='word_1_459' title='bbox 2140 3198 2222 3280; x_wconf 88' lang='lat' dir='ltr'><strong><em>qnod</em></strong></span> 
     </span>
     <span class='ocr_line' id='line_1_35' title="bbox 213 3282 2222 3367; baseline 0 -18"><span class='ocrx_word' id='word_1_460' title='bbox 213 3282 359 3366; x_wconf 70' lang='lat' dir='ltr'><strong><em>symbolis</em></strong></span> <span class='ocrx_word' id='word_1_461' title='bbox 395 3304 457 3348; x_wconf 90' lang='lat' dir='ltr'><strong><em>non</em></strong></span> <span class='ocrx_word' id='word_1_462' title='bbox 495 3304 561 3349; x_wconf 87' lang='grc'><em>6336</em></span> <span class='ocrx_word' id='word_1_463' title='bbox 589 3286 761 3367; x_wconf 81' lang='lat' dir='ltr'><strong><em>profanam</em></strong></span> <span class='ocrx_word' id='word_1_464' title='bbox 799 3285 939 3366; x_wconf 78' lang='lat' dir='ltr'><strong><em>aliquane</em></strong></span> <span class='ocrx_word' id='word_1_465' title='bbox 975 3285 1193 3348; x_wconf 88' lang='lat' dir='ltr'><strong><em>oitticotionem</em></strong></span> <span class='ocrx_word' id='word_1_466' title='bbox 1238 3285 1381 3365; x_wconf 78' lang='grc'><em>63666666</em></span> <span class='ocrx_word' id='word_1_467' title='bbox 1402 3289 1535 3366; x_wconf 89' lang='lat' dir='ltr'><strong><em>quotuor</em></strong></span> <span class='ocrx_word' id='word_1_468' title='bbox 1552 3285 1631 3366; x_wconf 70' lang='lat' dir='ltr'><strong><em>dant</em></strong></span> <span class='ocrx_word' id='word_1_469' title='bbox 1646 3287 1820 3366; x_wconf 87' lang='lat' dir='ltr'><strong><em>portiones:</em></strong></span> <span class='ocrx_word' id='word_1_470' title='bbox 1840 3306 1906 3350; x_wconf 88' lang='grc'><strong><em>666</em></strong></span> <span class='ocrx_word' id='word_1_471' title='bbox 1925 3285 2063 3350; x_wconf 87' lang='lat' dir='ltr'><strong><em>oiddicct</em></strong></span> <span class='ocrx_word' id='word_1_472' title='bbox 2084 3285 2222 3366; x_wconf 77' lang='lat' dir='ltr'><strong><em>epriscopo</em></strong></span> 
     </span>
     <span class='ocr_line' id='line_1_36' title="bbox 130 3370 2223 3454; baseline 0 -20"><span class='ocrx_word' id='word_1_473' title='bbox 130 3444 136 3454; x_wconf 27' lang='lat'>=</span> <span class='ocrx_word' id='word_1_474' title='bbox 214 3391 310 3452; x_wconf 87' lang='lat' dir='ltr'><strong><em>quom</em></strong></span> <span class='ocrx_word' id='word_1_475' title='bbox 327 3374 478 3453; x_wconf 77' lang='lat' dir='ltr'><strong><em>perorent,</em></strong></span> <span class='ocrx_word' id='word_1_476' title='bbox 505 3370 559 3434; x_wconf 86' lang='grc'><em>3666</em></span> <span class='ocrx_word' id='word_1_477' title='bbox 579 3371 788 3452; x_wconf 88' lang='lat' dir='ltr'><strong><em>spiritualem,</em></strong></span> <span class='ocrx_word' id='word_1_478' title='bbox 811 3376 838 3435; x_wconf 91' lang='grc'><strong><em>66</em></strong></span> <span class='ocrx_word' id='word_1_479' title='bbox 861 3371 927 3436; x_wconf 89' lang='lat' dir='ltr'><strong><em>Deo</em></strong></span> <span class='ocrx_word' id='word_1_480' title='bbox 948 3370 1083 3436; x_wconf 76' lang='lat' dir='ltr'><strong><em>diaetam</em></strong></span> <span class='ocrx_word' id='word_1_481' title='bbox 1106 3371 1193 3451; x_wconf 75' lang='lat' dir='ltr'><strong><em>tuno</em></strong></span> <span class='ocrx_word' id='word_1_482' title='bbox 1244 3375 1272 3434; x_wconf 91' lang='grc'><strong><em>66</em></strong></span> <span class='ocrx_word' id='word_1_483' title='bbox 1290 3371 1433 3451; x_wconf 78' lang='lat' dir='ltr'><strong><em>famuliae</em></strong></span> <span class='ocrx_word' id='word_1_484' title='bbox 1455 3373 1531 3449; x_wconf 91' lang='lat' dir='ltr'><strong><em>eius,</em></strong></span> <span class='ocrx_word' id='word_1_485' title='bbox 1547 3376 1675 3452; x_wconf 77' lang='lat' dir='ltr'><strong><em>proptu</em></strong></span> <span class='ocrx_word' id='word_1_486' title='bbox 1693 3371 1930 3454; x_wconf 77' lang='lat' dir='ltr'><strong><em>hospitalitatem</em></strong></span> <span class='ocrx_word' id='word_1_487' title='bbox 1952 3377 2042 3453; x_wconf 86' lang='lat' dir='ltr'><strong><em>atque</em></strong></span> <span class='ocrx_word' id='word_1_488' title='bbox 2058 3373 2223 3452; x_wconf 82' lang='lat' dir='ltr'><strong><em>susceptio</em></strong></span> 
     </span>
     <span class='ocr_line' id='line_1_37' title="bbox 214 3457 2222 3540; baseline 0 -20"><span class='ocrx_word' id='word_1_489' title='bbox 214 3458 333 3520; x_wconf 79' lang='grc'><em>6666666.</em></span> <span class='ocrx_word' id='word_1_490' title='bbox 1211 3461 1214 3469; x_wconf 87' lang='grc'><em>“</em></span> <span class='ocrx_word' id='word_1_491' title='bbox 1244 3477 1331 3536; x_wconf 90' lang='lat' dir='ltr'><strong><em>nom,·</em></strong></span> <span class='ocrx_word' id='word_1_492' title='bbox 1353 3457 1452 3521; x_wconf 89' lang='lat' dir='ltr'><strong><em>attera</em></strong></span> <span class='ocrx_word' id='word_1_493' title='bbox 1473 3457 1569 3535; x_wconf 71' lang='lat' dir='ltr'><strong><em>dero,</em></strong></span> <span class='ocrx_word' id='word_1_494' title='bbox 1596 3458 1686 3521; x_wconf 89' lang='lat' dir='ltr'><strong><em>tertia</em></strong></span> <span class='ocrx_word' id='word_1_495' title='bbox 1702 3457 1912 3540; x_wconf 81' lang='lat' dir='ltr'><strong><em>pauperibus,-</em></strong></span> <span class='ocrx_word' id='word_1_496' title='bbox 1939 3462 2053 3539; x_wconf 86' lang='lat' dir='ltr'><strong><em>quarta</em></strong></span> <span class='ocrx_word' id='word_1_497' title='bbox 2072 3477 2222 3538; x_wconf 88' lang='lat' dir='ltr'><strong><em>reparan-</em></strong></span> 
     </span>
     <span class='ocr_line' id='line_1_38' title="bbox 303 3542 2224 3626; baseline 0.002 -22"><span class='ocrx_word' id='word_1_498' title='bbox 303 3545 352 3604; x_wconf 84' lang='lat'><strong><em>56.</em></strong></span> <span class='ocrx_word' id='word_1_499' title='bbox 397 3543 483 3607; x_wconf 86' lang='lat' dir='ltr'><strong><em>Hinc</em></strong></span> <span class='ocrx_word' id='word_1_500' title='bbox 501 3543 595 3607; x_wconf 90' lang='lat' dir='ltr'><strong><em>etiarn</em></strong></span> <span class='ocrx_word' id='word_1_501' title='bbox 616 3543 757 3607; x_wconf 88' lang='lat' dir='ltr'><strong><em>iudicare</em></strong></span> <span class='ocrx_word' id='word_1_502' title='bbox 778 3543 858 3622; x_wconf 89' lang='lat' dir='ltr'><strong><em>licet,</em></strong></span> <span class='ocrx_word' id='word_1_503' title='bbox 889 3545 961 3625; x_wconf 88' lang='lat' dir='ltr'><strong><em>quis</em></strong></span> <span class='ocrx_word' id='word_1_504' title='bbox 981 3542 1128 3606; x_wconf 72' lang='lat' dir='ltr'><strong><em>botrorum</em></strong></span> <span class='ocrx_word' id='word_1_505' title='bbox 1150 3562 1193 3606; x_wconf 92' lang='lat' dir='ltr'><strong><em>ec·</em></strong></span> <span class='ocrx_word' id='word_1_506' title='bbox 1244 3543 1296 3607; x_wconf 89' lang='lat' dir='ltr'><strong><em>dis</em></strong></span> <span class='ocrx_word' id='word_1_507' title='bbox 1317 3542 1457 3607; x_wconf 83' lang='lat' dir='ltr'><strong><em>ecclesiis.</em></strong></span> <span class='ocrx_word' id='word_1_508' title='bbox 1503 3542 1596 3606; x_wconf 88' lang='lat' dir='ltr'><strong><em>Nibil</em></strong></span> <span class='ocrx_word' id='word_1_509' title='bbox 1623 3564 1692 3626; x_wconf 83' lang='lat' dir='ltr'><strong><em>erqo</em></strong></span> <span class='ocrx_word' id='word_1_510' title='bbox 1717 3546 1855 3624; x_wconf 87' lang='lat' dir='ltr'><strong><em>episcopo</em></strong></span> <span class='ocrx_word' id='word_1_511' title='bbox 1881 3545 1916 3608; x_wconf 92' lang='lat' dir='ltr'><strong><em>in</em></strong></span> <span class='ocrx_word' id='word_1_512' title='bbox 1942 3564 2037 3608; x_wconf 90' lang='lat' dir='ltr'><strong><em>suum</em></strong></span> <span class='ocrx_word' id='word_1_513' title='bbox 2058 3563 2152 3607; x_wconf 90' lang='lat' dir='ltr'><strong><em>usum</em></strong></span> <span class='ocrx_word' id='word_1_514' title='bbox 2168 3563 2224 3608; x_wconf 87' lang='lat' dir='ltr'><strong><em>oa·</em></strong></span> 
     </span>
     <span class='ocr_line' id='line_1_39' title="bbox 215 3627 2223 3713; baseline 0 -21"><span class='ocrx_word' id='word_1_515' title='bbox 215 3627 456 3692; x_wconf 86' lang='lat' dir='ltr'><strong><em>desiasticorum</em></strong></span> <span class='ocrx_word' id='word_1_516' title='bbox 476 3649 557 3693; x_wconf 88' lang='lat' dir='ltr'><strong><em>usus</em></strong></span> <span class='ocrx_word' id='word_1_517' title='bbox 576 3630 685 3711; x_wconf 77' lang='lat' dir='ltr'><strong><em>fuerit,</em></strong></span> <span class='ocrx_word' id='word_1_518' title='bbox 707 3634 735 3692; x_wconf 89' lang='lat' dir='ltr'><strong><em>et</em></strong></span> <span class='ocrx_word' id='word_1_519' title='bbox 755 3630 860 3710; x_wconf 87' lang='lat' dir='ltr'><strong><em>qualis</em></strong></span> <span class='ocrx_word' id='word_1_520' title='bbox 881 3631 1077 3711; x_wconf 81' lang='lat' dir='ltr'><strong><em>dispensatio.</em></strong></span> <span class='ocrx_word' id='word_1_521' title='bbox 1113 3628 1193 3693; x_wconf 84' lang='lat' dir='ltr'><strong><em>Pas·</em></strong></span> <span class='ocrx_word' id='word_1_522' title='bbox 1239 3650 1315 3709; x_wconf 92' lang='lat' dir='ltr'><strong><em>pere</em></strong></span> <span class='ocrx_word' id='word_1_523' title='bbox 1336 3629 1436 3708; x_wconf 86' lang='lat' dir='ltr'><strong><em>licuit,</em></strong></span> <span class='ocrx_word' id='word_1_524' title='bbox 1465 3630 1530 3693; x_wconf 90' lang='lat' dir='ltr'><strong><em>nisi</em></strong></span> <span class='ocrx_word' id='word_1_525' title='bbox 1551 3629 1632 3709; x_wconf 89' lang='lat' dir='ltr'><strong><em>quod</em></strong></span> <span class='ocrx_word' id='word_1_526' title='bbox 1653 3630 1696 3694; x_wconf 90' lang='lat' dir='ltr'><strong><em>ad</em></strong></span> <span class='ocrx_word' id='word_1_527' title='bbox 1716 3632 1907 3696; x_wconf 90' lang='lat' dir='ltr'><strong><em>moderatum</em></strong></span> <span class='ocrx_word' id='word_1_528' title='bbox 1926 3630 2141 3713; x_wconf 80' lang='lat' dir='ltr'><strong><em>frnqalemque</em></strong></span> <span class='ocrx_word' id='word_1_529' title='bbox 2161 3630 2223 3693; x_wconf 91' lang='lat' dir='ltr'><strong><em>oic-</em></strong></span> 
     </span>
     <span class='ocr_line' id='line_1_40' title="bbox 216 3704 2223 3797; baseline 0.001 -21"><span class='ocrx_word' id='word_1_530' title='bbox 216 3714 278 3776; x_wconf 92' lang='lat' dir='ltr'><strong><em>sim</em></strong></span> <span class='ocrx_word' id='word_1_531' title='bbox 306 3719 372 3775; x_wconf 91' lang='lat' dir='ltr'><strong><em>tum</em></strong></span> <span class='ocrx_word' id='word_1_532' title='bbox 397 3715 432 3777; x_wconf 87' lang='lat' dir='ltr'><strong><em>in</em></strong></span> <span class='ocrx_word' id='word_1_533' title='bbox 458 3716 644 3796; x_wconf 73' lang='lat' dir='ltr'><strong><em>synodorum</em></strong></span> <span class='ocrx_word' id='word_1_534' title='bbox 673 3717 813 3794; x_wconf 87' lang='lat' dir='ltr'><strong><em>decretis,</em></strong></span> <span class='ocrx_word' id='word_1_535' title='bbox 852 3721 919 3780; x_wconf 91' lang='lat' dir='ltr'><strong><em>tum</em></strong></span> <span class='ocrx_word' id='word_1_536' title='bbox 947 3717 1032 3797; x_wconf 88' lang='lat' dir='ltr'><strong><em>apud</em></strong></span> <span class='ocrx_word' id='word_1_537' title='bbox 1062 3720 1193 3780; x_wconf 84' lang='lat' dir='ltr'><strong><em>vetustos</em></strong></span> <span class='ocrx_word' id='word_1_538' title='bbox 1244 3720 1312 3778; x_wconf 92' lang='lat' dir='ltr'><strong><em>tum</em></strong></span> <span class='ocrx_word' id='word_1_539' title='bbox 1334 3734 1370 3778; x_wconf 87' lang='grc'><strong><em>66</em></strong></span> <span class='ocrx_word' id='word_1_540' title='bbox 1396 3716 1538 3779; x_wconf 88' lang='lat' dir='ltr'><strong><em>vestitum</em></strong></span> <span class='ocrx_word' id='word_1_541' title='bbox 1560 3715 1639 3778; x_wconf 86' lang='lat' dir='ltr'><strong><em>satis</em></strong></span> <span class='ocrx_word' id='word_1_542' title='bbox 1659 3720 1743 3780; x_wconf 88' lang='lat' dir='ltr'><strong><em>esset.</em></strong></span> <span class='ocrx_word' id='word_1_543' title='bbox 1791 3704 1879 3796; x_wconf 69' lang='lat' dir='ltr'><strong><em>Quod</em></strong></span> <span class='ocrx_word' id='word_1_544' title='bbox 1900 3716 1931 3780; x_wconf 86' lang='lat' dir='ltr'><strong><em>si</em></strong></span> <span class='ocrx_word' id='word_1_545' title='bbox 1952 3717 2024 3797; x_wconf 90' lang='lat' dir='ltr'><strong><em>quis</em></strong></span> <span class='ocrx_word' id='word_1_546' title='bbox 2045 3716 2223 3780; x_wconf 86' lang='lat' dir='ltr'><strong><em>insolescere</em></strong></span> 
     </span>
     <span class='ocr_line' id='line_1_41' title="bbox 195 3799 2223 3884; baseline 0.002 -23"><span class='ocrx_word' id='word_1_547' title='bbox 195 3799 378 3878; x_wconf 88' lang='lat' dir='ltr'><strong><em>scriptores</em></strong></span> <span class='ocrx_word' id='word_1_548' title='bbox 405 3803 559 3881; x_wconf 88' lang='lat' dir='ltr'><strong><em>reperias,</em></strong></span> <span class='ocrx_word' id='word_1_549' title='bbox 594 3802 748 3884; x_wconf 86' lang='lat' dir='ltr'><strong><em>quidquid</em></strong></span> <span class='ocrx_word' id='word_1_550' title='bbox 769 3802 908 3883; x_wconf 80' lang='lat' dir='ltr'><strong><em>possidet</em></strong></span> <span class='ocrx_word' id='word_1_551' title='bbox 935 3802 1060 3866; x_wconf 79' lang='lat' dir='ltr'><strong><em>entesia</em></strong></span> <span class='ocrx_word' id='word_1_552' title='bbox 1086 3801 1133 3866; x_wconf 89' lang='lat' dir='ltr'><strong><em>oet</em></strong></span> <span class='ocrx_word' id='word_1_553' title='bbox 1158 3802 1193 3865; x_wconf 90' lang='lat' dir='ltr'><strong><em>in</em></strong></span> <span class='ocrx_word' id='word_1_554' title='bbox 1244 3801 1396 3881; x_wconf 86' lang='lat' dir='ltr'><strong><em>coepisset,</em></strong></span> <span class='ocrx_word' id='word_1_555' title='bbox 1419 3801 1465 3865; x_wconf 91' lang='lat' dir='ltr'><strong><em>oet</em></strong></span> <span class='ocrx_word' id='word_1_556' title='bbox 1485 3802 1571 3878; x_wconf 82' lang='lat' dir='ltr'><strong><em>tuan,</em></strong></span> <span class='ocrx_word' id='word_1_557' title='bbox 1594 3800 1641 3865; x_wconf 89' lang='lat' dir='ltr'><strong><em>oel</em></strong></span> <span class='ocrx_word' id='word_1_558' title='bbox 1661 3803 1856 3867; x_wconf 86' lang='lat' dir='ltr'><strong><em>ostentatione</em></strong></span> <span class='ocrx_word' id='word_1_559' title='bbox 1878 3822 1915 3866; x_wconf 91' lang='lat' dir='ltr'><strong><em>ao</em></strong></span> <span class='ocrx_word' id='word_1_560' title='bbox 1930 3823 2055 3883; x_wconf 90' lang='lat' dir='ltr'><strong><em>pompa,</em></strong></span> <span class='ocrx_word' id='word_1_561' title='bbox 2077 3803 2183 3867; x_wconf 84' lang='lat' dir='ltr'><strong><em>statim</em></strong></span> <span class='ocrx_word' id='word_1_562' title='bbox 2201 3823 2223 3865; x_wconf 88' lang='lat' dir='ltr'><strong><em>a</em></strong></span> 
     </span>
     <span class='ocr_line' id='line_1_42' title="bbox 213 3884 2224 3970; baseline 0.003 -24"><span class='ocrx_word' id='word_1_563' title='bbox 213 3884 341 3965; x_wconf 77' lang='lat' dir='ltr'><strong><em>fundis,</em></strong></span> <span class='ocrx_word' id='word_1_564' title='bbox 369 3886 416 3947; x_wconf 87' lang='lat' dir='ltr'><strong><em>cel</em></strong></span> <span class='ocrx_word' id='word_1_565' title='bbox 436 3887 471 3948; x_wconf 90' lang='lat' dir='ltr'><strong><em>iu</em></strong></span> <span class='ocrx_word' id='word_1_566' title='bbox 492 3889 644 3967; x_wconf 91' lang='lat' dir='ltr'><strong><em>pecunia,</em></strong></span> <span class='ocrx_word' id='word_1_567' title='bbox 669 3909 848 3969; x_wconf 90' lang='lat' dir='ltr'><strong><em>pauperum</em></strong></span> <span class='ocrx_word' id='word_1_568' title='bbox 868 3909 933 3953; x_wconf 90' lang='lat' dir='ltr'><strong><em>esse</em></strong></span> <span class='ocrx_word' id='word_1_569' title='bbox 956 3887 1191 3970; x_wconf 89' lang='lat' dir='ltr'><strong><em>patrimonium.</em></strong></span> <span class='ocrx_word' id='word_1_570' title='bbox 1244 3887 1365 3969; x_wconf 83' lang='lat' dir='ltr'><strong><em>cotleqis</em></strong></span> <span class='ocrx_word' id='word_1_571' title='bbox 1392 3887 1615 3968; x_wconf 86' lang='lat' dir='ltr'><strong><em>reprimebatur</em></strong></span> <span class='ocrx_word' id='word_1_572' title='bbox 1621 3910 1632 3966; x_wconf 90' lang='lat'><em>;</em></span> <span class='ocrx_word' id='word_1_573' title='bbox 1663 3888 1728 3952; x_wconf 89' lang='lat' dir='ltr'><strong><em>nisi</em></strong></span> <span class='ocrx_word' id='word_1_574' title='bbox 1755 3889 1933 3968; x_wconf 87' lang='lat' dir='ltr'><strong><em>paruisset,</em></strong></span> <span class='ocrx_word' id='word_1_575' title='bbox 1959 3887 2071 3953; x_wconf 82' lang='lat' dir='ltr'><strong><em>bonore</em></strong></span> <span class='ocrx_word' id='word_1_576' title='bbox 2097 3888 2224 3952; x_wconf 83' lang='lat' dir='ltr'><strong><em>abdica·</em></strong></span> 
     </span>
     <span class='ocr_line' id='line_1_43' title="bbox 218 3968 1342 4056; baseline 0.003 -25"><span class='ocrx_word' id='word_1_577' title='bbox 218 3968 329 4050; x_wconf 90' lang='lat' dir='ltr'><strong><em>Itaque</em></strong></span> <span class='ocrx_word' id='word_1_578' title='bbox 357 3970 486 4035; x_wconf 86' lang='lat' dir='ltr'><strong><em>subinde</em></strong></span> <span class='ocrx_word' id='word_1_579' title='bbox 507 3973 572 4036; x_wconf 87' lang='lat' dir='ltr'><strong><em>illic</em></strong></span> <span class='ocrx_word' id='word_1_580' title='bbox 599 3973 672 4036; x_wconf 80' lang='lat' dir='ltr'><strong><em>liaeo</em></strong></span> <span class='ocrx_word' id='word_1_581' title='bbox 693 3974 845 4037; x_wconf 86' lang='lat' dir='ltr'><strong><em>cantilena</em></strong></span> <span class='ocrx_word' id='word_1_582' title='bbox 872 3975 1024 4056; x_wconf 88' lang='lat' dir='ltr'><strong><em>episcopis</em></strong></span> <span class='ocrx_word' id='word_1_583' title='bbox 1045 3979 1073 4038; x_wconf 91' lang='grc'><strong><em>66</em></strong></span> <span class='ocrx_word' id='word_1_584' title='bbox 1092 3974 1193 4038; x_wconf 78' lang='grc'><em>666666-</em></span> <span class='ocrx_word' id='word_1_585' title='bbox 1244 3974 1342 4037; x_wconf 87' lang='lat' dir='ltr'><strong><em>batur.</em></strong></span> 
     </span>
     <span class='ocr_line' id='line_1_44' title="bbox 215 4055 2222 4142; baseline 0.001 -23"><span class='ocrx_word' id='word_1_586' title='bbox 215 4055 268 4119; x_wconf 88' lang='lat' dir='ltr'><strong><em>nis</em></strong></span> <span class='ocrx_word' id='word_1_587' title='bbox 289 4055 424 4133; x_wconf 90' lang='lat' dir='ltr'><strong><em>canitur,</em></strong></span> <span class='ocrx_word' id='word_1_588' title='bbox 452 4062 486 4119; x_wconf 92' lang='grc'><strong><em>66</em></strong></span> <span class='ocrx_word' id='word_1_589' title='bbox 512 4059 704 4122; x_wconf 89' lang='lat' dir='ltr'><strong><em>meminerint</em></strong></span> <span class='ocrx_word' id='word_1_590' title='bbox 728 4079 761 4123; x_wconf 92' lang='lat' dir='ltr'><strong><em>se</em></strong></span> <span class='ocrx_word' id='word_1_591' title='bbox 781 4080 842 4123; x_wconf 92' lang='lat' dir='ltr'><strong><em>non</em></strong></span> <span class='ocrx_word' id='word_1_592' title='bbox 856 4061 1009 4142; x_wconf 82' lang='lat' dir='ltr'><strong><em>proprias</em></strong></span> <span class='ocrx_word' id='word_1_593' title='bbox 1030 4081 1115 4141; x_wconf 87' lang='lat' dir='ltr'><strong><em>opes,</em></strong></span> <span class='ocrx_word' id='word_1_594' title='bbox 1139 4060 1194 4123; x_wconf 87' lang='lat' dir='ltr'><strong><em>sed</em></strong></span> <span class='ocrx_word' id='word_1_595' title='bbox 1332 4062 1381 4122; x_wconf 85' lang='lat'><strong><em>58.</em></strong></span> <span class='ocrx_word' id='word_1_596' title='bbox 1429 4057 1541 4137; x_wconf 90' lang='lat' dir='ltr'><strong><em>Porro,</em></strong></span> <span class='ocrx_word' id='word_1_597' title='bbox 1568 4059 1650 4140; x_wconf 90' lang='lat' dir='ltr'><strong><em>quod</em></strong></span> <span class='ocrx_word' id='word_1_598' title='bbox 1676 4061 1710 4123; x_wconf 91' lang='lat' dir='ltr'><strong><em>in</em></strong></span> <span class='ocrx_word' id='word_1_599' title='bbox 1738 4065 1881 4124; x_wconf 78' lang='grc'><em>66666666</em></span> <span class='ocrx_word' id='word_1_600' title='bbox 1903 4079 2063 4123; x_wconf 84' lang='lat' dir='ltr'><strong><em>sacrorum</em></strong></span> <span class='ocrx_word' id='word_1_601' title='bbox 2090 4058 2222 4141; x_wconf 85' lang='lat' dir='ltr'><strong><em>confero-</em></strong></span> 
     </span>
     <span class='ocr_line' id='line_1_45' title="bbox 209 4144 2223 4232; baseline 0.001 -28"><span class='ocrx_word' id='word_1_602' title='bbox 209 4161 390 4222; x_wconf 87' lang='lat' dir='ltr'><strong><em>pauperum</em></strong></span> <span class='ocrx_word' id='word_1_603' title='bbox 420 4144 592 4207; x_wconf 89' lang='lat' dir='ltr'><strong><em>necessitati</em></strong></span> <span class='ocrx_word' id='word_1_604' title='bbox 628 4145 799 4209; x_wconf 76' lang='lat' dir='ltr'><strong><em>dedinatas</em></strong></span> <span class='ocrx_word' id='word_1_605' title='bbox 838 4150 1013 4210; x_wconf 91' lang='lat' dir='ltr'><strong><em>attrectare:</em></strong></span> <span class='ocrx_word' id='word_1_606' title='bbox 1050 4166 1130 4227; x_wconf 88' lang='lat' dir='ltr'><strong><em>quas</em></strong></span> <span class='ocrx_word' id='word_1_607' title='bbox 1163 4145 1192 4207; x_wconf 88' lang='lat' dir='ltr'><strong><em>si</em></strong></span> <span class='ocrx_word' id='word_1_608' title='bbox 1244 4144 1325 4223; x_wconf 88' lang='lat' dir='ltr'><strong><em>bant,</em></strong></span> <span class='ocrx_word' id='word_1_609' title='bbox 1344 4164 1496 4225; x_wconf 84' lang='lat' dir='ltr'><strong><em>perquam</em></strong></span> <span class='ocrx_word' id='word_1_610' title='bbox 1513 4146 1659 4232; x_wconf 81' lang='lat' dir='ltr'><strong><em>cniqurcm</em></strong></span> <span class='ocrx_word' id='word_1_611' title='bbox 1673 4146 1781 4227; x_wconf 91' lang='lat' dir='ltr'><strong><em>primo</em></strong></span> <span class='ocrx_word' id='word_1_612' title='bbox 1796 4151 1879 4224; x_wconf 89' lang='lat' dir='ltr'><strong><em>erat;</em></strong></span> <span class='ocrx_word' id='word_1_613' title='bbox 1901 4145 2009 4212; x_wconf 72' lang='lat' dir='ltr'><strong><em>dante</em></strong></span> <span class='ocrx_word' id='word_1_614' title='bbox 2025 4165 2122 4226; x_wconf 88' lang='lat' dir='ltr'><strong><em>quum</em></strong></span> <span class='ocrx_word' id='word_1_615' title='bbox 2137 4164 2223 4227; x_wconf 90' lang='lat' dir='ltr'><strong><em>pou-</em></strong></span> 
     </span>
     <span class='ocr_line' id='line_1_46' title="bbox 215 4227 2223 4316; baseline 0.001 -27"><span class='ocrx_word' id='word_1_616' title='bbox 215 4228 302 4290; x_wconf 91' lang='lat' dir='ltr'><strong><em>mala</em></strong></span> <span class='ocrx_word' id='word_1_617' title='bbox 326 4227 387 4308; x_wconf 76' lang='lat' dir='ltr'><strong><em>fide</em></strong></span> <span class='ocrx_word' id='word_1_618' title='bbox 418 4231 617 4309; x_wconf 87' lang='lat' dir='ltr'><strong><em>supprimant</em></strong></span> <span class='ocrx_word' id='word_1_619' title='bbox 648 4236 704 4293; x_wconf 92' lang='lat' dir='ltr'><strong><em>aut</em></strong></span> <span class='ocrx_word' id='word_1_620' title='bbox 734 4231 918 4312; x_wconf 87' lang='lat' dir='ltr'><strong><em>dilapident,</em></strong></span> <span class='ocrx_word' id='word_1_621' title='bbox 951 4233 997 4296; x_wconf 90' lang='lat' dir='ltr'><strong><em>rei</em></strong></span> <span class='ocrx_word' id='word_1_622' title='bbox 1028 4231 1193 4313; x_wconf 85' lang='lat' dir='ltr'><strong><em>sa-nqninis</em></strong></span> <span class='ocrx_word' id='word_1_623' title='bbox 1245 4231 1389 4294; x_wconf 88' lang='lat' dir='ltr'><strong><em>toditior</em></strong></span> <span class='ocrx_word' id='word_1_624' title='bbox 1408 4230 1534 4316; x_wconf 84' lang='lat' dir='ltr'><strong><em>ecclesio</em></strong></span> <span class='ocrx_word' id='word_1_625' title='bbox 1553 4233 1637 4312; x_wconf 76' lang='lat' dir='ltr'><strong><em>facto</em></strong></span> <span class='ocrx_word' id='word_1_626' title='bbox 1658 4236 1743 4310; x_wconf 89' lang='grc'><em>63366,</em></span> <span class='ocrx_word' id='word_1_627' title='bbox 1765 4236 1930 4296; x_wconf 82' lang='lat' dir='ltr'><strong><em>servarunt</em></strong></span> <span class='ocrx_word' id='word_1_628' title='bbox 1950 4236 2052 4296; x_wconf 83' lang='grc'><em>666666</em></span> <span class='ocrx_word' id='word_1_629' title='bbox 2073 4251 2110 4294; x_wconf 88' lang='lat' dir='ltr'><strong><em>oa</em></strong></span> <span class='ocrx_word' id='word_1_630' title='bbox 2131 4231 2165 4293; x_wconf 90' lang='lat' dir='ltr'><strong><em>iu</em></strong></span> <span class='ocrx_word' id='word_1_631' title='bbox 2187 4250 2223 4293; x_wconf 93' lang='lat' dir='ltr'><strong><em>re</em></strong></span> 
     </span>
     <span class='ocr_line' id='line_1_47' title="bbox 214 4313 2224 4400; baseline 0.001 -24"><span class='ocrx_word' id='word_1_632' title='bbox 214 4313 318 4395; x_wconf 77' lang='lat' dir='ltr'><strong><em>futuri</em></strong></span> <span class='ocrx_word' id='word_1_633' title='bbox 344 4314 415 4376; x_wconf 91' lang='lat' dir='ltr'><strong><em>sint.</em></strong></span> <span class='ocrx_word' id='word_1_634' title='bbox 443 4315 447 4327; x_wconf 82' lang='grc'><em>’</em></span> <span class='ocrx_word' id='word_1_635' title='bbox 473 4314 559 4378; x_wconf 83' lang='lat' dir='ltr'><strong><em>Unde</em></strong></span> <span class='ocrx_word' id='word_1_636' title='bbox 586 4316 787 4380; x_wconf 88' lang='lat' dir='ltr'><strong><em>admonentur</em></strong></span> <span class='ocrx_word' id='word_1_637' title='bbox 816 4337 886 4380; x_wconf 89' lang='lat' dir='ltr'><strong><em>cum</em></strong></span> <span class='ocrx_word' id='word_1_638' title='bbox 912 4338 1032 4381; x_wconf 88' lang='lat' dir='ltr'><strong><em>summo</em></strong></span> <span class='ocrx_word' id='word_1_639' title='bbox 1065 4322 1194 4380; x_wconf 90' lang='lat' dir='ltr'><strong><em>tremore</em></strong></span> <span class='ocrx_word' id='word_1_640' title='bbox 1244 4317 1489 4381; x_wconf 88' lang='lat' dir='ltr'><strong><em>mediocritatem.</em></strong></span> <span class='ocrx_word' id='word_1_641' title='bbox 1534 4316 1578 4379; x_wconf 83' lang='lat' dir='ltr'><strong><em>Et</em></strong></span> <span class='ocrx_word' id='word_1_642' title='bbox 1605 4323 1708 4382; x_wconf 90' lang='lat' dir='ltr'><strong><em>tamen</em></strong></span> <span class='ocrx_word' id='word_1_643' title='bbox 1729 4318 1882 4398; x_wconf 89' lang='lat' dir='ltr'><strong><em>quidquid</em></strong></span> <span class='ocrx_word' id='word_1_644' title='bbox 1906 4318 2058 4400; x_wconf 80' lang='lat' dir='ltr'><strong><em>pecurnae</em></strong></span> <span class='ocrx_word' id='word_1_645' title='bbox 2079 4315 2224 4380; x_wconf 84' lang='lat' dir='ltr'><strong><em>illiceat</em></strong></span> 
     </span>
     <span class='ocr_line' id='line_1_48' title="bbox 215 4400 2227 4485; baseline 0.002 -24"><span class='ocrx_word' id='word_1_646' title='bbox 215 4400 441 4479; x_wconf 87' lang='lat' dir='ltr'><strong><em>etreoerentia,</em></strong></span> <span class='ocrx_word' id='word_1_647' title='bbox 463 4400 545 4464; x_wconf 88' lang='lat' dir='ltr'><strong><em>vetut</em></strong></span> <span class='ocrx_word' id='word_1_648' title='bbox 565 4401 599 4462; x_wconf 89' lang='lat' dir='ltr'><strong><em>in</em></strong></span> <span class='ocrx_word' id='word_1_649' title='bbox 621 4408 778 4482; x_wconf 89' lang='lat' dir='ltr'><strong><em>conspectu</em></strong></span> <span class='ocrx_word' id='word_1_650' title='bbox 800 4403 878 4480; x_wconf 88' lang='lat' dir='ltr'><strong><em>Dei,</em></strong></span> <span class='ocrx_word' id='word_1_651' title='bbox 900 4405 969 4467; x_wconf 90' lang='lat' dir='ltr'><strong><em>sine</em></strong></span> <span class='ocrx_word' id='word_1_652' title='bbox 984 4422 1194 4482; x_wconf 90' lang='lat' dir='ltr'><strong><em>personarum</em></strong></span> <span class='ocrx_word' id='word_1_653' title='bbox 1244 4403 1415 4482; x_wconf 89' lang='lat' dir='ltr'><strong><em>locabatur,</em></strong></span> <span class='ocrx_word' id='word_1_654' title='bbox 1443 4402 1564 4466; x_wconf 85' lang='lat' dir='ltr'><strong><em>solcum</em></strong></span> <span class='ocrx_word' id='word_1_655' title='bbox 1587 4403 1782 4485; x_wconf 88' lang='lat' dir='ltr'><strong><em>pauperibus</em></strong></span> <span class='ocrx_word' id='word_1_656' title='bbox 1808 4404 1963 4483; x_wconf 89' lang='lat' dir='ltr'><strong><em>manebat,</em></strong></span> <span class='ocrx_word' id='word_1_657' title='bbox 1985 4405 2016 4468; x_wconf 86' lang='lat' dir='ltr'><strong><em>si</em></strong></span> <span class='ocrx_word' id='word_1_658' title='bbox 2037 4423 2098 4484; x_wconf 89' lang='lat' dir='ltr'><strong><em>quo</em></strong></span> <span class='ocrx_word' id='word_1_659' title='bbox 2113 4403 2227 4466; x_wconf 64' lang='lat' dir='ltr'><strong><em>‘maior</em></strong></span> 
     </span>
     <span class='ocr_line' id='line_1_49' title="bbox 215 4485 2223 4571; baseline 0.002 -23"><span class='ocrx_word' id='word_1_660' title='bbox 215 4485 397 4567; x_wconf 89' lang='lat' dir='ltr'><strong><em>acceptione,</em></strong></span> <span class='ocrx_word' id='word_1_661' title='bbox 427 4506 480 4550; x_wconf 91' lang='grc'><strong><em>663</em></strong></span> <span class='ocrx_word' id='word_1_662' title='bbox 507 4485 691 4551; x_wconf 87' lang='lat' dir='ltr'><strong><em>distribuere</em></strong></span> <span class='ocrx_word' id='word_1_663' title='bbox 717 4488 829 4568; x_wconf 86' lang='lat' dir='ltr'><strong><em>quibus</em></strong></span> <span class='ocrx_word' id='word_1_664' title='bbox 855 4488 1009 4553; x_wconf 90' lang='lat' dir='ltr'><strong><em>debentur.</em></strong></span> <span class='ocrx_word' id='word_1_665' title='bbox 1061 4488 1146 4552; x_wconf 85' lang='lat' dir='ltr'><strong><em>Hine</em></strong></span> <span class='ocrx_word' id='word_1_666' title='bbox 1167 4493 1195 4551; x_wconf 90' lang='lat' dir='ltr'><strong><em>et</em></strong></span> <span class='ocrx_word' id='word_1_667' title='bbox 1244 4491 1408 4554; x_wconf 87' lang='lat' dir='ltr'><strong><em>necessitas</em></strong></span> <span class='ocrx_word' id='word_1_668' title='bbox 1428 4489 1594 4554; x_wconf 88' lang='lat' dir='ltr'><strong><em>incidisset.</em></strong></span> <span class='ocrx_word' id='word_1_669' title='bbox 1622 4489 1677 4553; x_wconf 90' lang='lat' dir='ltr'><strong><em>Ita</em></strong></span> <span class='ocrx_word' id='word_1_670' title='bbox 1702 4487 1848 4571; x_wconf 75' lang='lat' dir='ltr'><strong><em>(tyrillus,</em></strong></span> <span class='ocrx_word' id='word_1_671' title='bbox 1871 4511 1967 4571; x_wconf 89' lang='lat' dir='ltr'><strong><em>quum</em></strong></span> <span class='ocrx_word' id='word_1_672' title='bbox 1981 4491 2088 4571; x_wconf 70' lang='lat' dir='ltr'><strong><em>fanus</em></strong></span> <span class='ocrx_word' id='word_1_673' title='bbox 2110 4487 2223 4552; x_wconf 82' lang='lat' dir='ltr'><strong><em>Hiero</em></strong></span> 
     </span>
    </p>
   </div>
   <div class='ocr_carea' id='block_1_9' title="bbox 214 4569 2336 4658">
    <p class='ocr_par' dir='ltr' id='par_1_9' title="bbox 214 4569 2336 4658">
     <span class='ocr_line' id='line_1_50' title="bbox 214 4569 2336 4658; baseline 0.003 -24"><span class='ocrx_word' id='word_1_674' title='bbox 214 4569 288 4634; x_wconf 86' lang='lat' dir='ltr'><strong><em>ittae</em></strong></span> <span class='ocrx_word' id='word_1_675' title='bbox 315 4571 401 4652; x_wconf 89' lang='lat' dir='ltr'><strong><em>apud</em></strong></span> <span class='ocrx_word' id='word_1_676' title='bbox 431 4570 696 4655; x_wconf 81' lang='lat' dir='ltr'><strong><em>Obrqsostomnm,</em></strong></span> <span class='ocrx_word' id='word_1_677' title='bbox 727 4571 943 4651; x_wconf 87' lang='lat' dir='ltr'><strong><em>Ambrosium,</em></strong></span> <span class='ocrx_word' id='word_1_678' title='bbox 968 4573 1192 4655; x_wconf 82' lang='lat' dir='ltr'><strong><em>Auqustinum,</em></strong></span> <span class='ocrx_word' id='word_1_679' title='bbox 1245 4575 1430 4657; x_wconf 69' lang='lat' dir='ltr'><strong><em>solymorum</em></strong></span> <span class='ocrx_word' id='word_1_680' title='bbox 1446 4575 1642 4656; x_wconf 77' lang='lat' dir='ltr'><strong><em>prmrinciam</em></strong></span> <span class='ocrx_word' id='word_1_681' title='bbox 1661 4580 1844 4656; x_wconf 87' lang='lat' dir='ltr'><strong><em>occupasset,</em></strong></span> <span class='ocrx_word' id='word_1_682' title='bbox 1866 4597 1920 4640; x_wconf 92' lang='lat' dir='ltr'><strong><em>nec</em></strong></span> <span class='ocrx_word' id='word_1_683' title='bbox 1935 4579 2041 4658; x_wconf 89' lang='lat' dir='ltr'><strong><em>posset</em></strong></span> <span class='ocrx_word' id='word_1_684' title='bbox 2054 4575 2223 4643; x_wconf 76' lang='grc'><em>666666666-</em></span> <span class='ocrx_word' id='word_1_685' title='bbox 2332 4637 2336 4640; x_wconf 82' lang='grc'>.</span> 
     </span>
    </p>
   </div>
   <div class='ocr_carea' id='block_1_10' title="bbox 215 4656 2225 5081">
    <p class='ocr_par' dir='ltr' id='par_1_10' title="bbox 215 4656 2225 5081">
     <span class='ocr_line' id='line_1_51' title="bbox 215 4656 2223 4742; baseline 0.001 -22"><span class='ocrx_word' id='word_1_686' title='bbox 215 4656 343 4720; x_wconf 91' lang='lat' dir='ltr'><strong><em>etalios</em></strong></span> <span class='ocrx_word' id='word_1_687' title='bbox 364 4657 484 4722; x_wconf 90' lang='lat' dir='ltr'><strong><em>similes</em></strong></span> <span class='ocrx_word' id='word_1_688' title='bbox 505 4659 673 4739; x_wconf 88' lang='lat' dir='ltr'><strong><em>episcopos,</em></strong></span> <span class='ocrx_word' id='word_1_689' title='bbox 698 4679 810 4740; x_wconf 84' lang='lat' dir='ltr'><strong><em>qraoes</em></strong></span> <span class='ocrx_word' id='word_1_690' title='bbox 829 4659 1052 4737; x_wconf 85' lang='lat' dir='ltr'><strong><em>obtestationes,</em></strong></span> <span class='ocrx_word' id='word_1_691' title='bbox 1074 4660 1194 4740; x_wconf 55' lang='lat' dir='ltr'><strong><em>¹quibus</em></strong></span> <span class='ocrx_word' id='word_1_692' title='bbox 1239 4661 1317 4742; x_wconf 87' lang='lat' dir='ltr'><strong><em>piae</em></strong></span> <span class='ocrx_word' id='word_1_693' title='bbox 1344 4660 1515 4741; x_wconf 85' lang='lat' dir='ltr'><strong><em>subueniri,</em></strong></span> <span class='ocrx_word' id='word_1_694' title='bbox 1537 4682 1614 4726; x_wconf 88' lang='lat' dir='ltr'><strong><em>casa</em></strong></span> <span class='ocrx_word' id='word_1_695' title='bbox 1637 4658 1666 4726; x_wconf 80' lang='grc'><strong><em>66</em></strong></span> <span class='ocrx_word' id='word_1_696' title='bbox 1686 4666 1781 4725; x_wconf 83' lang='grc'><em>663663</em></span> <span class='ocrx_word' id='word_1_697' title='bbox 1802 4662 1965 4740; x_wconf 82' lang='lat' dir='ltr'><strong><em>distraeit,</em></strong></span> <span class='ocrx_word' id='word_1_698' title='bbox 1994 4681 2030 4726; x_wconf 92' lang='lat' dir='ltr'><strong><em>ac</em></strong></span> <span class='ocrx_word' id='word_1_699' title='bbox 2051 4659 2223 4741; x_wconf 86' lang='lat' dir='ltr'><strong><em>insumpsit</em></strong></span> 
     </span>
     <span class='ocr_line' id='line_1_52' title="bbox 218 4742 2224 4833; baseline 0.001 -28"><span class='ocrx_word' id='word_1_700' title='bbox 218 4760 311 4805; x_wconf 89' lang='lat' dir='ltr'><strong><em>suam</em></strong></span> <span class='ocrx_word' id='word_1_701' title='bbox 337 4742 539 4825; x_wconf 82' lang='lat' dir='ltr'><strong><em>inteqritatem</em></strong></span> <span class='ocrx_word' id='word_1_702' title='bbox 568 4745 654 4825; x_wconf 85' lang='lat' dir='ltr'><strong><em>opud</em></strong></span> <span class='ocrx_word' id='word_1_703' title='bbox 674 4744 829 4826; x_wconf 89' lang='lat' dir='ltr'><strong><em>populum</em></strong></span> <span class='ocrx_word' id='word_1_704' title='bbox 858 4751 1041 4810; x_wconf 86' lang='lat' dir='ltr'><strong><em>asseverant.</em></strong></span> <span class='ocrx_word' id='word_1_705' title='bbox 1091 4747 1194 4827; x_wconf 77' lang='lat' dir='ltr'><strong><em>Quum</em></strong></span> <span class='ocrx_word' id='word_1_706' title='bbox 1245 4748 1280 4810; x_wconf 92' lang='lat' dir='ltr'><strong><em>in</em></strong></span> <span class='ocrx_word' id='word_1_707' title='bbox 1295 4767 1474 4828; x_wconf 86' lang='lat' dir='ltr'><strong><em>pauperum</em></strong></span> <span class='ocrx_word' id='word_1_708' title='bbox 1495 4747 1688 4813; x_wconf 80' lang='lat' dir='ltr'><strong><em>aliquantam.</em></strong></span> <span class='ocrx_word' id='word_1_709' title='bbox 1697 4746 1727 4833; x_wconf 88' lang='lat'><strong><em>⁴)</em></strong></span> <span class='ocrx_word' id='word_1_710' title='bbox 1764 4746 1919 4815; x_wconf 83' lang='lat' dir='ltr'><strong><em>Similiter</em></strong></span> <span class='ocrx_word' id='word_1_711' title='bbox 1936 4747 2093 4812; x_wconf 58' lang='grc' dir='ltr'><strong><em>64666663ὁ</em></strong></span> <span class='ocrx_word' id='word_1_712' title='bbox 2129 4745 2224 4811; x_wconf 87' lang='lat' dir='ltr'><strong><em>Ami-</em></strong></span> 
     </span>
     <span class='ocr_line' id='line_1_53' title="bbox 219 4830 2224 4917; baseline 0.002 -26"><span class='ocrx_word' id='word_1_713' title='bbox 219 4831 322 4891; x_wconf 89' lang='lat' dir='ltr'><strong><em>autem</em></strong></span> <span class='ocrx_word' id='word_1_714' title='bbox 343 4849 475 4908; x_wconf 81' lang='lat' dir='ltr'><strong><em>acqurom</em></strong></span> <span class='ocrx_word' id='word_1_715' title='bbox 497 4831 552 4909; x_wconf 89' lang='lat' dir='ltr'><strong><em>sit,</em></strong></span> <span class='ocrx_word' id='word_1_716' title='bbox 573 4835 601 4894; x_wconf 89' lang='lat' dir='ltr'><strong><em>et</em></strong></span> <span class='ocrx_word' id='word_1_717' title='bbox 622 4830 753 4895; x_wconf 88' lang='lat' dir='ltr'><strong><em>Domini</em></strong></span> <span class='ocrx_word' id='word_1_718' title='bbox 775 4833 868 4896; x_wconf 81' lang='lat' dir='ltr'><strong><em>etnam</em></strong></span> <span class='ocrx_word' id='word_1_719' title='bbox 889 4831 951 4914; x_wconf 82' lang='lat' dir='ltr'><strong><em>leqo</em></strong></span> <span class='ocrx_word' id='word_1_720' title='bbox 970 4833 1138 4908; x_wconf 90' lang='lat' dir='ltr'><strong><em>sancitum,</em></strong></span> <span class='ocrx_word' id='word_1_721' title='bbox 1160 4837 1196 4895; x_wconf 90' lang='lat' dir='ltr'><strong><em>ut</em></strong></span> <span class='ocrx_word' id='word_1_722' title='bbox 1245 4833 1304 4897; x_wconf 89' lang='lat' dir='ltr'><strong><em>dac</em></strong></span> <span class='ocrx_word' id='word_1_723' title='bbox 1325 4834 1492 4916; x_wconf 68' lang='lat' dir='ltr'><strong><em>episcopus</em></strong></span> <span class='ocrx_word' id='word_1_724' title='bbox 1514 4853 1611 4914; x_wconf 85' lang='lat' dir='ltr'><strong><em>quum</em></strong></span> <span class='ocrx_word' id='word_1_725' title='bbox 1631 4854 1746 4917; x_wconf 83' lang='lat' dir='ltr'><strong><em>maqna</em></strong></span> <span class='ocrx_word' id='word_1_726' title='bbox 1765 4832 1937 4898; x_wconf 90' lang='lat' dir='ltr'><strong><em>Persarum</em></strong></span> <span class='ocrx_word' id='word_1_727' title='bbox 1956 4832 2059 4897; x_wconf 88' lang='lat' dir='ltr'><strong><em>muttit</em></strong></span> <span class='ocrx_word' id='word_1_728' title='bbox 2136 4832 2224 4914; x_wconf 84' lang='lat' dir='ltr'><strong><em>fame</em></strong></span> 
     </span>
     <span class='ocr_line' id='line_1_54' title="bbox 219 4914 2225 5001; baseline 0.003 -26"><span class='ocrx_word' id='word_1_729' title='bbox 219 4914 274 4993; x_wconf 89' lang='lat' dir='ltr'><strong><em>qui</em></strong></span> <span class='ocrx_word' id='word_1_730' title='bbox 302 4934 395 4977; x_wconf 90' lang='lat' dir='ltr'><strong><em>suom</em></strong></span> <span class='ocrx_word' id='word_1_731' title='bbox 422 4916 563 4980; x_wconf 82' lang='lat' dir='ltr'><strong><em>ecclesiae</em></strong></span> <span class='ocrx_word' id='word_1_732' title='bbox 588 4937 714 4997; x_wconf 90' lang='lat' dir='ltr'><strong><em>operam</em></strong></span> <span class='ocrx_word' id='word_1_733' title='bbox 735 4917 929 4999; x_wconf 76' lang='grc'><em>6666666666,</em></span> <span class='ocrx_word' id='word_1_734' title='bbox 951 4918 1088 5001; x_wconf 87' lang='lat' dir='ltr'><strong><em>publicis</em></strong></span> <span class='ocrx_word' id='word_1_735' title='bbox 1108 4918 1194 4983; x_wconf 77' lang='lat' dir='ltr'><strong><em>eccle</em></strong></span> <span class='ocrx_word' id='word_1_736' title='bbox 1239 4919 1462 5000; x_wconf 86' lang='lat' dir='ltr'><strong><em>propemodum</em></strong></span> <span class='ocrx_word' id='word_1_737' title='bbox 1493 4919 1645 4999; x_wconf 71' lang='grc'><em>66666666,</em></span> <span class='ocrx_word' id='word_1_738' title='bbox 1685 4921 1853 4985; x_wconf 85' lang='lat' dir='ltr'><strong><em>convocatis</em></strong></span> <span class='ocrx_word' id='word_1_739' title='bbox 1883 4920 2018 4997; x_wconf 87' lang='lat' dir='ltr'><strong><em>clericis,</em></strong></span> <span class='ocrx_word' id='word_1_740' title='bbox 2055 4924 2084 4984; x_wconf 88' lang='lat' dir='ltr'><strong><em>et</em></strong></span> <span class='ocrx_word' id='word_1_741' title='bbox 2115 4916 2225 4982; x_wconf 86' lang='lat' dir='ltr'><strong><em>tabita</em></strong></span> 
     </span>
     <span class='ocr_line' id='line_1_55' title="bbox 218 4999 2000 5081; baseline 0.008 -20"><span class='ocrx_word' id='word_1_742' title='bbox 218 4999 285 5062; x_wconf 85' lang='lat' dir='ltr'><strong><em>siae</em></strong></span> <span class='ocrx_word' id='word_1_743' title='bbox 311 5001 484 5081; x_wconf 76' lang='grc'><em>3666666663</em></span> <span class='ocrx_word' id='word_1_744' title='bbox 510 5002 650 5080; x_wconf 79' lang='lat' dir='ltr'><strong><em>alamur,</em></strong></span> <span class='ocrx_word' id='word_1_745' title='bbox 680 5004 873 5068; x_wconf 89' lang='lat' dir='ltr'><strong><em>etnonnutli</em></strong></span> <span class='ocrx_word' id='word_1_746' title='bbox 898 5004 991 5069; x_wconf 87' lang='lat' dir='ltr'><strong><em>etiam</em></strong></span> <span class='ocrx_word' id='word_1_747' title='bbox 1017 5025 1050 5070; x_wconf 88' lang='lat' dir='ltr'><strong><em>eo</em></strong></span> <span class='ocrx_word' id='word_1_748' title='bbox 1072 5005 1193 5069; x_wconf 89' lang='lat' dir='ltr'><strong><em>saeculo</em></strong></span> <span class='ocrx_word' id='word_1_749' title='bbox 1997 5024 2000 5033; x_wconf 90' lang='lat'>&#39;</span> 
     </span>
    </p>
   </div>
   <div class='ocr_carea' id='block_1_11' title="bbox 1315 5139 2223 5273">
    <p class='ocr_par' dir='ltr' id='par_1_11' title="bbox 1315 5139 2223 5273">
     <span class='ocr_line' id='line_1_56' title="bbox 1315 5139 2223 5273; baseline 0 -81"><span class='ocrx_word' id='word_1_750' title='bbox 1315 5141 1344 5206; x_wconf 84' lang='lat'><strong><em>1)</em></strong></span> <span class='ocrx_word' id='word_1_751' title='bbox 1362 5142 1489 5194; x_wconf 83' lang='lat' dir='ltr'><strong><em>Refertur</em></strong></span> <span class='ocrx_word' id='word_1_752' title='bbox 1496 5159 1569 5273; x_wconf 40' lang='lat' dir='ltr'><strong><em>&#39;cala</em></strong></span> <span class='ocrx_word' id='word_1_753' title='bbox 1583 5139 1695 5193; x_wconf 75' lang='lat' dir='ltr'><strong><em>clericos</em></strong></span> <span class='ocrx_word' id='word_1_754' title='bbox 1714 5140 1728 5191; x_wconf 95' lang='lat'>1</span> <span class='ocrx_word' id='word_1_755' title='bbox 1747 5146 1776 5193; x_wconf 87' lang='lat' dir='ltr'><strong><em>ct</em></strong></span> <span class='ocrx_word' id='word_1_756' title='bbox 1792 5141 1817 5193; x_wconf 80' lang='lat'><strong><em>2.</em></strong></span> <span class='ocrx_word' id='word_1_757' title='bbox 1871 5140 1900 5207; x_wconf 77' lang='lat'><strong><em>2)</em></strong></span> <span class='ocrx_word' id='word_1_758' title='bbox 1924 5139 1988 5208; x_wconf 79' lang='lat' dir='ltr'><strong><em>Gap.</em></strong></span> <span class='ocrx_word' id='word_1_759' title='bbox 2007 5142 2162 5209; x_wconf 78' lang='lat' dir='ltr'><strong><em>praesulum</em></strong></span> <span class='ocrx_word' id='word_1_760' title='bbox 2180 5139 2223 5193; x_wconf 88' lang='grc'><strong><em>16.</em></strong></span> 
     </span>
    </p>
   </div>
   <div class='ocr_carea' id='block_1_12' title="bbox 221 5202 2224 5348">
    <p class='ocr_par' dir='ltr' id='par_1_12' title="bbox 221 5202 2224 5348">
     <span class='ocr_line' id='line_1_57' title="bbox 287 5202 2224 5279; baseline 0.004 -25"><span class='ocrx_word' id='word_1_761' title='bbox 287 5202 316 5269; x_wconf 93' lang='grc'><strong><em>1)</em></strong></span> <span class='ocrx_word' id='word_1_762' title='bbox 334 5204 398 5256; x_wconf 77' lang='lat' dir='ltr'><strong><em>(tan.</em></strong></span> <span class='ocrx_word' id='word_1_763' title='bbox 417 5204 459 5257; x_wconf 83' lang='lat'><strong><em>41.</em></strong></span> <span class='ocrx_word' id='word_1_764' title='bbox 536 5207 566 5274; x_wconf 72' lang='lat'><strong><em>2)</em></strong></span> <span class='ocrx_word' id='word_1_765' title='bbox 585 5207 649 5277; x_wconf 80' lang='lat' dir='ltr'><strong><em>Gap.</em></strong></span> <span class='ocrx_word' id='word_1_766' title='bbox 668 5205 709 5261; x_wconf 81' lang='lat'><strong><em>35.</em></strong></span> <span class='ocrx_word' id='word_1_767' title='bbox 796 5208 826 5275; x_wconf 87' lang='lat'><strong><em>3)</em></strong></span> <span class='ocrx_word' id='word_1_768' title='bbox 843 5210 930 5277; x_wconf 86' lang='lat' dir='ltr'><strong><em>Epist.</em></strong></span> <span class='ocrx_word' id='word_1_769' title='bbox 950 5209 984 5261; x_wconf 81' lang='lat' dir='ltr'><strong><em>ad</em></strong></span> <span class='ocrx_word' id='word_1_770' title='bbox 1002 5210 1193 5279; x_wconf 81' lang='lat' dir='ltr'><strong><em>Nepotianum.</em></strong></span> <span class='ocrx_word' id='word_1_771' title='bbox 1247 5217 1349 5278; x_wconf 83' lang='lat' dir='ltr'><strong><em>quaest.</em></strong></span> <span class='ocrx_word' id='word_1_772' title='bbox 1369 5210 1393 5262; x_wconf 88' lang='lat'><strong><em>3.</em></strong></span> <span class='ocrx_word' id='word_1_773' title='bbox 1476 5209 1493 5262; x_wconf 90' lang='lat'><strong>3</strong></span> <span class='ocrx_word' id='word_1_774' title='bbox 1570 5211 1658 5262; x_wconf 79' lang='lat' dir='ltr'><strong><em>fertur</em></strong></span> <span class='ocrx_word' id='word_1_775' title='bbox 1675 5226 1706 5261; x_wconf 86' lang='lat' dir='ltr'><strong><em>ca</em></strong></span> <span class='ocrx_word' id='word_1_776' title='bbox 1727 5249 1732 5261; x_wconf 95' lang='lat'><strong><em>.</em></strong></span> <span class='ocrx_word' id='word_1_777' title='bbox 1751 5210 1810 5261; x_wconf 84' lang='lat' dir='ltr'><strong><em>Mos</em></strong></span> <span class='ocrx_word' id='word_1_778' title='bbox 1829 5215 1878 5272; x_wconf 84' lang='lat' dir='ltr'><strong><em>ost,</em></strong></span> <span class='ocrx_word' id='word_1_779' title='bbox 1897 5207 1939 5261; x_wconf 80' lang='lat'><strong><em>12.</em></strong></span> <span class='ocrx_word' id='word_1_780' title='bbox 1963 5216 2067 5277; x_wconf 80' lang='lat' dir='ltr'><strong><em>quaest.</em></strong></span> <span class='ocrx_word' id='word_1_781' title='bbox 2085 5209 2110 5263; x_wconf 81' lang='lat'><strong><em>2.</em></strong></span> <span class='ocrx_word' id='word_1_782' title='bbox 2190 5209 2224 5277; x_wconf 84' lang='lat'><strong><em>4)</em></strong></span> 
     </span>
     <span class='ocr_line' id='line_1_58' title="bbox 221 5226 1929 5348; baseline -0.005 -9"><span class='ocrx_word' id='word_1_783' title='bbox 221 5268 252 5338; x_wconf 77' lang='lat'><strong><em>4)</em></strong></span> <span class='ocrx_word' id='word_1_784' title='bbox 267 5270 354 5339; x_wconf 56' lang='grc' dir='ltr'><strong><em>ΕΡῑθῑ·</em></strong></span> <span class='ocrx_word' id='word_1_785' title='bbox 375 5273 415 5326; x_wconf 83' lang='lat'><strong><em>10·</em></strong></span> <span class='ocrx_word' id='word_1_786' title='bbox 435 5275 480 5327; x_wconf 76' lang='lat' dir='ltr'><strong><em>lib·</em></strong></span> <span class='ocrx_word' id='word_1_787' title='bbox 501 5275 523 5327; x_wconf 88' lang='lat'><strong><em>1·</em></strong></span> <span class='ocrx_word' id='word_1_788' title='bbox 1248 5279 1365 5348; x_wconf 81' lang='lat' dir='ltr'><strong><em>Tripart.</em></strong></span> <span class='ocrx_word' id='word_1_789' title='bbox 1384 5279 1479 5332; x_wconf 79' lang='lat' dir='ltr'><strong><em>histor.</em></strong></span> <span class='ocrx_word' id='word_1_790' title='bbox 1498 5279 1544 5331; x_wconf 92' lang='lat' dir='ltr'><strong><em>lib.</em></strong></span> <span class='ocrx_word' id='word_1_791' title='bbox 1563 5277 1588 5331; x_wconf 82' lang='lat'><strong><em>5.</em></strong></span> <span class='ocrx_word' id='word_1_792' title='bbox 1659 5276 1689 5335; x_wconf 74' lang='lat' dir='ltr'><strong><em>o)</em></strong></span> <span class='ocrx_word' id='word_1_793' title='bbox 1706 5226 1766 5330; x_wconf 65' lang='lat' dir='ltr'><strong><em>tib.</em></strong></span> <span class='ocrx_word' id='word_1_794' title='bbox 1786 5275 1826 5328; x_wconf 89' lang='lat' dir='ltr'><strong><em>ll.</em></strong></span> <span class='ocrx_word' id='word_1_795' title='bbox 1845 5294 1867 5330; x_wconf 88' lang='lat' dir='ltr'><strong><em>c.</em></strong></span> <span class='ocrx_word' id='word_1_796' title='bbox 1888 5275 1929 5332; x_wconf 80' lang='lat'><strong><em>16.</em></strong></span> 
     </span>
    </p>
   </div>
   <div class='ocr_carea' id='block_1_13' title="bbox 0 0 2396 6020">
    <p class='ocr_par' dir='ltr' id='par_1_13' title="bbox 0 0 2396 6020">
     <span class='ocr_line' id='line_1_59' title="bbox 0 0 2396 6020; baseline 0 0"><span class='ocrx_word' id='word_1_797' title='bbox 0 0 2396 6020; x_wconf 95' lang='lat' dir='ltr'><strong><em> </em></strong></span> 
     </span>
    </p>
   </div>
  </div>
 </body>
</html>
