4770 6030
217 351 279 412 767
791 345 1057 414 INS'H'PU'FIO
1078 348 1182 413 RDL.
1207 344 1387 410 CHRIS'P.
1415 350 1645 411 1539-1554.
2157 353 2220 413 768

1850 459 1965 529 laos,
1983 461 2006 515 B
2021 463 2095 528 29³3
2116 460 2220 517 0293.

216 538 340 615 lantur,
371 559 431 601 nec
454 538 552 600 etiam
575 537 615 600 ab
639 557 677 599 ea
703 536 922 618 praedicanda
948 535 1113 603 interdum
1135 537 1192 601 ab·
1244 534 1351 615 piunt,
1375 535 1452 600 inde
1474 557 1509 600 se
1531 556 1596 600 non
1618 447 1886 602 medocriterlad
1907 536 2162 619 exspectandum
2184 538 2220 601 in

216 625 346 700 atinent,
371 622 402 687 id
423 622 461 684 fit
481 622 645 686 bifariam:
676 622 729 686 vel
750 621 835 704 qued
856 624 977 687 bonam
999 643 1093 686 suam
1115 643 1192 686 cau·
1244 621 1396 685 omnibus
1434 623 1681 687 necessitatibus
1712 623 1777 686 Dei
1817 620 1976 686 auxilium
2013 623 2218 702 confirmant,

217 731 288 775 sam
309 730 384 773 cum
403 706 491 771 mala
517 708 692 790 impiorum
714 729 812 772 eausa
834 707 1051 790 comparando
1068 708 1191 790 securi·
1244 726 1344 788 quum
1375 709 1410 771 in
1442 728 1477 771 re
1504 714 1598 772 tanta
1623 716 1751 790 patrem
1778 707 2000 789 experiuntur.
2051 709 2100 773 Ac
2122 731 2163 772 ne
2184 709 2220 771 id

217 801 318 858 tatem
346 792 422 857 inde
448 793 603 857 victoriae
630 794 829 876 concipiunt,
859 816 925 857 nen
951 800 1020 858 tam
1042 815 1120 858 suae
1141 793 1191 856 iu·
1244 792 1374 874 quidem
1393 801 1546 875 possunt,
1569 794 1633 858 nisi
1654 796 1798 875 primum
1818 793 1884 857 Dei
1905 794 2098 872 bonitatem,
2127 794 2220 858 nulla

216 880 323 946 stitiae
345 878 633 956 commendatione,
655 899 753 961 quam
773 880 859 943 iusta
878 880 1057 961 meritaque
1075 879 1191 942 adver·
1244 877 1308 942 alia
1335 900 1433 960 quam
1459 880 1681 960 promissionis
1709 877 1902 943 certitudine
1929 879 2135 962 obsignatam
2162 902 2220 962 ap-

191 966 375 1030 =sariorum
403 964 625 1043 damnatione;
659 965 712 1029 vel
739 964 825 1047 quod
852 966 949 1030 etiam
983 966 1055 1029 sine
1085 964 1192 1028 aliena
1243 963 1484 1045 prehenderint
1530 965 1617 1028 Nam
1649 965 1676 1030 si
1703 963 1795 1028 illam
1823 965 1996 1029 aestimare
2017 965 2220 1047 incipiunta

215 1051 469 1133 comparatione,
510 1050 587 1114 dum
625 1071 660 1114 se
691 1071 800 1114 eoram
833 1052 905 1115 Deo
943 1056 1189 1134 recognoseunt,
1243 1048 1336 1113 bonis
1363 1051 1527 1138 operibus,
1556 1051 1640 1114 nihil
1670 1051 1732 1113 erit
1759 1051 1928 1129 incertius,
1960 1071 2021 1115 nec
2041 1053 2147 1134 magis
2168 1052 2220 1115 in-

215 1137 409 1201 nonnullam
435 1136 501 1200 illis
527 1143 559 1199 et
587 1136 839 1201 consolationem
861 1143 894 1200 et
920 1136 1074 1202 fiduciam
1096 1135 1192 1199 affert
1242 1136 1383 1198 firmum.
1434 1135 1706 1217 Quandoquidem
1728 1137 1757 1200 si
1783 1157 1842 1217 per
1864 1158 1898 1200 se
1925 1157 2024 1218 opera
2046 1138 2219 1201 aestimen-

214 1224 364 1306 propriae
386 1222 602 1287 eonscientiae
620 1223 754 1303 puritas.
793 1223 846 1286 De
863 1224 970 1304 priore
991 1223 1117 1286 ratione
1134 1242 1191 1304 po-
1242 1227 1306 1298 tur,
1329 1242 1397 1284 non
1415 1223 1526 1286 minus
1548 1222 1631 1285 iram
1649 1221 1713 1286 Dei
1731 1243 1791 1285 sua
1808 1221 2053 1305 imperfectione
2071 1231 2218 1306 arguent,

215 1315 286 1373 stea
306 1307 497 1372 videbimus.
541 1307 639 1372 Nunc
662 1306 701 1370 de
731 1309 907 1389 posteriore
929 1309 1072 1373 breviter
1092 1328 1191 1389 expe·
1242 1326 1341 1389 quam
1360 1313 1528 1389 utcunque
1548 1307 1701 1372 inchoata
1722 1307 1865 1388 puritate
1887 1307 2149 1373 benevolentiam
2170 1317 2219 1373 te·

216 1394 352 1471 diamus,
371 1392 529 1476 quomodo
547 1415 621 1457 oum
640 1414 677 1457 eo
695 1394 868 1457 conveniat
885 1393 972 1476 quod
989 1414 1088 1475 supra
1107 1393 1190 1456 dixi-
1242 1398 1379 1456 stantur.

214 1502 302 1557 mus,
333 1480 425 1544 nulla
448 1501 518 1544 esse
538 1480 573 1542 in
593 1480 658 1543 Dei
679 1479 797 1543 iudicio
819 1500 953 1561 operum
974 1479 1093 1544 fiducia
1114 1480 1190 1543 sub-
1329 1481 1378 1542 47.
1425 1477 1584 1542 Videmus
1606 1479 1671 1541 iam
1694 1498 1762 1541 non
1784 1498 1857 1542 eam
1873 1478 1910 1540 in
1927 1479 2048 1544 sanetis
2065 1479 2220 1545 fiduciam

214 1565 399 1643 nitendum,
427 1566 519 1629 nulla
540 1586 652 1629 eorum
675 1565 825 1646 opinione
847 1565 1062 1649 gloriandum.
1097 1564 1189 1629 Haec
1242 1584 1377 1645 operum
1399 1585 1478 1641 esse,
1501 1584 1583 1645 quae
1605 1564 1658 1630 vel
1681 1584 1793 1628 eorum
1814 1564 1931 1627 merito
1953 1564 2076 1647 aliquid
2098 1565 2221 1630 tribuat

214 1672 310 1735 porro
332 1652 558 1716 convenientia
579 1657 642 1714 est:
672 1649 758 1733 quod
787 1652 904 1730 sancti,
933 1673 1033 1734 quum
1056 1651 1095 1716 de
1115 1651 1189 1714 fun·
1224 1647 1387 1733 (quanda
1416 1670 1455 1713 ea
1481 1671 1547 1712 non
1581 1648 1675 1713 aliter
1701 1670 1799 1731 quam
1826 1650 1891 1714 Dei
1924 1649 2008 1714 dona
2040 1652 2219 1730 intuentur,

215 1736 324 1802 danda
344 1736 633 1818 constituendaque
655 1735 760 1801 salute
783 1758 842 1801 sua
863 1738 984 1820 agitur,
1011 1738 1093 1801 citra
1114 1757 1190 1818 ope·
1242 1734 1329 1798 unde
1352 1735 1421 1799 eius
1443 1735 1622 1800 bonitatem
1644 1742 1893 1818 recognoscant3
1916 1756 1983 1798 non
2005 1736 2100 1800 aliter
2120 1758 2220 1819 quam

215 1845 289 1888 rum
316 1829 501 1904 respectum
526 1823 563 1885 in
590 1821 692 1886 solam
714 1822 778 1885 Dei
805 1823 983 1887 bonitatem
1006 1822 1115 1888 oculos
1138 1823 1189 1884 in·
1245 1821 1422 1885 vocationis
1440 1822 1543 1904 signa,
1561 1820 1649 1885 unde
1666 1821 1858 1885 electionem
1872 1821 2037 1971 reputent)
2054 1822 2107 1886 vel
2125 1822 2220 1905 quid-

213 1908 361 1974 tendunt.
392 1909 505 1990 Neque
527 1907 569 1971 ad
591 1929 664 1971 eam
685 1906 780 1972 modo
800 1915 879 1972 ante
901 1910 1010 1972 omnia
1031 1915 1190 1990 tanquam
1242 1907 1330 1987 piam
1353 1906 1486 1990 deroget
1509 1908 1685 1988 gratuitae,
1714 1928 1812 1988 quam
1839 1907 1874 1971 in
1927 1907 2029 1972 bristo
2051 1909 2220 1990 consequi·

214 1995 255 2059 ad
283 1993 494 2059 beatitudinis
520 1994 717 2075 principium
739 2015 773 2057 se
796 2001 1007 2071 eonverumt,
1037 1993 1093 2057 sed
1116 2001 1189 2058 tan·
1241 2013 1325 2069 mur,
1349 1993 1504 2057 iustitiae:
1533 1992 1662 2075 quando
1685 1993 1725 2058 ab
1747 2014 1786 2056 ea
1808 1991 1982 2074 dependet,
2005 2014 2065 2058 nec
2087 1994 2158 2058 sine
2179 2015 2220 2058 ea

213 2101 312 2163 quam
339 2081 374 2143 in
402 2079 638 2161 complemento
669 2080 910 2160 conquiescunt.
960 2077 1016 2144 Sic
1043 2078 1187 2157 fundata,
1243 2077 1397 2142 subsistit.
1444 2077 1511 2141 Hoc
1536 2080 1642 2159 ipsum
1663 2078 1864 2162 Augustinus
1886 2080 2002 2160 paucis
2028 2078 2142 2158 eaba,
2165 2080 2220 2144 sed

213 2174 335 2242 erecta,
364 2165 506 2229 stabilita
533 2165 744 2242 conscientia,
773 2186 909 2247 opernm
935 2185 1061 2247 quoque
1084 2165 1189 2230 consi·
1241 2163 1390 2245 depictor
1411 2163 1575 2246 siginificat,
1596 2184 1693 2244 quam
1715 2164 1837 2228 sembi:
1854 2161 1879 2247 ¹)
1901 2185 1962 2228 coc
1984 2164 2052 2229 dico
2070 2163 2217 2243 Domino,

214 2251 380 2316 deratione
398 2251 573 2329 stabilium
593 2256 754 2331 quatenus
772 2251 895 2316 scilicet
910 2252 1097 2315 testimonia
1113 2258 1191 2315 sunt
1242 2269 1335 2330 opera
1360 2269 1512 2313 maccam
1540 2270 1682 2314 mearum
1707 2271 1745 2314 ce
1772 2250 1944 2330 despicics;
1977 2252 2134 2332 exquisivi
2155 2250 2221 2315 Do

212 2337 278 2402 Dei
299 2337 334 2400 in
356 2336 448 2400 nobis
467 2336 643 2401 habitantis
661 2357 698 2400 ae
717 2337 894 2419 regnantis.
930 2335 1070 2416 Quando
1090 2336 1190 2420 igitur
1241 2336 1363 2398 minisci
1384 2335 1529 2399 manibus
1550 2337 1636 2413 acts,
1659 2341 1687 2399 el
1707 2356 1767 2400 coc
1788 2355 1860 2400 sum
1876 2336 2017 2416 areptus
2022 2360 2032 2415 ,·
2052 2337 2106 2399 sed
2127 2357 2220 2418 opera

212 2423 312 2488 istaec
341 2443 475 2503 operum
501 2420 621 2486 fiducia
642 2422 750 2487 locum
771 2443 838 2487 non
861 2423 973 2500 habet,
1002 2423 1066 2486 nisi
1088 2428 1190 2486 totam
1241 2441 1394 2484 munuum
1414 2441 1555 2485 meorum
1575 2441 1636 2484 coc
1652 2421 1841 2486 wmmendm
1860 2423 1950 2484 timeo
1968 2423 2050 2485 caim
2069 2443 2107 2485 cc
2123 2442 2221 2503 quum

212 2509 303 2590 prius
326 2507 426 2571 amnii
447 2507 601 2572 fiduciam
619 2508 654 2570 in
672 2508 929 2573 miscricordiam
946 2509 1011 2573 Dei
1028 2509 1188 2585 reieceris,
1242 2507 1431 2588 inspexeris,
1453 2507 1553 2589 picra
1581 2508 1723 2571 invenias
1743 2512 1871 2589 peccato
1891 2527 1987 2588 quom
2008 2509 2136 2587 nterim
2166 2508 2220 2573 hoc

212 2615 280 2658 non
300 2593 397 2658 debet
416 2593 466 2656 illi
487 2591 592 2658 videri
613 2595 786 2671 centraria,
809 2593 896 2658 unde
914 2593 1042 2676 pendet.
1077 2592 1190 2673 Quare
1242 2593 1343 2656 solum
1370 2593 1450 2672 dico,
1473 2592 1528 2656 boc
1548 2612 1635 2676 rapo,
1657 2593 1712 2657 boc
1732 2594 1835 2675 cupio,
1865 2613 1959 2674 opero
1979 2614 2131 2657 mancum
2151 2599 2221 2658 trur-

213 2678 293 2744 dum
310 2701 444 2762 operum
461 2678 613 2743 fiduciam
631 2678 845 2758 excludimus,
865 2680 926 2745 hoe
941 2680 1092 2744 volumus
1106 2679 1189 2743 dun-
1242 2698 1315 2741 ram
1335 2699 1373 2742 ire
1394 2677 1564 2760 amians,
1586 2698 1664 2760 opus
1684 2684 1774 2743 taam
1794 2679 1829 2742 im
1849 2699 1897 2743 ote
1917 2678 1988 2743 vide
2015 2700 2076 2743 coc
2098 2700 2221 2758 mcum;

212 2772 318 2829 taxat:
338 2786 380 2829 ne
398 2785 491 2828 mens
509 2764 688 2829 christiana
706 2763 748 2827 'ad
765 2785 900 2846 operum
917 2767 1079 2844 meritum,
1098 2766 1190 2830 velut
1241 2784 1316 2827 cam
1343 2766 1373 2828 si
1400 2784 1502 2829 ausim
1525 2765 1655 2843 sideria
1678 2765 1827 2843 domacs;
1850 2765 1881 2828 si
1905 2769 1994 2829 laam
2015 2765 2146 2844 videta,
2174 2785 2221 2830 co

212 2849 254 2916 ad
276 2851 391 2916 salutis
417 2849 598 2915 subsidium
619 2851 782 2928 reflectat,
812 2850 870 2915 sed
897 2852 1027 2934 penitus
1049 2851 1190 2916 resideat
1241 2869 1352 2928 rocam
1373 2852 1450 2932 qaia
1471 2855 1499 2914 et
1518 2870 1716 2933 quaecunque
1737 2849 1817 2914 mibi
1838 2855 1911 2914 suni
1932 2871 2025 2933 wera
2047 2850 2141 2930 bono,
2164 2851 2220 2916 obs

211 2938 247 3001 in
270 2937 414 3020 gratuita
440 2936 582 3001 iustitiae
609 2936 837 3018 promissione;
865 2958 932 3001 non
954 2944 1103 3001 vetamus
1131 2960 1189 3002 au·
1240 2941 1268 3001 te
1289 2941 1370 3000 scat.
1415 2935 1511 3001 Deos
1532 2956 1647 3001 masas
1662 2937 1759 3018 pouit,
1783 2956 1840 3001 car
1861 2956 1922 3002 aea
1944 2938 2030 3000 acsi
2047 2956 2108 3000 sac
2126 2957 2221 3020 opera

211 3030 292 3101 tem,
322 3043 364 3087 ne
390 3021 520 3087 divinae
543 3043 622 3105 erga
644 3043 678 3086 se
703 3022 949 3088 benevolentiae
977 3024 1080 3106 signis
1103 3023 1188 3088 hanc
1241 3021 1310 3087 Deo
1336 3015 1509 3087 ieuiitarc:
1538 3023 1615 3103 quio
1641 3024 1672 3087 si
1698 3022 1776 3103 qaid
1802 3022 1949 3087 bonorum
1975 3042 2102 3104 operam
2123 3023 2219 3101 baba,

211 3108 312 3174 fidem
339 3107 453 3173 fulciat
479 3114 512 3172 et
534 3109 712 3173 confirmet.
757 3107 844 3172 Nam
866 3110 908 3187 si,
932 3108 1011 3172 dum
1032 3111 1189 3174 memoria
1241 3108 1307 3172 iilic
1328 3107 1409 3172 stibii
1430 3109 1512 3173 videl
1532 3128 1641 3187 stium
1664 3102 1773 3173 dende
1795 3108 1873 3188 quic
1894 3108 1929 3173 id
1949 3120 2067 3190 quoquc
2083 3115 2220 3190 peccato

211 3200 405 3277 repetuntur
431 3215 642 3276 quaecunque
667 3195 704 3256 in
731 3215 791 3258 nes
814 3193 899 3258 dona
919 3195 1012 3259 Deus
1043 3195 1187 3275 contulit,
1240 3215 1314 3258 rum
1335 3194 1535 3259 multitudiue
1555 3195 1703 3259 obmdur.
1755 3193 1841 3260 Unde
1860 3192 1910 3274 fit,
1938 3200 1974 3258 ut
1990 3195 2068 3277 pias
2090 3196 2161 3260 inde
2182 3197 2221 3258 ii-

211 3287 289 3346 sunt
314 3280 407 3345 nobis
434 3279 671 3362 quodammodo
700 3281 805 3344 instar
826 3279 994 3344 radiorum
1015 3282 1153 3345 Domini
1163 3280 1188 3366 ¹)
1240 3282 1338 3346 moris
1364 3285 1391 3344 et
1412 3281 1666 3346 masterauticais
1692 3280 1806 3345 sentiat
1834 3281 2035 3358 mmcieniia,
2059 3301 2156 3362 quam
2174 3301 2221 3345 se

210 3365 323 3431 vultus
344 3366 462 3447 quibus
485 3364 710 3429 illuminemur
732 3365 773 3429 ad
796 3386 959 3430 summam
984 3365 1077 3431 illam
1097 3368 1189 3433 boni-
1241 3367 1394 3431 caritatis.
1444 3364 1530 3449 Erpo
1565 3386 1626 3430 aori
1652 3366 1744 3431 aliter
1775 3364 1880 3430 Deam
1914 3367 2031 3431 intueri
2063 3367 2127 3430 oali
2159 3387 2221 3431 suo

210 3452 288 3516 tatis
309 3452 416 3516 lucem
438 3450 739 3533 contemplandam;
766 3451 871 3515 multo
897 3452 1003 3535 magis
1029 3453 1189 3518 benorum
1242 3457 1319 3517 rece
1338 3453 1437 3534 feda,
1466 3472 1561 3534 quom
1582 3457 1617 3516 ut
1637 3453 1806 3516 cautiores
1832 3472 1909 3517 scae
1928 3453 2068 3536 qratiam
2095 3453 2129 3516 ic
2151 3452 2220 3517 illis

210 3557 346 3620 operum
373 3537 493 3620 gratia,
523 3557 605 3619 quae
630 3537 781 3619 spiritum
805 3535 987 3619 adoptionis
1016 3539 1109 3603 nobis
1131 3539 1189 3604 da·
1241 3558 1452 3623 reecpcescens
1473 3559 1552 3620 opas
1572 3538 1653 3620 qaod
1674 3537 1828 3602 inchoavit
1845 3537 1998 3620 perficiat.

212 3629 285 3686 tum
306 3628 548 3687 commonstrat.
1328 3629 1378 3688 48.
1425 3622 1522 3705 Quod
1539 3631 1650 3688 autem
1666 3631 1837 3707 praeterea
1853 3625 1939 3688 bona
1955 3623 2101 3688 fidelium
2120 3645 2219 3706 opera

299 3711 349 3770 46.
395 3705 507 3788 Quum
534 3709 636 3791 igitur
659 3729 678 3771 a
700 3708 915 3772 conscientiae
940 3709 1129 3774 innocentia
1150 3712 1188 3774 fi·
1241 3710 1404 3791 scriptura
1426 3731 1540 3776 causas
1562 3731 1632 3775 esse
1650 3708 1800 3788 ostendit,
1823 3731 1881 3774 cur
1897 3709 1962 3774 illis
1980 3710 2144 3774 Dominus
2161 3710 2218 3775 be-

215 3791 291 3857 dem
303 3813 397 3857 suam
408 3795 604 3858 confirmant
623 3794 737 3872 sancti,
761 3801 794 3857 et
811 3793 997 3858 exsultandi
1016 3797 1189 3862 materiam
1240 3797 1392 3875 nelaciat,
1415 3795 1450 3859 id
1472 3797 1517 3861 sic
1540 3795 1790 3879 intelligendum
1813 3803 1878 3874 est,
1902 3801 1941 3857 ut
1962 3800 2025 3859 stet
2047 3796 2217 3860 inconcus·

213 3885 363 3956 sumunt,
391 3878 476 3941 nihil
498 3879 587 3943 aliud
609 3900 707 3961 quam
729 3900 749 3943 a
769 3880 930 3944 fructibus
951 3883 1130 3947 vocationis
1152 3905 1187 3948 se
1241 3903 1314 3948 sum
1337 3881 1424 3963 quod
1448 3889 1545 3946 antea
1566 3882 1747 3964 posuimus:
1777 3880 1929 3946 effectum
1949 3887 2080 3944 nostrae
2102 3881 2218 3945 salutis

213 3964 249 4028 in
270 3963 413 4027 filiorum
430 3963 537 4029 locum
555 3986 575 4029 a
591 3965 734 4029 Domine
752 3972 916 4047 cooptatos
934 3987 1005 4031 esse
1023 3975 1186 4050 reputant.
1241 3970 1276 4032 in
1287 3969 1350 4032 Dei
1373 3968 1476 4050 patris
1499 3967 1670 4051 dilectione
1691 3967 1791 4032 situm
1808 3987 1893 4046 esse;
1915 3966 2087 4030 materiam
2104 3966 2141 4028 in
2158 3966 2218 4029 filii

214 4047 312 4130 Quod
339 4069 417 4133 ergo
440 4071 459 4113 a
480 4048 654 4115 Solomone
677 4049 788 4134 (Prov.
812 4055 859 4128 14,
881 4050 937 4137 26)
965 4052 1119 4131 traditur,
1152 4055 1188 4118 in
1241 4054 1438 4132 obedientia;
1466 4054 1722 4118 instrumentum
1750 4053 1785 4115 in
1814 4052 1947 4134 spiritus
1968 4051 2217 4129 illuminatione,

212 4136 329 4199 fimare
345 4135 481 4199 Domini
502 4157 572 4201 esse
593 4138 724 4200 firmam
741 4137 957 4218 securitatem,
980 4139 1066 4220 quod
1086 4141 1188 4205 inter-
1240 4140 1302 4205 hoe
1324 4147 1374 4205 est
1394 4139 1473 4219 fide;
1495 4141 1597 4204 finem
1618 4161 1689 4204 esse
1710 4144 1821 4203 tantae
1838 4138 1902 4203 Dei
1919 4137 2130 4221 benignitatis
2147 4137 2217 4222 glo·

213 4219 292 4286 dum
314 4220 399 4285 hane
421 4222 668 4286 obtestationem
695 4224 801 4288 sancti
821 4231 982 4305 usurpant
1002 4247 1065 4307 quo
1087 4248 1188 4291 exau·
1240 4227 1332 4290 riam.
1377 4225 1455 4290 Istis
1482 4225 1565 4288 nihil
1594 4226 1701 4291 obstat
1722 4225 1898 4307 quominus
1926 4244 2024 4307 opera
2043 4225 2216 4303 Dominus,

213 4306 346 4371 diantur
373 4327 393 4370 a
419 4307 577 4385 Domino,
607 4329 641 4371 se
669 4308 852 4374 ambulasse
875 4331 984 4374 coram
1012 4311 1092 4376 facie
1118 4312 1187 4376 eius
1240 4318 1396 4394 tanquam
1426 4332 1540 4376 causas
1567 4311 1752 4391 inferiores,
1783 4309 2011 4392 amplectatm;
2044 4309 2101 4375 sed
2131 4309 2217 4374 unde

212 4393 248 4456 in
268 4392 457 4476 integritate
480 4400 513 4456 et
533 4393 753 4475 simplicitate,
777 4395 884 4460 locum
906 4396 941 4458 in
962 4397 1109 4460 iaciendo
1130 4397 1187 4460 fir·
1238 4396 1294 4462 id?
1327 4419 1443 4479 nempe
1476 4418 1556 4479 quos
1589 4419 1649 4462 sua
1681 4394 1917 4473 misericordia,
1950 4402 2103 4460 aeternae
2130 4397 2217 4460 vitae

210 4477 350 4542 mundae
386 4479 600 4544 conscientiae
631 4479 843 4544 fundamento
883 4481 1011 4544 nullum
1048 4481 1185 4562 habent;
1240 4483 1434 4549 haereditati
1461 4482 1652 4562 destinavit,
1687 4504 1741 4548 eos
1770 4480 1936 4546 ordinaria
1963 4503 2023 4546 sua
2049 4481 2215 4565 dispensa-

212 4564 269 4629 sed
296 4569 367 4627 tum
395 4564 526 4629 demum
552 4565 680 4643 valent,
709 4567 736 4630 si
759 4588 779 4630 a
799 4567 970 4648 posteriori
996 4575 1184 4633 sumuntur:
1240 4571 1327 4634 tione
1354 4590 1413 4652 per
1439 4570 1526 4634 bona
1548 4591 1647 4654 opera
1667 4568 1794 4634 inducit
1821 4568 1856 4631 in
1877 4568 1947 4632 eius
1970 4569 2214 4650 possessionem.

210 4651 287 4731 quia
313 4656 346 4714 et
373 4649 490 4715 nullibi
519 4659 568 4716 est
596 4651 694 4715 timer
721 4651 776 4714 ille
797 4652 854 4732 qui
881 4651 1089 4715 securitatem
1116 4654 1186 4736 ple·
1240 4653 1337 4736 Quod
1358 4656 1394 4719 in
1415 4655 1530 4720 ordine
1553 4655 1803 4738 dispensationis
1825 4653 2004 4736 praecedit,
2028 4655 2216 4735 posterioris

210 4756 289 4799 nam
310 4735 474 4800 offirmare
497 4743 602 4818 queat,
625 4745 659 4800 et
680 4737 785 4800 sancti
807 4736 869 4800 sibi
890 4735 965 4799 talis
988 4737 1186 4821 integritatis
1240 4763 1372 4806 causam
1397 4743 1552 4806 nominat.
1597 4741 1671 4806 Hac
1703 4740 1829 4805 ratione
1856 4739 1897 4802 ab
1930 4738 2080 4820 operibus
2114 4739 2215 4800 inter·

210 4821 330 4887 conscii
352 4829 438 4899 sunt,
462 4823 514 4887 cui
535 4822 658 4886 multae
680 4821 788 4887 carnis
810 4820 966 4901 reliquiae
985 4821 1092 4890 adhuc
1109 4835 1187 4891 sunt
1240 4826 1320 4890 dum
1346 4828 1449 4893 vitam
1475 4836 1643 4893 aeternam
1671 4825 1815 4901 deducit,
1844 4844 1911 4888 non
1931 4822 2017 4905 quod
2044 4821 2109 4886 illis
2132 4823 2215 4886 refe-

210 4908 401 5055 Eermixtae.
447 4904 515 4971 Sed
542 4909 697 4990 quoniam
711 4928 767 4972 ¹en
793 4906 1050 4989 regenerationis
1071 4911 1185 4977 fructi·
1239 4911 1342 4976 renda
1362 4913 1405 4977 sit
1424 4920 1565 4996 accepta,
1588 4911 1646 4976 sed
1665 4911 1742 4994 quia
1762 4929 1842 4992 quos
1861 4907 1968 4990 elegit,
1993 4907 2156 4987 iustificat,
2179 4916 2216 4973 ut

232 5013 271 5056 us
294 4992 471 5058 habitantis
493 4993 527 5056 in
549 5013 583 5056 se
605 4993 739 5074 spiritus
761 4991 866 5058 sancti
884 5001 1115 5075 argumentum
1132 5020 1186 5064 ca·
1239 4997 1371 5063 demum
1393 4998 1564 5082 glorificem
1586 4997 1728 5080 priorem
1748 4994 1897 5079 gratiam
1920 5012 2003 5074 quae
2026 4992 2147 5077 gradus
2166 5001 2216 5060 est
