4770 6030
195 351 258 414 arr
667 284 672 296 ι
846 340 1112 409 mannum
1133 341 1238 408 aaa.
1262 338 1443 411 caman.
1468 341 1561 403 rosc.
1735 411 1738 423 ‚
2141 343 2205 404 aas

197 542 262 606 que
283 542 392 599 orare,
419 521 475 603 qui
496 518 610 584 morbo
636 515 812 600 impeditus
834 537 971 582 curvare
994 536 1103 600 genua
1120 536 1180 580 ne-
1231 519 1265 578 et
1284 513 1484 597 ignorantia,
1507 519 1577 577 tam
1598 522 1750 597 corrupta
1772 514 1931 596 opinione,
1955 522 2086 595 tamque
2105 514 2206 595 perti·

198 608 285 692 quit,
316 600 400 672 nihil
422 612 520 671 vetat
565 604 717 685 Denique
738 602 841 667 satius
869 609 934 680 est,
961 608 1091 666 mature
1116 597 1197 665 hu·'
1230 599 1305 665 naci
1327 597 1433 665 studio
1455 599 1594 664 antehae
1614 601 1650 663 in
1672 600 1884 665 caeremoniis
1906 599 2084 664 haeserunt
2104 598 2207 664 eccle-

197 714 291 759 mare
312 699 494 770 mortuum,
522 688 699 774 quamubi
719 688 858 752 linteum
880 687 984 768 deest,
1008 692 1179 769 expectare
1231 686 1307 764 siae,
1330 692 1368 750 ut
1388 685 1446 751 vix
1466 685 1546 750 satis
1568 686 1739 770 repurgari
1760 707 1780 750 a
1800 684 1993 768 prodigiosis
2010 685 2075 749 illis
2093 705 2206 767 super-

199 778 279 845 dum
318 777 511 842 inhumatus
550 780 725 858 putrescat
782 771 850 839 Sed
887 780 937 839 est
967 772 1180 837 nihilominus
1231 771 1416 837 stitionibus
1443 776 1577 854 queant,
1607 773 1687 854 quin
1713 771 1818 836 multa
1844 772 2068 836 caeremoniae
2089 768 2208 834 tollan-

198 867 235 929 in
262 864 334 929 istis
363 862 478 940 rebus,
507 860 594 945 quod
621 859 786 943 agendum
814 866 873 925 aut
899 859 1082 926 cavendum
1109 878 1180 923 mos
1230 864 1293 936 tur,
1316 878 1377 922 nec
1399 857 1457 922 abs
1477 878 1514 921 rc
1535 856 1613 921 olim
1634 857 1717 922 forte
1737 857 1905 922 institutae
1927 863 1960 921 et
1979 856 2072 921 nulla
2092 876 2151 938 per
2172 877 2207 920 se

198 949 357 1033 regionis,
385 949 550 1026 instituta,
578 948 651 1028 ipsa
679 945 818 1027 denique
846 945 1035 1010 humanitas
1058 951 1091 1009 et
1111 964 1181 1008 mo-
1232 944 1399 1025 impietate
1415 951 1472 1008 aut
1488 943 1567 1007 vitio
1584 943 1760 1022 notabiles,
1783 943 1899 1026 quibus
1922 941 2133 1008 defendendis
2151 941 2212 1012 ob-.

199 1036 322 1101 destiae
350 1034 467 1118 regula
492 1033 600 1099 dictet.
645 1032 711 1097 Ubi
739 1033 766 1097 si
794 1031 1015 1113 imprudentia
1041 1037 1075 1094 et
1101 1029 1181 1094 obli·
1234 1029 1352 1094 stinate
1373 1029 1537 1106 insistere,
1565 1030 1832 1095 nocentissimum
1854 1029 1953 1093 fuerit
1971 1027 2124 1093 studium.
2170 1025 2208 1092 Si

198 1123 296 1186 sione
317 1119 396 1203 quid
414 1128 562 1184 erratum
578 1118 685 1196 fuerit,
709 1118 838 1181 nullum
858 1117 1037 1181 admissum
1058 1117 1182 1182 crimen
1234 1116 1305 1197 quis
1337 1116 1425 1179 enim
1452 1115 1540 1196 ipsas
1566 1137 1625 1197 per
1653 1137 1687 1179 se
1716 1116 1840 1202 censeri
1860 1115 1954 1193 velit,
1981 1115 2049 1178 iam
2071 1113 2209 1179 confessi

199 1214 263 1286 est,
303 1207 356 1271 sin
395 1213 598 1287 contemptu,
637 1202 853 1287 improbanda
887 1210 937 1268 est
968 1202 1180 1267 contumacia.
1234 1223 1355 1279 sumus,
1376 1200 1459 1265 nihil
1481 1201 1602 1266 habere
1621 1201 1709 1266 mali.
1753 1201 1801 1265 At
1821 1202 1851 1266 si
1872 1201 1939 1266 suis
1957 1199 2209 1266 circumstantiis

199 1291 298 1375 Quod
316 1293 343 1356 si
364 1293 437 1373 quis
454 1291 620 1372 obstrepat
640 1297 674 1354 et
690 1289 765 1372 plus
782 1310 896 1371 sapere
914 1288 967 1353 hic
987 1288 1068 1353 velit
1084 1308 1183 1370 quam
1235 1288 1456 1365 aestimentur,
1480 1286 1648 1369 apparebit
1669 1292 1798 1351 tantum
1818 1308 1839 1351 c
1855 1286 2134 1353 caeremoniarum
2151 1285 2208 1350 ab·

199 1386 341 1461 oportet,
363 1376 484 1443 viderit
504 1377 589 1459 ipse,
611 1397 676 1457 qua
697 1376 918 1440 morositatem
943 1394 1037 1439 suam
1057 1374 1183 1439 ratione
1234 1375 1296 1437 usu
1324 1372 1495 1437 bominum
1516 1373 1633 1437 animis
1653 1372 1986 1451 errorem-insedisse,
2014 1379 2052 1436 ut
2072 1392 2139 1437 non
2154 1371 2209 1450 ,fa-

199 1464 345 1530 Domiuo
367 1463 532 1545 approbet.
572 1461 675 1526 Nobis
696 1468 808 1526 tamen
829 1460 916 1526 istud
938 1459 1038 1525 Pauli
1059 1459 1092 1545 (l
1106 1458 1181 1525 (lor.
1235 1458 1296 1523 cilo
1329 1457 1496 1523 emendari
1533 1459 1650 1540 possit,
1690 1459 1753 1524 nisi
1785 1458 1951 1524 subductis
1983 1479 2001 1521 e
2034 1463 2209 1540 conspectu

191 1554 240 1613 -11
282 1549 470 1615 satisfacere
498 1547 608 1613 debet:
636 1566 697 1611 nos
727 1545 944 1612 contendendi
970 1567 1096 1610 morem
1116 1565 1183 1609 non
1235 1544 1442 1627 spectaculis,
1471 1565 1554 1626 quae
1582 1565 1700 1610 novam
1728 1544 1865 1610 subinde
1885 1542 2018 1610 errandi
2038 1543 2209 1608 materiam

199 1636 245 1707 ha
286 1656 332 1711 re,
355 1655 461 1716 neque
480 1634 632 1699 ecclesias
653 1633 726 1697 Dei.
1238 1627 1279 1716 [p.
1300 1628 1377 1717 470]
1402 1637 1591 1713 suggerunt
1642 1628 1698 1696 Sic
1729 1632 1862 1713 spiritus
1894 1630 1999 1696 sancti
2026 1629 2211 1694 testimonio

287 1721 330 1785 In
352 1721 455 1785 altero
476 1741 596 1803 genere
618 1728 696 1783 sunt
717 1719 817 1783 horae
833 1719 971 1801 publicis
989 1719 1183 1802 precationi·
1235 1716 1386 1781 laudatus
1409 1724 1459 1782 est
1479 1716 1639 1782 Ezechias
1661 1716 1695 1802 (2
1714 1718 1796 1801 Reg.
1820 1715 1889 1801 18),
1917 1714 2002 1799 quod
2025 1721 2209 1797 serpentem

200 1807 278 1885 bus,
307 1806 518 1872 concionibus
539 1813 573 1869 et
596 1805 766 1886 baptismis
787 1806 1022 1887 praescriptae,
1048 1805 1084 1868 in
1105 1803 1185 1884 ipsis
1237 1824 1374 1868 aeneum
1401 1802 1572 1880 exciderit,
1597 1803 1653 1886 qui
1674 1804 1765 1868 iussu
1787 1803 1922 1868 Domini
1949 1802 2083 1866 alloes
2103 1801 2211 1864 fuerat

202 1891 413 1959 concionibus
435 1891 526 1973 quies
548 1891 779 1969 caedentium,
802 1890 873 1955 loca
895 1890 1064 1967 destinata,
1088 1890 1185 1973 hym-
1237 1896 1363 1953 erectus
1385 1895 1418 1952 et
1438 1910 1536 1972 quem
1558 1889 1594 1952 in
1619 1887 1721 1954 divini
1743 1890 1892 1955 beneficii
1912 1887 2118 1968 μνημόσυνον,
2141 1906 2209 1951 ser·

202 1999 321 2043 norum
343 1984 530 2055 concentus,
554 1975 623 2041 dies
646 1975 869 2058 suscipiendae
893 1974 933 2062 [p.
953 1990 1013 2041 468
1049 1975 1185 2040 Domini
1236 1975 1309 2040 vari
1331 1974 1455 2039 malum
1476 1996 1544 2039 non
1565 1982 1645 2053 erat,
1667 1976 1732 2040 nisi
1741 1974 1853 2058 populi
1868 1973 2070 2053 idololatriae
2087 1971 2209 2038 servire

202 2066 323 2130 menae
342 2063 505 2139 destinati,
528 2063 902 2128 excommunicationum
919 2062 1042 2144 discip'
1068 2083 1089 2126 a
1107 2068 1141 2126 et
1157 2061 1186 2125 si
1237 2061 1401 2143 coepisset.
1450 2060 1594 2139 Verum,
1622 2083 1697 2127 eum
1723 2061 1883 2126 rationem
1911 2058 2121 2143 corrigendae
2145 2057 2208 2121 im·

202 2171 268 2233 qua
289 2149 354 2213 alia
376 2154 463 2214 sunt
498 2149 580 2213 Dies
601 2147 664 2230 ipsi
685 2148 742 2229 qui
763 2148 829 2212 sint
850 2154 884 2212 et
904 2147 1012 2226 horae,
1036 2169 1120 2229 quae
1137 2147 1185 2211 lo-
1236 2147 1365 2228 pietatis
1387 2146 1486 2210 aliam
1507 2147 1649 2229 optimus
1668 2168 1729 2211 rex
1750 2168 1816 2211 non
1837 2146 1982 2224 haberet,
2002 2142 2070 2209 non'
2086 2144 2212 2208 minore

203 2256 318 2301 corum
339 2240 520 2311 structura,
544 2235 599 2316 qui
616 2254 680 2314 quo
698 2232 751 2296 die
772 2241 934 2298 canantur
953 2234 1080 2316 psalmi,
1101 2232 1185 2297 nihil
1236 2253 1335 2298 causa
1356 2233 1523 2316 confregit,
1546 2254 1646 2314 quam
1667 2254 1687 2297 a
1706 2234 1799 2299 Mose
1821 2239 1947 2298 erectus
1969 2231 2084 2296 fuerat
2113 2227 2214 2294 -Sunt

203 2323 350 2386 interest.
394 2319 523 2384 Verum
545 2326 579 2384 et
600 2326 704 2385 certos
727 2318 795 2384 dies
817 2331 850 2383 et
871 2326 973 2384 statas
993 2341 1065 2385 esse
1087 2318 1185 2383 boras
1236 2318 1325 2382 enim
1345 2317 1491 2384 curanda
1511 2339 1665 2400 perversa
1686 2319 1856 2383 hominum
1874 2318 2009 2397 iudicia,
2031 2338 2097 2381 non
2118 2337 2211 2381 secus

123 2473 125 2479 ,
204 2408 367 2484 convenit,
389 2412 423 2470 et
442 2405 550 2471 locum
571 2403 766 2486 recipiendis
787 2405 936 2469 omnibus
957 2404 1127 2483 idoneum,
1157 2404 1184 2468 si
1237 2425 1274 2469 ac
1305 2405 1396 2488 aegri
1417 2403 1614 2487 collapsique
1642 2404 1817 2484 stomachi,
1845 2405 1962 2487 quibus
1983 2402 2046 2470 cibi
2068 2403 2212 2468 coctione

204 2513 270 2576 qua
291 2490 472 2557 servandae
488 2491 579 2574 pacis
600 2490 682 2555 ratic
700 2489 848 2555 babetur.
879 2490 912 2554 N
913 2513 967 2555 am
987 2499 1185 2573 quantarum
1236 2490 1371 2571 paulum
1391 2489 1538 2556 difficiles
1560 2489 1758 2570 adimuntur,
1780 2492 1836 2574 qui
1858 2492 1947 2556 sanis
1967 2488 2092 2554 innoxii
2109 2487 2213 2553 futuri

205 2579 354 2644 rixarum
382 2597 494 2642 semen
528 2577 640 2641 futura
666 2576 710 2640 sit
742 2597 857 2640 earum
891 2598 1002 2641 rerum
1030 2577 1183 2652 confusio,
1236 2582 1338 2640 srant.
2030 2600 2041 2625 ι

205 2665 250 2744 si,
273 2668 372 2746 prout
386 2663 509 2744 cuique
529 2661 659 2727 libitum
680 2663 737 2738 sit,
760 2668 889 2727 mutare
909 2663 1014 2743 liceat,
1037 2684 1120 2745 quae
1143 2661 1185 2726 ad
1321 2663 1435 2740 Porro,
1458 2684 1533 2728 cum
1555 2660 1677 2745 duplex
1697 2663 1732 2727 in
1750 2663 1882 2743 homine
1899 2662 2045 2746 regimen
2063 2663 2212 2743 superius

204 2770 413 2816 communem
445 2755 568 2813 statum
599 2747 787 2831 pertinent?
843 2745 983 2828 Quando
1016 2769 1190 2829 nunquam·
1237 2749 1462 2827 statuerimus,
1491 2755 1524 2813 et
1551 2748 1591 2813 de
1618 2749 1721 2813 altero
1744 2749 1814 2827 illo,
1842 2747 1928 2830 quod
1952 2748 1988 2813 in
2016 2741 2126 2813 anima
2153 2769 2211 2814 seu

203 2837 352 2901 iutrrrnm
375 2841 437 2912 est,
467 2842 505 2897 ut
524 2834 674 2898 omnibus
695 2832 783 2898 idem
804 2833 945 2916 placeat,
976 2836 1004 2899 si
1021 2856 1074 2899 res
1094 2832 1186 2900 velut
1236 2835 1384 2899 interiori
1412 2835 1544 2900 homine
1569 2833 1704 2913 residet,
1734 2842 1964 2918 aeternamque
1985 2835 2089 2901 vitam
2110 2835 2212 2916 respi-

203 2923 240 2988 in
255 2920 365 2986 media
381 2921 515 3002 pentae,
534 2920 738 3004 singulorum
755 2920 889 2985 arbitrio
906 2920 1038 2986 robetae
1054 2920 1184 2984 fuerint.
1238 2922 1291 2999 cit,
1310 2921 1389 2985 satis
1406 2922 1474 2985 iam
1490 2922 1596 2986 multa
1612 2921 1713 2987 verba
1728 2921 1911 3000 fecerimus,
1930 2920 1970 2986 de
1988 2921 2091 2986 altero
2103 2921 2211 2999 etiam,

204 3005 345 3073 Summa
373 3026 451 3089 ergo
479 3005 649 3089 diligentia
675 3005 930 3071 incumbendum
956 3013 1019 3083 est,
1050 3027 1092 3070 ne
1114 3007 1186 3088 quis
1238 3005 1324 3089 quod
1345 3005 1387 3072 ad
1404 3006 1638 3074 instituendam
1655 3007 1784 3074 civilem
1801 3007 1963 3074 duntaxat
1980 3014 2214 3089 externamque

204 3095 329 3175 irrepat
349 3113 449 3168 error,
472 3092 528 3173 qui
544 3112 663 3174 purum
684 3091 773 3156 bunc
795 3113 892 3157 usum
908 3091 961 3156 vel
978 3092 1110 3170 inliciat,
1133 3090 1186 3156 vel
1238 3114 1367 3157 morum
1388 3093 1547 3158 iustitiam
1567 3095 1723 3176 pertinet,
1750 3115 1817 3159 non
1841 3093 1926 3159 nihil
1947 3101 1985 3159 ut
2004 3092 2213 3171 disseramus,

205 3178 364 3244 obscuret
411 3175 508 3257 Quod
528 3176 658 3259 quidem
682 3177 892 3255 obtinebitur,
921 3178 949 3243 si
976 3199 1187 3261 quaecunque
1238 3179 1328 3245 locus
1346 3179 1399 3245 hic
1417 3179 1548 3262 appetit
1578 3180 1755 3263 Principio,
1777 3186 1953 3263 antequam
1968 3181 2005 3245 in
2021 3200 2093 3244 rem
2109 3179 2215 3262 ipsam

138 3273 143 3285 '
206 3269 305 3330 erunt
331 3263 575 3329 observationes
601 3263 809 3329 manifestam
839 3263 1014 3330 utilitatem
1045 3285 1124 3347 prae
1152 3286 1187 3329 se
1239 3264 1457 3349 ingredimur,
1484 3265 1626 3331 tenenda
1646 3266 1705 3331 illa
1725 3273 1775 3332 est
1796 3266 1961 3332 dntinom
1981 3271 2058 3332 ante
2080 3265 2215 3331 anobis

204 3350 328 3427 ferant,
352 3349 381 3412 si
402 3348 611 3431 parcissimae
632 3348 860 3427 admittantur,
882 3350 1087 3432 potissimum
1108 3370 1187 3416 vero
1240 3351 1358 3434 posita,
1386 3373 1443 3430 ne,
1471 3351 1558 3434 quod
1584 3353 1696 3417 multis
1723 3352 1823 3436 vulgo
1845 3351 1977 3430 accidit,
2006 3352 2089 3418 haec
2117 3351 2214 3418 simul

205 3435 235 3517 si
256 3433 389 3501 accedet
409 3432 515 3499 fidehs
540 3435 680 3517 pastoris
708 3434 856 3500 doctrina
881 3457 964 3518 quae
985 3437 1096 3518 pravis
1118 3437 1187 3519 opi·
1241 3436 1304 3502 duo
1321 3437 1546 3520 imprudenter
1563 3440 1825 3521 permisceamus,
1843 3459 1927 3522 quae
1939 3437 2103 3504 diversam
2120 3458 2213 3520 pror-

205 3521 360 3587 nionibus
381 3521 470 3586 viam
491 3519 690 3603 praecludat.
735 3520 827 3585 Haec
848 3527 961 3586 autem¹
979 3523 1120 3606 cognitio
1138 3523 1186 3588 fa-
1241 3545 1296 3589 sus
1323 3524 1484 3588 rationem
1511 3524 1643 3590 habent
1687 3524 1742 3589 Illi
1770 3525 1858 3589 enim
1885 3546 1961 3590 oum
1986 3525 2023 3589 in
2043 3523 2213 3606 evangelio

206 3609 285 3686 ciet,
320 3613 357 3670 ut
384 3628 444 3673 sua
471 3607 587 3688 cuique
608 3613 756 3671 nostrum
785 3606 822 3669 in
843 3606 896 3673 his
916 3607 1014 3673 rebus
1036 3609 1187 3674 omnibus
1239 3610 1386 3692 promitti
1406 3608 1592 3675 libertatem
1613 3611 1765 3690 audiunt,
1795 3632 1879 3694 quae
1898 3611 2028 3676 nullum
2047 3610 2134 3673 inter
2153 3607 2213 3672 ho·

205 3693 341 3758 libertas
363 3699 497 3770 constet,
522 3701 555 3757 et
576 3692 742 3775 quandam
764 3692 977 3759 nihilominus
999 3716 1076 3759 suae
1098 3695 1187 3777 quis·
1238 3696 1344 3761 mines
1370 3716 1497 3780 regem,
1525 3695 1716 3780 nullumque
1742 3697 1939 3780 magistrum
2025 3701 2129 3773 cacat,
2155 3692 2213 3758 sed

206 3799 270 3861 que
296 3778 440 3843 libertati
467 3780 693 3844 necessitatem
721 3780 807 3844 ultro
836 3780 998 3863 imponat,
1026 3790 1187 3862 quatenus
1237 3783 1273 3845 in
1295 3779 1467 3847 Christum
1493 3788 1598 3846 unum
1624 3782 1805 3861 intueatur,
1832 3783 1961 3848 nullum
2001 3781 2146 3853 'hortatu
2157 3776 2192 3930 ὦ

207 3871 266 3931 aut
286 3862 383 3942 illud,
405 3862 491 3946 quod
512 3863 664 3943 diximus,
686 3863 720 3929 ro*
741 3873 867 3950 πρέπον,
890 3874 947 3930 aut
968 3867 1113 3932 caritatis
1133 3888 1187 3931 ra·
1240 3864 1317 3953 471]
1338 3878 1416 3933 suae
1436 3869 1581 3934 hucmm
1600 3889 1717 3951 capere
1738 3890 1774 3935 se
1794 3890 1889 3951 posse
1910 3874 2036 3950 putant,
2058 3887 2156 3949 quam
2182 3866 2214 3930 'u

206 3952 253 4015 tio
281 3950 398 4032 exiget.
448 3950 591 4029 Deinde,
625 3960 663 4014 ut
695 3959 729 4015 et
759 3952 795 4015 in
821 3972 935 4017 earum
962 3953 1187 4018 observatione
1239 3952 1382 4036 aliquam
1410 3975 1510 4037 supra
1532 3976 1567 4020 se
1593 3955 1736 4020 eminere
1762 3960 1957 4038 potestatem
1979 3951 2101 4019 vident.
2144 3952 2214 4017 Ita-

207 4036 300 4101 nulla
328 4035 555 4117 superstitione
583 4058 753 4102 versemur
779 4037 857 4120 ipsi,
892 4059 951 4103 nec
983 4059 1110 4104 morose
1136 4039 1187 4103 ni-
1239 4061 1302 4123 que
1339 4039 1423 4104 nihil
1454 4040 1523 4105 fore
1553 4041 1682 4106 salvum
1716 4041 1922 4119 existimant,
1964 4039 2029 4104 nisi
2062 4045 2150 4103 totus
2177 4038 2213 4101 in

207 4123 312 4187 mium
334 4122 440 4203 ipsam
463 4122 504 4185 ab
526 4121 598 4188 aliis
619 4124 839 4205 requiramus;
863 4119 904 4209 [p.
924 4122 1067 4274 waglne
1083 4125 1187 4207 potio·
1240 4146 1360 4190 novam
1380 4126 1498 4192 faciem
1517 4127 1605 4192 orbis
1626 4127 1829 4205 reformetm,
1850 4126 1905 4192 ubi
1924 4146 1984 4191 nec
2000 4123 2121 4190 iudicia
2138 4125 2214 4201 sint,

208 4229 280 4273 rem
304 4206 370 4272 Dei
396 4207 521 4271 cultum
548 4209 826 4273 caeremoniarum
853 4209 986 4274 multitu
1011 4211 1063 4275 ‘ne
1091 4212 1188 4275 aesti-
1240 4231 1300 4276 nec
1321 4211 1420 4296 loges,
1442 4233 1503 4278 nec
1523 4213 1736 4296 magistratus
1759 4213 1831 4277 etsi
1852 4209 2048 4295 quidsimile
2065 4207 2213 4292 estquod

207 4315 345 4371 memus,
368 4313 410 4357 ne
428 4292 563 4357 ecclesia
580 4294 749 4359 ecclesiam
768 4296 809 4360 cb
826 4301 982 4360 externae
999 4295 1188 4378 disciplinae
1240 4296 1369 4363 officere
1391 4319 1470 4363 suae
1489 4298 1633 4363 libertati
1654 4299 1837 4381 opinantur.
1872 4299 1921 4364 At
1939 4317 2033 4375 vero,
2056 4297 2112 4380 qui
2127 4296 2215 4360 inter

208 4381 402 4444 varietatem
419 4385 615 4444 contemnat.
643 4380 823 4459 Postremo,
842 4387 880 4445 ut
900 4381 1025 4446 nullam
1042 4380 1096 4447 hic
1113 4401 1187 4463 pcr-
1240 4403 1358 4466 corpus
1385 4390 1418 4447 et
1446 4385 1604 4463 animam,
1632 4385 1720 4450 inter
1740 4398 1946 4467 praesentem
1967 4383 2053 4449 hanc
2074 4383 2215 4447 fluxam-

193 4472 341 4548 ·petnam
358 4463 465 4547 legem
482 4464 576 4529 nobis
592 4472 782 4544 statuentes,
803 4473 909 4531 totum
926 4466 1189 4532 observationum
1240 4490 1303 4552 que
1324 4471 1427 4534 viam
1448 4480 1482 4535 et
1502 4471 1647 4536 futuam
1666 4471 1758 4536 illam
1780 4477 2010 4554 aeternamque
2031 4467 2215 4534 discernere

207 4572 305 4617 usum
327 4558 361 4615 et
387 4551 489 4614 finem
521 4549 564 4615 ad
590 4551 744 4617 ecclesiae
776 4552 1033 4618 aedificationem
1067 4552 1188 4618 refera-
1240 4556 1383 4633 noverit,
1411 4577 1517 4638 neque
1546 4556 1677 4623 difficile
1697 4555 1872 4641 intelligat,
1901 4554 2072 4639 spirituale
2089 4552 2215 4619 Christi

207 4657 299 4715 mus,
321 4656 386 4718 qua
406 4635 607 4718 postulante,
629 4659 696 4702 nen
716 4638 813 4703 modo
833 4637 954 4703 mutari
976 4637 1106 4721 aliquid,
1130 4638 1188 4703 sed
1239 4661 1380 4725 regnum
1401 4648 1435 4705 et
1453 4642 1584 4708 civilem
1604 4642 1851 4722 ordinationem,
1873 4664 1926 4707 res
1948 4661 2019 4707 esse
2036 4639 2214 4724 plurimum

208 4720 366 4805 quidquid
393 4728 469 4786 ante
501 4721 536 4786 in
568 4745 631 4787 usu
663 4724 757 4789 nobis
790 4724 1053 4789 observationum
1078 4725 1185 4804 merit
1238 4727 1403 4809 sepositas.

87 4848 96 4854 -
140 4793 152 4812 ⁸
208 4809 346 4887 inverti,
374 4807 467 4872 nulla
488 4808 666 4875 offensione
691 4811 843 4874 feramus.
887 4808 961 4874 Hoc
988 4811 1076 4874 enim
1101 4809 1188 4876 ferre
1326 4811 1412 4879 Dum
1449 4836 1527 4898 ergo
1559 4814 1689 4881 iudaice
1723 4815 1782 4880 illa
1820 4817 1863 4880 sit
1900 4815 2044 4892 vanitas,
2089 4780 2215 4879 Ohristi

207 4892 382 4993 interdum·
407 4900 592 4995 temporum
623 4896 799 4996 rationem,
838 4900 876 4959 ut
906 4895 989 4959 ritus
1005 4896 1186 4994 quosdam,
1240 4920 1379 4983 regnum
1401 4901 1462 4966 snb
1483 4902 1653 4967 elementis
1674 4901 1772 4969 huius
1793 4901 2086 4983 mundiquasrere
2109 4920 2147 4964 ac
2163 4898 2215 4962 in·

208 5000 277 5078 non
303 4999 421 5062 impres
448 4979 569 5079 alroqrn
590 5003 651 5080 nec
672 4980 942 5080 moerorespro
967 5002 1015 5081 rer
1033 4990 1187 5066 oppertu-
1239 4984 1385 5085 cludere,
1407 5007 1467 5052 nos
1487 4987 1608 5071 magis,
1630 4986 1718 5070 quod
1736 4987 1908 5070 perspicus
1927 4986 2091 5068 scriptura
2111 4983 2214 5060 dccet,

208 5065 485 5216 ιιιιιιι
504 5073 686 5174 ιιι
708 5072 872 5150 ιιιι
892 5076 1117 5179 ιιι
1137 5076 1189 5136 ι
1239 5071 2070 5224 ιιιιιιιιιιιιιιιιιιι
2088 5070 2253 5223 ιιι

225 5284 237 5301 ..
295 5199 503 5319 Numquae
527 5238 734 5321 superiorum
760 5244 946 5322 temporum
965 5240 1105 5307 cesama
1126 5241 1189 5305 luit
1240 5243 1311 5326 ipso
1331 5243 1425 5310 nobis
1448 5180 1651 5327 prdlmittitur
1672 5251 1769 5327 atque
1792 5180 1944 5325 ollertur,
1963 5177 2218 5309 ⁴meniirllerimus
