4770 6030
193 347 253 410 111
767 334 1035 404 INSTI'PU'PIO
1055 337 1161 403 REL.
1184 335 1365 404 CHRIST.
1391 340 1622 405 1539-1554.
2133 343 2196 405 512

1830 452 2198 523 amaamaoma.

191 534 314 599 61111666
338 529 518 613 formidine,
544 548 625 609 quae
652 526 740 592 66116
766 528 919 611 imperatur
941 546 979 592 66
1004 526 1164 604 mamas,
1218 527 1288 591 mul
1313 534 1409 609 atque
1433 526 1549 592 facicm
1576 529 1748 606 averteris,
1773 440 2040 610 colrstcrnantur;
2063 532 2120 597 ubi
2143 554 2196 596 re·

191 639 271 703 qaae
299 617 447 682 adversas
472 615 559 680 66116
579 618 748 696 pammac:
773 612 1030 694 quemadmodum
1055 631 1072 674 6
1099 631 1167 675 666-
1218 611 1351 677 duxeris
1380 612 1540 694 spiritum,
1568 614 1742 693 intereunt,
1765 616 1854 679 etin
1876 622 1997 679 terram
2024 624 2195 683 revertun-

191 725 279 771 oerso
297 705 528 784 epracpostcro
548 720 665 777 earam,
688 719 767 778 quac
785 698 1042 763 utiles-videatur
1062 716 1100 761 ac
1116 717 1166 761 sa
1218 703 1286 777 tur;
1323 699 1351 763 si
1379 698 1501 763 emittis
1522 721 1637 764 rursus
1665 701 1831 782 spiritum,
1855 709 2022 781 creantur,
2045 708 2079 767 61
2100 725 2195 768 rono-

191 791 316 867 1616166,
337 788 543 853 admiratione
562 784 724 863 6161661111,
747 789 783 848 61
803 783 845 848 61
864 804 963 849 66616
984 783 1089 848 Deum
1110 804 1166 847 66-
1217 805 1277 849 vas
1308 784 1425 849 faciem
1457 791 1573 849 torrae.
1623 786 1671 850 Et
1698 806 1781 868 quae
1812 787 1935 869 passim
1960 788 1997 851 in
2025 777 2195 872 scripturis

192 881 286 943 torem
305 879 427 939 revocet.
462 872 717 955 Saperditioatm
735 871 875 935 timorem
895 889 972 948 6666,
995 890 1091 950 quam
1113 889 1166 932 666
1218 877 1407 935 occurrunt:
1438 869 1523 952 quod
1552 871 1587 934 in
1614 871 1685 953 ipso
1713 893 1841 950 sumus,
1864 894 2035 938 movemur
2056 877 2195 942 616161-

105 961 113 971 “
187 961 319 1046 perinde
340 959 582 1042 crpooesotmas,
610 976 648 1021 ao
669 956 763 1022 61661
783 957 924 1037 otiosam
944 977 965 1020 a
986 976 1019 1020 66
1039 954 1166 1018 6666611
1217 976 1291 1021 mus
1319 956 1407 1039 (Aca
1430 959 1477 1034 17,
1498 955 1570 1040 28),
1598 956 1684 1039 quod
1716 958 1785 1023 eius
1810 979 1912 1023 manu
1940 958 1982 1023 ad
2009 960 2196 1044 irrigandas

186 1051 365 1132 potestatem
391 1044 547 1123 baberent,
581 1044 629 1107 661
655 1048 763 1107 terrere
789 1043 941 1108 laederent
966 1061 1004 1106 66
1029 1041 1164 1123 fortuito,
1217 1047 1322 1106 terras
1350 1048 1460 1106 ros¹ot
1486 1041 1598 1124 pluvia
1620 1042 1833 1124 distillantia,
1861 1044 1946 1126 quod
1968 1047 2038 1111 eius
2060 1047 2195 1129 imperio

191 1134 239 1200 661
270 1134 420 1197 adversas
453 1150 562 1195 caram
588 1150 703 1193 666666
730 1148 791 1193 666
820 1133 897 1194 esset
925 1129 960 1191 16
987 1127 1055 1192 1166
1086 1127 1167 1190 sotio
1218 1126 1344 1192 coelum
1373 1128 1479 1190 instar
1505 1127 1584 1192 ferri
1610 1128 1808 1208 obdurescit,
1838 1130 1924 1212 quod
1945 1131 1986 1196 ab
2008 1152 2046 1195 66
2073 1153 2140 1214 pax
2161 1141 2195 1197 61

192 1219 317 1285 6661111.
366 1216 513 1297 Exempli
537 1216 658 1298 616116,
686 1219 765 1278 66161
786 1211 1164 1297 61661616666.10,2)
1217 1213 1354 1291 bellum,
1381 1213 1452 1277 vita
1478 1220 1512 1276 61
1539 1235 1643 1294 mors,
1665 1215 1725 1279 lux
1752 1223 1785 1280 et
1812 1217 1979 1296 tenebrae,
2010 1217 2195 1299 pestilentia

191 1327 229 1370 66
251 1327 272 1369 6
293 1304 390 1370 stellis
411 1303 565 1385 61616616
586 1301 659 1366 coeli
680 1297 994 1382 66666111111161,
1021 1297 1167 1380 quemad
1218 1306 1252 1363 et
1279 1300 1417 1376 sanitas,
1446 1298 1647 1365 abundantia
1675 1306 1708 1364 61
1734 1302 1852 1380 fames,
1883 1301 2010 1384 aliaque
2037 1304 2194 1368 eiusmodi

191 1389 316 1456 modum
336 1388 488 1454 increduli
508 1387 611 1452 661661.
655 1386 729 1452 Noa
749 1386 908 1466 6666111161
929 1389 1005 1450 certa
1028 1385 1167 1448 timorem
1218 1384 1314 1469 (1166.
1334 1388 1384 1462 26,
1407 1389 1442 1455 4.
1459 1387 1506 1448 19.
1542 1386 1907 1466 1)66111,146128,
1931 1386 2069 1473 1223),
2099 1398 2197 1472 prout

192 1478 337 1554 damnat·
369 1476 422 1539 sed
448 1494 545 1556 qaam
569 1472 681 1537 666611
705 1472 952 1555 66166661166661
981 1492 1001 1535 6
1028 1469 1096 1534 Deo
1125 1469 1167 1533 od
1219 1478 1276 1534 aut
1296 1470 1512 1535 beneficentia
1535 1469 1701 1536 declarare
1728 1494 1822 1537 suam
1843 1474 2023 1539 bonitatem
2045 1475 2195 1556 voluerit,

192 1567 281 1630 aetra
302 1562 492 1644 transferant
511 1558 658 1640 16116166,
680 1578 773 1622 suom
793 1555 1168 1639 661161161161616661611
1218 1563 1276 1620 661
1298 1556 1471 1621 severitate
1492 1557 1614 1621 iustam
1633 1556 1828 1623 iudiciorum
1850 1580 1984 1624 suorum
2006 1559 2172 1625 ultionem.

191 1650 309 1715 seriam
329 1647 544 1712 6166166666
565 1644 692 1709 demotis
714 1648 742 1708 61
761 1644 955 1727 praesagiat,
983 1662 1043 1707 666
1065 1646 1167 1705 66166
1305 1645 1354 1705 52.
1399 1640 1482 1705 1616
1510 1664 1587 1706 vero
1616 1643 1671 1726 pia
1698 1644 1894 1709 conscientia
1920 1646 2089 1728 ingentem
2118 1669 2195 1712 con-

192 1757 214 1801 a
234 1734 300 1798 1161
320 1734 471 1798 columae
486 1731 620 1813 pendere
644 1731 771 1813 1166661.
816 1728 869 1794 116
893 1730 929 1811 fit
955 1729 1101 1792 attimar
1121 1748 1168 1791 eo-
1219 1727 1384 1792 solationis
1413 1728 1586 1792 materiam
1619 1728 1767 1794 desumit.
1824 1728 1863 1794 81
1893 1731 1991 1813 pullis
2023 1753 2195 1797 corvorum

192 1841 264 1886 ram
286 1819 324 1884 ab
345 1839 407 1883 666
427 1818 489 1897 aro,
511 1837 601 1897 qoem
626 1817 776 1897 respicere
796 1814 930 1893 1616161,
953 1813 995 1878 ad
1014 1813 1167 1878 61616661
1219 1834 1313 1896 opem
1346 1834 1440 1878 suam
1470 1813 1720 1897 implorantibus
1752 1816 1861 1881 cibum
1893 1816 2077 1900 6666611161
2110 1817 2193 1901 (161.

192 1910 320 1972 cometas
352 1903 559 1968 abstrahatur.
613 1901 664 1966 Ab
694 1902 752 1966 166
783 1902 880 1984 igitar
906 1896 1085 1981 1611611616
1112 1899 1167 1980 661
1221 1902 1271 1977 38,
1291 1897 1363 1984 41),
1391 1897 1495 1962 multo
1527 1901 1632 1983 magis
1657 1901 1764 1980 nobis,
1797 1902 1855 1984 qui
1880 1903 2019 1986 populus
2043 1905 2112 1968 6166
2139 1927 2194 1970 su-

192 2012 297 2059 oooerc
323 1990 412 2069 66161,
440 1989 589 2054 aromata
609 1984 729 2068 oempcr
755 1991 866 2065 terreat,
893 2007 955 2050 666
984 1985 1083 2050 altam
1103 2004 1168 2050 6666
1218 2005 1307 2063 mus,
1341 1991 1374 2049 61
1402 2005 1479 2049 oves
1505 2005 1700 2066 pascuorum
1726 1988 1804 2053 cius.
1856 1986 1895 2052 81
1926 1990 2131 2070 passerculus
2159 1992 2197 2054 in
2308 1987 2311 1990 ’

193 2082 249 2144 661
263 2077 446 2158 potentiam,
470 2078 526 2140 661
546 2075 708 2151 actionem,
737 2077 794 2137 661
813 2074 974 2138 motionem
994 2072 1030 2135 16
1051 2076 1168 2135 creata
1219 2076 1342 2134 terram
1363 2091 1431 2134 non
1453 2070 1540 2135 cadit
1561 2070 1696 2157 (Matth.
1719 2078 1766 2151 10,
1787 2072 1853 2156 23),
1876 2075 1940 2138 6161
1961 2095 1998 2139 eo
2020 2077 2143 2140 6616616
2164 2084 2198 2141 61

192 2165 365 2244 11666666
382 2181 464 2244 qaae
485 2183 506 2226 6
526 2158 595 2225 Deo
617 2164 748 2238 6666661,
771 2158 809 2222 61
832 2179 864 2223 eo
879 2158 1076 2242 aeternatur.
1105 2157 1168 2220 Er-
1220 2157 1267 2220 ita
1295 2155 1514 2239 dispensante,
1543 2157 1646 2221 multo
1674 2159 1780 2242 magis
1806 2160 1842 2223 in
1869 2181 1982 2225 curam
2013 2163 2116 2225 nostri
2139 2184 2197 2226 ex-

190 2269 230 2333 66
256 2249 311 2313 166
337 2247 499 2329 epithetum,
526 2249 642 2310 creator
666 2245 924 2322 666116116666,
954 2242 1168 2323 6611616666
1220 2242 1359 2321 6616111,
1382 2262 1461 2324 quos
1482 2242 1553 2306 vult
1574 2244 1667 2323 tueri,
1691 2251 1728 2307 ut
1748 2244 1908 2327 pupillam
1929 2246 2022 2311 oculi.
2069 2245 2197 2312 Sinon

192 2335 281 2414 16116,
307 2332 512 2419 adprobatio
541 2335 585 2396 661
610 2331 784 2413 eupatoris
804 2330 982 2409 sermatiae,
1006 2330 1044 2394 16
1064 2329 1168 2410 166166
1220 2328 1256 2391 16
1280 2349 1365 2410 pane
1387 2328 1454 2393 6616
1475 2329 1559 2392 61611
1587 2330 1699 2408 homo,
1728 2329 1786 2395 sod
1811 2332 1919 2414 potius
1941 2333 2033 2398 verbi
2055 2334 2124 2398 eins
2146 2335 2196 2398 61-

192 2419 499 2501 Decaniacum.
550 2422 556 2429 '
1220 2434 1298 2496 gore
1321 2413 1432 2497 (Deut
1453 2417 1482 2491 8,
1503 2416 1531 2477 3.
1561 2414 1680 2479 Matth.
1700 2421 1730 2495 4,
1749 2415 1799 2500 4),
1824 2418 1903 2482 66116
1925 2419 2089 2484 66166116
2110 2419 2197 2502 quod

280 2510 329 2570 51.
380 2503 524 2569 Tametsi
536 2503 560 2587 ¹)
594 2503 770 2584 impiorum
796 2522 922 2585 quoque
951 2501 1067 2578 ammi,
1100 2500 1168 2564 solo
1220 2520 1315 2564 suam
1336 2499 1429 2564 66116
1450 2500 1607 2564 virtutem
1629 2522 1798 2583 nunquam
1817 2502 2003 2568 defuturam
2019 2506 2194 2586 promittit:

191 2592 307 2658 mundi
335 2591 433 2655 huius
465 2596 611 2672 aspectu,
646 2587 688 2652 ad
721 2594 901 2653 creatorem
934 2607 1007 2652 reco
1055 2607 1167 2651 oscen·
1219 2584 1349 2667 quando
1377 2606 1416 2650 ea
1442 2585 1511 2650 sola
1533 2587 1653 2652 sufficit
1674 2587 1717 2651 ad
1737 2609 1797 2653 666
1827 2588 1960 2653 6166166
1983 2597 2195 2672 616666166-

192 2678 272 2745 dum
293 2684 462 2760 cogrmtur,
488 2697 584 2740 suum
600 2681 712 2738 tamen
732 2673 931 2755 peculiarem
950 2693 1004 2736 mo
1027 2693 1085 2735 um
1108 2671 1167 2735 ha·
1220 2669 1287 2735 dos.
1338 2669 1462 2735 Contra
1489 2692 1567 2736 vero
1594 2694 1636 2736 ox
1664 2674 1850 2753 sterilitato,
1876 2675 1977 2754 fame,
1999 2674 2192 2757 pestilentia,

191 2764 248 2830 161
267 2763 358 2842 fides,
380 2783 444 2844 quo
465 2761 576 2825 Deum
597 2759 677 2825 coeli
701 2781 738 2824 66
760 2765 867 2823 torrae
889 2765 1068 2823 creatorem
1090 2779 1167 2822 con·
1218 2755 1284 2820 Dei
1311 2755 1569 2840 indignationem
1597 2759 1781 2825 aestimabit
1807 2761 1929 2842 potius,
1961 2782 2059 2843 quam
2091 2762 2194 2826 fortu-

191 2849 375 2933 tcmpletur.
420 2845 517 2912 Unde
535 2845 698 2928 apostolus
721 2843 821 2909 tradit
838 2843 954 2930 (Hebr.
970 2845 1025 2922 11,
1046 2843 1080 2927 3)
1102 2842 1167 2908 116
1218 2863 1297 2906 nam
1319 2847 1442 2925 arguet
1487 2842 1657 2909 Postremo
1680 2866 1722 2909 ex
1743 2866 1806 2927 quo
1834 2856 2014 2911 creatorem
2035 2856 2193 2927 nostram,

190 2926 250 3000 no's
282 2934 465 3016 intelligere
502 2933 734 2997 concinnatum
764 2951 835 2995 6666
868 2928 1035 2995 saeculum
1066 2929 1166 2994 verbo
1220 2935 1361 2991 tutorem
1394 2934 1427 2991 ot
1454 2929 1628 2993 nutritium
1657 2951 1727 2995 esso
1755 2932 1923 3016 intelligit,
1956 2932 2033 2997 inde
2066 2933 2196 3016 colliget

190 3022 269 3098 Dei;
298 3021 375 3103 quia
395 3040 461 3082 non
488 3017 582 3081 aliter
602 3018 664 3081 rito
690 3017 905 3100 perspicimus
926 3013 1003 3098 quid
1025 3015 1086 3080 hoc
1108 3037 1166 3079 va—
1218 3034 1278 3078 nos
1299 3013 1388 3078 illius
1410 3034 1490 3090 csse,
1513 3035 1580 3078 666
1601 3023 1744 3097 nostros;
1766 3037 1826 3082 nos
1842 3017 1891 3081 illi
1908 3025 2056 3101 oportere
2073 3021 2194 3097 vivere,

191 3107 271 3182 leat,
303 3106 415 3170 Deum
442 3123 513 3168 6666
541 3103 687 3167 omnium
714 3109 908 3181 creatorem,
942 3108 1105 3183 utcunque
1134 3107 1168 3165 61
1218 3120 1285 3163 666
1306 3099 1415 3179 66116;
1444 3100 1547 3163 vitam
1568 3107 1730 3181 nostram,
1752 3124 1842 3189 ,quae
1871 3104 1941 3169 eius
1967 3105 2123 3170 beneficio
2144 3106 2197 3169 16-

190 3197 301 3256 166616
333 3187 608 3271 comprehendere
640 3195 674 3252 61
712 3188 827 3272 lingua
858 3188 954 3252 fateri
985 3184 1165 3252 videamur.
1219 3184 1354 3249 columis
1371 3192 1525 3266 perstat,
1558 3208 1633 3252 cum
1666 3188 1816 3254 omnibus
1844 3190 1911 3256 suis
1942 3191 2122 3257 actionibus
2153 3190 2197 3256 ad

191 3276 310 3343 (larnis
343 3275 433 3340 enim
460 3275 626 3357 cogitatio,
654 3274 711 3338 ubi
736 3275 801 3339 Dei
828 3276 985 3340 virtutem
1009 3272 1109 3338 semel
1130 3273 1166 3336 in
1218 3270 1312 3333 illurn
1334 3291 1405 3335 6666
1427 3270 1640 3337 referendam.
2011 3304 2012 3307 ¹

102 3382 104 3387 ·
190 3364 261 3448 ipsa
283 3361 445 3428 creatione
467 3359 528 3424 sibi
550 3360 725 3443 proposuit,
747 3360 814 3425 illic
831 3359 993 3439 subsistit;
1015 3365 1048 3423 et
1065 3379 1166 3440 quum
1306 3359 1356 3420 53.
1406 3353 1584 3421 Sedenim
1605 3380 1647 3423 ne
1667 3380 1765 3441 quem
1786 3363 1968 3444 perturbet,
1988 3361 2074 3444 quod
2095 3363 2196 3429 creati

190 3450 378 3532 longissime
398 3444 552 3530 procedit,
575 3446 659 3510 nibil
680 3444 769 3510 aliud
790 3466 890 3527 quam
909 3445 945 3509 in
966 3443 1090 3509 edendo
1107 3444 1167 3509 tali
1219 3442 1299 3508 coeli
1320 3449 1353 3506 61
1369 3451 1477 3508 terrae
1495 3442 1599 3526 gloria
1615 3452 1701 3527 6616

190 3535 316 3619 opificio
339 3533 461 3599 autoris
483 3532 678 3614 sapientiam
696 3537 728 3596 et
745 3531 933 3614 potentiam,
951 3552 1035 3612 quae
1052 3536 1166 3613 sponte
1219 3535 1286 3608 tur,
1318 3549 1355 3593 ac
1377 3529 1405 3593 61
1427 3527 1468 3593 61
1490 3549 1530 3593 66
1548 3530 1595 3595 616
1616 3467 1867 3597 exclulercntur
1888 3533 1976 3599 filius
1990 3540 2031 3598 et
2051 3535 2194 3618 spiritus,

191 3642 261 3686 6666
281 3620 460 3703 proferunt,
483 3625 517 3683 61
537 3618 722 3683 nolentibus
739 3618 839 3682 etiam
854 3619 1019 3701 ingerunt,
1043 3637 1165 3700 expen-
1218 3613 1252 3678 id
1274 3613 1498 3696 accipiendum
1518 3616 1773 3696 meminerimus,
1796 3617 1975 3683 secundum
1993 3640 2073 3698 eam,
2096 3640 2196 3701 quam

191 3705 240 3770 dit
270 3707 312 3769 ot'
328 3705 524 3784 oonsiderat;
558 3705 594 3768 in
615 3702 838 3769 conservando
861 3711 971 3767 autem
992 3713 1026 3767 61
1054 3701 1166 3766 modo·
1218 3701 1443 3782 exposuimus,
1472 3701 1709 3784 proprietatum
1736 3703 1984 3770 distinctionem.
2030 3703 2195 3786 Quoniam

189 3790 308 3870 rando,
330 3790 517 3874 generalem
538 3789 703 3872 quandam
724 3791 893 3868 actionem,
916 3788 1002 3853 unda
1024 3789 1074 3854 616
1095 3809 1165 3852 mo·
1217 3787 1306 3851 enim
1328 3785 1370 3850 ad
1390 3792 1518 3868 patrem
1539 3787 1681 3853 refertur
1701 3790 1849 3854 omnium
1870 3791 2074 3874 principium,
2097 3812 2196 3875 agere

191 3876 288 3940 tionis
317 3875 505 3958 dependeat.
551 3878 597 3940 At
617 3898 696 3941 vero
718 3875 800 3940 fides
822 3875 919 3940 altius
941 3881 1105 3957 penetrat,
1131 3880 1165 3938 et
1216 3873 1286 3956 ipse
1312 3872 1443 3954 proprie
1470 3872 1588 3939 dicitur
1595 3897 1603 3953 3
1632 3874 1690 3939 scd
1717 3876 1753 3939 in
1780 3876 1940 3960 sapientia
1962 3884 1995 3941 et
2014 3899 2074 3960 por
2095 3877 2191 3960 spiri-

190 3982 287 4045 quem
308 3962 454 4025 omnium
475 3968 655 4026 creatorem
674 3983 745 4027 6666
767 3960 892 4040 didicit,
916 3961 1028 4026 statim
1048 3982 1164 4044 porpe-
1216 3965 1296 4023 tum.
1346 3956 1421 4038 Quo
1448 3957 1531 4022 mihi
1557 3961 1720 4040 pertinere
1746 3983 1811 4027 vox
1843 3962 1902 4026 illa
1927 3963 2030 4044 patris
2060 3962 2190 4028 videtur

190 4057 285 4112 tuum
312 4066 438 4128 quoque
464 4046 704 4112 moderatorem
727 4054 761 4112 ct
787 4055 1049 4113 conservatorem
1076 4047 1163 4130 cogi·
1217 4043 1396 4127 (utcumque
1422 4045 1604 4111 nasutiores
1630 4046 1763 4128 quidam
1796 4048 2005 4132 reclament):
2033 4050 2190 4115 faciamus

190 4139 260 4199 tat.
292 4132 407 4213 Neque
426 4131 469 4211 id,
493 4131 671 4198 universali
692 4133 833 4216 quadam
855 4133 997 4197 motione
1019 4140 1090 4197 tam
1111 4154 1163 4196 or·
1216 4130 1381 4194 hominem
1412 4129 1455 4194 61
1492 4131 1670 4215 imaginem
1701 4141 1735 4198 et
1766 4132 2012 4199 similitudinem
2044 4142 2191 4200 nostram

189 4219 240 4286 bis
260 4217 462 4297 machinam,
484 4240 582 4301 quam
603 4219 750 4303 singulas
771 4220 841 4284 eius
860 4225 971 4300 partes
993 4217 1163 4301 agitando;
1215 4215 1315 4301 (Gen
1338 4214 1456 4302 1,26);
1484 4217 1561 4300 quia
1587 4240 1647 4284 nac
1675 4240 1750 4284 cum
1777 4220 1901 4304 angelis
1928 4219 2101 4299 deliberat,
2128 4241 2190 4285 nec

190 4304 248 4371 sed
275 4303 434 4387 singulari
461 4303 602 4386 quadam
629 4305 882 4389 providentia,²)
911 4304 1163 4386 unumquodque
1215 4302 1342 4366 coelum
1359 4310 1417 4366 aut
1437 4308 1560 4366 terram
1582 4304 1795 4371 adterendae
1817 4306 1878 4370 sibi
1899 4307 2063 4388 suppetias
2082 4326 2189 4370 accer-

190 4411 406 4473 eorumquae
428 4388 582 4467 condidit,
606 4389 648 4454 ad
669 4392 842 4454 minimum
864 4411 965 4472 usquc
986 4409 1162 4472 passerem,
1216 4389 1267 4467 611,
1290 4395 1328 4451 61
1355 4386 1469 4452 Iudaei
1491 4388 1623 4470 quidam
1645 4392 1817 4468 somniant,
1840 4413 1901 4457 nec
1923 4413 1958 4457 66
1979 4393 2088 4475 ipsum
2110 4391 2189 4456 allo-

190 4475 388 4555 sustinendo,
410 4474 558 4554 fovendo,
582 4475 735 4540 curando.
770 4478 817 4541 Ilt
837 4496 1024 4559 quanquam
1045 4495 1163 4556 pamm
1215 4475 1335 4558 quitur,
1358 4484 1396 4537 ut
1417 4473 1556 4540 absurde
1576 4477 1833 4560 interpretantur
1850 4477 1915 4555 alii,
1937 4476 1995 4543 661
2012 4478 2191 4561 sapientias

191 4562 386 4628 discriminis
414 4569 564 4645 apparot,
592 4582 762 4643 nunquam
777 4567 889 4626 tamon
911 4560 953 4626 ad
975 4561 1073 4625 istam
1094 4581 1163 4625 me-
1216 4581 1294 4625 suaa
1316 4559 1542 4625 consiliumet
1567 4584 1661 4627 suam
1686 4563 1842 4628 virtutem
1870 4563 1906 4626 in
1930 4565 2037 4646 operis
2059 4584 2190 4629 conscr-

191 4646 381 4713 ditationem
416 4649 573 4732 pertingit
600 4646 746 4713 humana
780 4646 969 4730 prudentia,
1002 4646 1038 4710 in
1066 4667 1165 4729 quam
1216 4647 1299 4710 tium
1321 4644 1466 4711 advocat.
1509 4648 1600 4732 Ergo
1621 4649 1649 4713 si
1670 4659 1756 4714 cum¹
1770 4649 1917 4731 profectu
1937 4649 2108 4731 fructuque
2131 4648 2190 4712 ali-

189 4733 300 4799 David
321 4735 472 4799 evehitur
492 4741 560 4799 toto
579 4733 704 4818 psalmo
725 4738 794 4798 104.
818 4732 1012 4817 praesertim
1029 4753 1107 4799 vcro
1128 4734 1164 4797 in
1217 4753 1279 4816 quo
1303 4732 1413 4795 Deum
1442 4753 1618 4817 agnoscere
1644 4734 1725 4799 coeli
1752 4755 1789 4800 aa
1817 4742 1925 4800 terrac
1950 4741 2129 4802 creatorem
2149 4733 2191 4795 li-

189 4819 394 4885 oonolusione
421 4821 505 4900 cius,
534 4819 591 4886 ubi
619 4821 665 4885 ait
694 4817 738 4906 (6.
759 4819 829 4906 21);
859 4819 969 4884 omnia
991 4818 1033 4883 ad
1059 4826 1092 4883 16
1113 4841 1165 4884 rc-
1217 4819 1287 4896 161,
1314 4823 1504 4900 patremque
1529 4820 1799 4902 omnipotentem,
1828 4820 1937 4886 danda
1957 4827 2008 4888 ec
2034 4839 2133 4902 opera
2152 4825 2191 4881 ut

190 4905 345 4989 spiciunt,
375 4914 412 4969 ut
441 4906 497 4972 166
525 4907 590 4972 illis
618 4927 726 4973 escam
753 4907 789 4972 in
817 4918 977 4989 tempore3
1008 4904 1106 4970 16616
1134 4914 1166 4969 16
1219 4905 1260 4970 61
1287 4904 1358 4968 eius
1383 4904 1587 4986 providentia
1613 4912 1682 4970 tota
1708 4907 1952 4989 exspectatione
1981 4902 2190 4988 pendeamus,

191 4990 361 5075 colligtmt;
383 4998 415 5056 to
443 5014 579 5058 manum
600 4993 780 5075 apariente,
804 4993 967 5058 satiantur
987 4992 1094 5056 bonis:
1123 4992 1167 5057 si·
1219 4997 1257 5053 ut
1282 4995 1454 5071 paternam
1487 4991 1722 5074 benignitatem
1755 5013 1793 5057 ac
1820 4992 2027 5058 clementiam
2053 4991 2192 5076 gratitu-

340 5134 353 5138 -
1220 5075 1296 5140 1166
1325 5076 1441 5140 saltam
1467 5096 1717 5160 prosequamur,
1745 5099 1912 5144 eamcam
1934 5077 2053 5143 animis
2073 5077 2194 5142 nostris

261 5194 289 5260 1)
307 5195 371 5250 aaa.
390 5214 454 5250 aa
474 5195 541 5249 66
559 5203 584 5251 a
601 5212 671 5268 seqq.
723 5197 753 5266 a)
773 5196 839 5251 aaa
857 5204 882 5252 a
900 5195 968 5251 646
986 5196 1167 5266 6166,-666-
1220 5161 1416 5260 reputando,
1443 5182 1517 5261 ⁰²1¹}
1542 5162 1656 5246 lingua
1682 5162 1954 5246 depraedicando,
1983 5185 2056 5229 eam
2077 5163 2194 5261 quibus

192 5262 322 5330 rogativa.
1219 5255 1398 5330 poteramus
1417 5247 1569 5314 laudibus
1589 5248 1741 5314 tollendo.
1784 5250 1900 5314 Talem
1919 5258 2049 5333 patrem
2066 5248 2195 5315 ardena
