4770 6030
188 341 384 408 XXXVIII
731 339 997 408 INSTITUTIO
1019 340 1295 408 RELIGIONIS
1318 342 1645 410 CHRISTIANAE.

188 532 351 616 indigere,
383 520 445 598 sibi
472 530 660 614 persuaderi
689 531 825 595 minime
846 552 962 615 passus
984 537 1042 595 est.
1087 530 1262 596 Caeterum
1289 533 1324 594 in
1352 533 1458 614 operis
1479 531 1686 614 dispositione
1709 531 1914 613 capitumque
1937 531 2188 613 consequutione

188 651 222 708 et
243 665 379 709 numero
401 644 441 709 ab
470 664 509 707 ea
536 644 654 720 forma,
689 662 788 726 quam
817 641 967 706 voluerat
988 663 1059 707 esse
1082 643 1116 705 in
1138 642 1280 707 secunda
1302 643 1443 707 editione
1472 643 1647 721 riheliana,
1675 643 1760 706 nihil
1791 642 1946 707 discessit.
1992 643 2054 706 Est
2076 649 2187 705 tamen

189 755 311 837 aliquid
332 757 368 818 in
389 755 451 819 hac
473 776 610 832 novum,
639 759 770 836 praeter
791 753 966 818 voluminis
988 753 1090 836 ipsius
1119 760 1335 839 typorumque
1361 753 1631 832 mediocritatem,
1661 775 1723 836 quo
1746 776 1765 818 a
1791 754 2060 835 praecedentibus
2081 736 2194 834 pano·

188 867 299 931 statim
320 865 438 930 obtutu
463 855 692 948 distinguntur:
723 864 917 930 divisionem
944 864 1081 930 dicimus
1104 866 1308 948 singulorum
1339 866 1483 947 capitum
1508 865 1543 929 in
1570 866 1729 930 sectiones
1756 866 1899 929 minores
1926 865 2072 928 numeris
2094 873 2186 928 uota·

187 984 254 1055 tas,
277 999 416 1060 quarum
439 999 616 1054 summam,
640 977 666 1041 si
689 983 878 1058 computum
900 976 1031 1054 feceris,
1058 977 1147 1040 mille
1176 976 1391 1042 ducentarum
1414 984 1447 1040 et
1476 976 1708 1060 septemdecim
1728 998 1812 1041 esse·
1820 977 1977 1041 invenies.
2021 974 2114 1056 Quae
2137 975 2187 1039 di·

186 1090 282 1166 visio,
309 1090 345 1155 in
375 1090 524 1154 omnibus
552 1088 783 1171 posterioribus
806 1086 1000 1152 editionibus
1022 1096 1165 1167 servata,
1194 1088 1367 1152 lectionem
1389 1088 1465 1153 libri
1492 1071 1671 1154 faciliorem
1692 1087 1848 1166 reddidit,
1883 1110 1984 1170 quum
2011 1101 2107 1160 antea
2127 1108 2187 1170 per

168 1201 300 1284 ‚longas
321 1202 517 1284 paginarum
539 1200 706 1264 columnas
726 1206 892 1282 protracta
914 1199 1099 1282 disputatio,
1122 1201 1180 1264 vii
1202 1200 1330 1283 uspiam
1350 1201 1535 1282 interrupto
1556 1221 1712 1264 versuum
1734 1206 1855 1278 tenore,
1879 1220 1955 1263 rara
1976 1200 2187 1262 materiarum

81 1393 85 1404 .
187 1311 396 1376 distinctione
423 1313 654 1376 obscuritatem
682 1319 715 1374 et
743 1309 911 1374 fastidium
937 1310 1051 1375 lectori
1080 1312 1240 1395 genuerit.
1286 1309 1376 1376 Sane
1398 1311 1485 1376 hanc
1506 1331 1626 1376 novam
1649 1310 1812 1376 scribendi
1833 1309 2025 1374 methodum
2048 1309 2187 1374 Calvino

187 1443 254 1486 non
277 1424 438 1488 renitente
459 1422 678 1487 introductam
700 1421 876 1486 credideris
882 1445 890 1500 ς
918 1443 962 1486 an
982 1443 1060 1487 vero
1082 1423 1145 1504 ipsi
1168 1422 1325 1487 debeatur
1347 1422 1493 1487 eiusdem
1515 1422 1556 1486 ad
1583 1429 1712 1486 textum
1734 1422 1921 1504 applicatio,
1952 1422 2093 1486 dubitari
2115 1428 2188 1504 pot·

188 1541 245 1620 est.
291 1533 389 1599 Certe
411 1556 453 1598 ex
474 1535 564 1598 tituli
584 1555 683 1616 quam
704 1532 852 1597 dedimus
881 1533 1021 1598 formida
1043 1533 1158 1598 editori
1180 1534 1288 1616 potius
1309 1534 1518 1599 tribuendam
1540 1534 1672 1618 colliges
1693 1535 1749 1616 qui
1771 1540 1804 1597 et
1831 1533 1991 1598 indicibus
2015 1533 2188 1598 conficien-

189 1644 239 1710 dis
261 1667 354 1710 suam
376 1667 509 1729 operam
530 1646 710 1711 navaverit.

1044 1964 1234 2046 EDITIO
1256 1965 1327 2046 Vi

679 2186 684 2205 .
731 2131 1027 2200 cannuensis
1050 2135 1094 2198 11.
1129 2132 1365 2199 scapnam
1386 2134 1412 2198 1.
1449 2139 1539 2198 rona.
1573 2134 1644 2198 sa.

342 2303 505 2368 Editionis
526 2304 651 2385 primae
674 2306 866 2387 genevensis
888 2305 1080 2388 gerardinae
1102 2312 1234 2370 exstant
1257 2305 1319 2369 duo
1342 2307 1531 2390 apographa
1552 2307 1620 2370 sive
1648 2305 1858 2387 repetitiones
1881 2325 1961 2385 quas
1983 2305 2115 2370 brevius
2137 2327 2190 2371 re·

187 2437 319 2482 censere
351 2436 535 2498 possumus,
569 2437 669 2497 quum
698 2416 802 2479 altera
829 2437 895 2480 non
921 2418 985 2481 nisi
1012 2417 1216 2500 paucissimis
1243 2418 1447 2500 singularum
1476 2408 1593 2483 vocum
1623 2414 1903 2480 emendationibus
1932 2438 1952 2480 a
1980 2416 2189 2499 praecedenti

188 2527 368 2611 exemplari
388 2525 533 2605 recedat,
562 2527 665 2591 altera
688 2527 728 2591 ab
750 2527 812 2592 hoo
831 2529 1009 2609 posteriore
1031 2530 1162 2593 omnino
1185 2529 1294 2607 nullis,
1322 2530 1369 2594 ita
1387 2537 1425 2593 ut
1447 2529 1486 2594 dc
1508 2530 1678 2611 utriusque
1701 2534 1839 2592 externa
1860 2534 1990 2591 tantum
2012 2528 2117 2592 forma
2139 2528 2189 2593 di·
2294 2536 2301 2545 '

187 2640 327 2706 cendum
349 2639 400 2704 sit.

340 2751 438 2815 Prior
458 2751 530 2828 fuit,
554 2772 655 2832 eaque
676 2751 824 2814 omnium
847 2750 1118 2832 splendidissima,‘
1140 2774 1222 2836 quae
1245 2775 1286 2817 ex
1307 2754 1436 2818 officina
1458 2753 1595 2817 Roberti
1617 2749 1779 2834 Stephani
1797 2751 1900 2831 patris
1919 2752 2094 2833 genevensi
2113 2771 2190 2833 pro·

187 2862 257 2940 diit,
281 2861 413 2926 chartae
436 2861 652 2945 amplitudine
674 2869 891 2946 typorumque
913 2863 1074 2946 elegantia
1096 2873 1129 2928 et
1149 2865 1344 2930 mendorum
1363 2865 1449 2929 mira
1471 2865 1605 2929 raritate
1627 2863 1776 2945 insignis.
1811 2862 1941 2925 Titulus
1959 2869 2022 2926 est:
2046 2859 2190 2937 INSTI-

187 2972 327 3038 ‘PV'HO
348 2962 661 3054 CHRI-tstianae
692 2961 921 3071 religionis.
948 2976 952 3057 Ι
976 2975 1123 3039 Iohanne
1146 2975 1285 3040 Caluino
1308 2975 1451 3040 authore.
1480 2976 1483 3057 Ι
1509 2984 1655 3039 lunicius
1678 2982 1752 3036 ovo
1775 2981 2091 3037 noouuurrssnui:
2126 2983 2192 3038 nn-

186 3095 260 3149 TER
281 3085 437 3167 ΒΕ-Ιῐιιῐη
463 3085 657 3168 insignium:
686 3086 769 3150 alter
795 3107 873 3150 vero
900 3087 1045 3151 locorum
1070 3109 1182 3152 sacrae
1209 3086 1398 3169 Scripturas
1426 3088 1481 3169 qui
1503 3088 1537 3151 in
1559 3087 1612 3150 his
1633 3084 1899 3149 Institutionibus
1921 3083 2061 3169 obi-lter
2083 3085 2190 3168 expli-

185 3203 310 3260 cantur.
335 3197 339 3280 Ι
366 3183 496 3266 Olina
525 3184 704 3265 Roberti
734 3185 951 3296 Stephani.
980 3183 985 3288 Ι
1014 3186 1073 3267 M.
1082 3187 1135 3267 D.
1143 3186 1262 3268 LIII.
1288 3199 1292 3281 Ι
1323 3220 1397 3264 cum
1420 3196 1664 3281 Stephanorum
1686 3194 1880 3260 emblemate
1902 3198 2078 3262 notissimo.

339 3308 545 3373 Praemissae
572 3314 655 3373 sunt
676 3308 812 3390 epistola
833 3307 965 3373 Caluini
993 3309 1034 3373 ad
1056 3310 1224 3388 lectorem,
1253 3310 1399 3374 eiusdem
1428 3310 1585 3392 praefatio
1609 3310 1649 3374 ad
1671 3311 1812 3392 Regem,
1841 3316 1875 3372 et
1894 3329 2022 3373 summa
2044 3309 2192 3391 capitum

186 3419 377 3501 simpliciter
398 3440 440 3483 ex
461 3419 602 3483 editione
623 3420 830 3503 praecedenti
852 3419 1022 3502 descripta.
1068 3421 1160 3486 Haec
1189 3423 1297 3485 omnia
1319 3429 1390 3486 octo
1419 3421 1504 3486 foliis
1533 3420 1774 3503 comprehensa.
1821 3421 1945 3486 Textus
1966 3420 2192 3485 Institutionis

186 3529 297 3594 addito
325 3529 532 3595 catechismo
561 3532 623 3596 sibi
649 3532 750 3595 sumit
775 3530 895 3614 viginti
922 3539 955 3596 et
977 3539 1047 3597 octo
1074 3534 1301 3614 quaterniones
1330 3533 1399 3597 sive
1423 3535 1485 3595 224
1506 3532 1584 3596 folia
1606 3540 1792 3610 numerata,
1816 3553 1883 3596 non
1904 3532 2041 3615 paginas
2064 3530 2191 3614 (b-z;
2305 3545 2308 3557 ’

186 3640 330 3726 A-F),
354 3662 434 3723 quos
454 3649 635 3724 sequuntur
657 3650 796 3725 quatuor
818 3642 873 3707 alii
897 3642 1048 3729 (ta—K)
1074 3666 1149 3709 cum
1170 3643 1331 3709 indicibus
1354 3638 1535 3727 gorardinis
1558 3666 1617 3709 sua
1638 3644 1838 3726 praefatione
1860 3644 1991 3709 orbatis.
2039 3640 2193 3727 Singulis

188 3757 299 3815 textus
321 3754 450 3836 paginis
472 3754 694 3837 quinquageni
716 3762 749 3818 et
770 3755 896 3839 septeni
917 3776 1031 3820 versus
1053 3756 1284 3821 inscribuntur.
1331 3757 1371 3820 In
1393 3759 1459 3821 fine
1483 3756 1616 3839 legitur:
1640 3755 1835 3820 Excudebat
1855 3755 2019 3819 Robertus
2045 3751 2192 3836 Stepha

188 3884 251 3927 nus
272 3863 307 3928 in
329 3886 388 3929 sua
410 3866 540 3931 officina
567 3887 654 3931 anno
676 3867 722 3931 Μ.
730 3867 771 3930 Ι).
779 3867 874 3931 LIII.
904 3867 1008 3950 pridie
1036 3889 1111 3932 non.
1134 3869 1317 3933 Februarii.
1367 3867 1544 3933 Caeterum
1570 3868 1729 3932 miramur
1750 3868 1919 3951 Haaginm
1945 3867 2030 3932 hanc
2058 3866 2193 3932 silentio

185 3976 391 4056 praeteriisse
413 3976 551 4059 (Fratue
566 3984 647 4060 prot.
669 3978 732 4042 HJ.
760 3978 854 4064 lta).

1034 4296 1225 4378 EDITIO
1248 4296 1340 4377 VII.

672 4462 972 4532 suuuvuusrs
996 4466 1059 4530 111.
1092 4464 1404 4532 suasionum.
1442 4471 1531 4530 1554.
1567 4470 1595 4530 s.
1618 4467 1695 4532 ma.

339 4638 515 4728 Ultimum
532 4662 692 4727 secundae
718 4662 861 4728 familiae
883 4664 1052 4749 exemplar
1073 4664 1161 4728 hunc
1187 4684 1266 4747 prae
1294 4683 1329 4727 se
1355 4663 1419 4728 fert
1447 4663 1591 4728 titulum:
1625 4661 1891 4730 INSTITVTIO
1904 4663 1908 4745 Ι
1923 4650 2194 4735 Christianae

186 4759 417 4871 religionis,
438 4774 442 4856 Ι
461 4774 586 4838 Ioanne
608 4774 748 4840 Oaluino
771 4777 915 4840 authore.
937 4775 941 4859 Ι
961 4783 1108 4839 INDICES
1131 4783 1204 4839 DVO
1227 4783 1541 4840 LOOVPLETISSIMI:
1562 4775 1567 4863 Ι
1588 4776 1665 4840 ulter
1685 4796 1791 4839 rerum
1811 4775 2000 4858 insipidum:
2022 4773 2100 4840 alta
2121 4797 2196 4844 vero

185 4881 321 4948 lowmm
348 4906 457 4950 sacrae
487 4885 690 4968 Scriptulrue
712 4888 772 4968 'qut'
799 4888 834 4950 ia
861 4886 912 4951 tis
940 4885 1193 4952 Institattouc'bus
1221 4885 1315 4951 ostar
1345 4887 1545 4969 explaomur.
1570 4891 1575 4970 Ι
1605 4884 1862 4973 ΘΕΝΕΙῙΑΕΙ
1889 4885 1951 4950 Per
1979 4884 2144 4952 Adustum
2167 4894 2197 4955 et

188 4994 359 5060 Iohannem
382 4996 535 5077 Bicerios,
548 4998 687 5082 lfratres.
707 5000 711 5076 Ι
732 4996 828 5062 MD.
838 4997 962 5062 LIIII.
1135 5006 1143 5017 “

341 5107 515 5173 Emblema
540 5110 687 5173 officinae
715 5109 849 5174 exhibet
875 5110 955 5175 duas
985 5112 1117 5176 arbores
1149 5131 1287 5193 quarum
1319 5110 1452 5176 alterius
1488 5110 1652 5176 radicibus
1686 5109 1877 5176 admovetur
1908 5111 2046 5189 securis,
2076 5110 2193 5178 addito

188 5217 343 5299 utrinque
363 5225 397 5282 et
419 5241 559 5303 superne
582 5219 698 5303 adagio
720 5242 762 5285 ex
783 5221 946 5288 Matthaei
968 5221 1048 5307 Oap.
1071 5224 1134 5288 HJ.
1158 5223 1269 5307 petito.
1320 5223 1583 5288 Praemittuntur
1612 5220 1782 5286 duodecim
1808 5221 1893 5287 foliis
1921 5243 1986 5285 non
2008 5225 2195 5292 numeratis
