4770 6030
997 359 1363 427 5551555555.
1640 426 1643 435 ,
1922 337 1924 340 ’
2039 362 2164 430 xxix

169 549 352 616 ealviniano
369 548 508 615 Platteri
529 549 688 634 oollegam
705 553 876 634 pertinere,
899 571 996 634 quem
1017 551 1125 633 potius
1142 549 1292 615 laudibus
1313 550 1519 632 prosequitur
1524 573 1533 629 ;
1556 559 1700 615 attamen
1719 550 1760 616 ad
1777 552 1924 617 offioinae
1937 573 2014 635 opes
2035 562 2069 618 et
2089 575 2164 637 pro-

81 689 90 696 ·
168 683 300 744 gressus
321 660 570 745 eognosoendos
585 683 651 726 non
678 682 796 744 pamm
817 664 924 729 faeere
945 661 1107 727 videntur.
1153 660 1238 725 Vide
1259 646 1397 727 Platteri
1419 661 1523 727 vitam
1545 663 1677 744 abipso
1699 664 1928 746 conscriptam,
1957 667 2163 749 caeteroquin

167 772 254 838 leotu
276 773 547 851 amoenissimam,
570 773 618 838 ed.
642 774 784 839 Feohter
802 795 832 855 p.
853 778 902 837 91.
1213 854 1219 860 Ι

321 884 477 967 Depulsis
503 906 617 949 eorum
645 887 848 968 argumentis
876 885 932 967 qui
961 884 1102 967 aliquam
1125 883 1276 968 gallicam
1298 884 1517 949 Institutionis
1540 885 1713 950 editionem
1735 887 1882 951 omnium
1903 889 2043 969 primam
2064 890 2163 955 fuisse

167 995 230 1060 sibi
250 997 389 1081 fingunt,
412 996 509 1062 115551
530 1005 562 1060 51
583 997 676 1061 551115
698 997 856 1062 nonnulla
876 997 912 1059 in
934 995 1079 1060 medium
1100 996 1253 1077 prolerre,
1276 996 1392 1077 quibus
1414 996 1501 1061 illius
1523 997 1724 1079 prinoipatus
1746 998 1849 1062 honor
1870 999 1911 1062 ab
1932 999 2002 1081 ipso
2024 998 2163 1065 Calvino

168 1108 300 1190 eiusque
327 1108 440 1172 amieis
469 1108 571 1172 latino
597 1109 775 1190 exemplari
803 1108 922 1174 diserte
947 1107 1140 1173 vindieatur.
1186 1104 1274 1172 Satis
1296 1116 1424 1171 mature
1446 1108 1553 1173 virum
1581 1107 1798 1174 clarissimum
1818 1109 1859 1174 de
1886 1109 2003 1193 gallina
2024 1111 2164 1177 editione

168 1221 342 1302 oogitusse,
371 1220 505 1283 minime
532 1220 653 1285 infitias
683 1220 817 1297 ibimus,
844 1219 901 1284 sed
922 1219 1022 1285 variis
1044 1218 1084 1282 de
1106 1219 1212 1283 oausis
1233 1217 1287 1283 vel
1309 1219 1344 1281 in
1365 1219 1528 1300 proposito
1556 1239 1614 1283 suo
1635 1241 1702 1283 non
1723 1222 1871 1302 protinus
1892 1223 2087 1303 perstitisse,
2109 1209 2189 1289 vel'

168 1332 360 1414 quominus
381 1331 463 1395 illud
484 1330 526 1395 ad
546 1332 646 1395 finem
667 1331 762 1396 eitius
783 1330 975 1413 perduoeret
991 1330 1184 1412 impeditum
1208 1331 1321 1408 fuisse,
1347 1352 1389 1395 511
1411 1331 1513 1412 ipsius
1535 1330 1718 1396 testimonio
1739 1332 1833 1398 155115
1854 1333 1995 1416 eolliges.
2041 1332 2164 1401 Sor-ibit
2268 1387 2275 1401 .

167 1444 256 1507 enim
276 1442 454 1508 Franoisoo
474 1442 621 1519 Danieli,
649 1442 752 1506 literis
780 1443 977 1507 1155555555
1006 1441 1091 1507 datis
1115 1445 1162 1506 13.
1192 1449 1252 1507 oot
1284 1463 1312 1506 5.
1334 1441 1500 1506 XXXVL
1530 1439 1620 1527 (vide
1647 1441 1777 1508 calvini
1805 1465 1876 1527 epp.
1905 1445 2031 1528 angliae
2059 1446 2163 1512 editas

166 1575 234 1619 our.
256 1554 390 1618 Bonnet
409 1561 442 1617 et
463 1551 637 1618 constable
662 1557 751 1617 1855.
776 1555 812 1618 u.
832 1554 858 1617 Ι.
882 1574 913 1636 p.
933 1556 982 1619 20.
1018 1553 1144 1637 Henry,
1168 1554 1235 1617 Vit.
1260 1552 1350 1618 (lalv.
1375 1553 1401 1617 I.
1428 1552 1532 1637 106.):
1563 1554 1640 1633 quio
1659 1554 1794 1638 5111115115
1813 1557 1972 1620 meula
1993 1557 2030 1621 de
2049 1558 2163 1640 polliae

167 1664 262 1730 libelli
282 1665 381 1729 uestri
408 1664 537 1753 editione
564 1663 772 1745 optabamus
792 1669 912 1746 5151155
934 1684 1032 1746 prope
1053 1669 1136 1750 55115
1157 1665 1310 1729 15555555
1336 1669 1484 1745 55511551,
1511 1664 1618 1729 literas
1638 1665 1706 1730 eiua
1733 1668 2163 1734 555555155155155555155

166 1776 209 1841 551
226 1797 279 1840 555
299 1775 450 1840 malebam
471 1796 565 1857 15515
588 1773 714 1840 inanes:
741 1796 823 1859 quas
842 1784 953 1841 tamen
974 1798 1089 1842 revera
1110 1777 1224 1840 inanes
1246 1776 1309 1839 1151
1330 1798 1425 1841 55515
1447 1777 1561 1842 1551555
1582 1777 1654 1859 ipsa
1674 1779 1828 1843 orationis
1849 1779 1954 1842 forma
1974 1788 2084 1861 aperte
2106 1779 2162 1845 de-

166 1888 272 1954 515151
278 1911 287 1968 ;
309 1889 355 1952 ita
374 1894 412 1952 ut
432 1888 511 1969 ipsis
531 1887 639 1953 idibus
660 1887 858 1966 ootobribus,
888 1887 1030 1970 adeoque
1053 1888 1202 1952 semestri
1227 1887 1399 1952 intervallo
1421 1896 1494 1971 post
1514 1888 1638 1953 editum
1659 1888 1827 1972 exemplar
1847 1889 1987 1954 latinum
2008 1891 2162 1974 gullioum

165 2001 313 2064 nondum
339 2000 507 2064 exstiterit
560 1999 687 2063 Verum
716 1999 768 2063 his
795 1999 904 2064 minus
934 1999 1114 2064 insistimus
1136 2020 1238 2081 quum
1263 2020 1329 2063 non
1357 1999 1436 2064 satis
1457 2000 1582 2065 alarum
1605 2002 1648 2065 sit
1669 2023 1712 2067 an
1734 2022 1769 2066 re
1791 2023 1870 2067 1515
1892 2002 1931 2065 de
1953 2002 2163 2068 Institutione

164 2111 220 2178 hio
246 2098 379 2176 Noster
392 2111 544 2194 loquutus
571 2111 621 2176 sit
673 2108 742 2176 Sed
769 2131 855 2175 anno
887 2111 1034 2193 sequenti
1063 2131 1090 2175 5.
1116 2109 1146 2174 d.
1174 2110 1234 2174 IV.
1262 2110 1312 2174 Id.
1339 2110 1444 2192 April.
1479 2109 1617 2177 Carolus
1646 2109 1921 2178 Sammarthanus
1948 2111 2004 2197 (de
2032 2112 2162 2179 Sainte-

165 2220 314 2308 Martha)
348 2222 511 2304 professor
543 2223 578 2287 in
606 2221 774 2288 5551511115
799 2223 991 2304 pictaviensi
1021 2222 1064 2287 ad
1090 2221 1267 2288 Calvinum
1296 2222 1409 2287 soribit
1435 2220 1580 2307 (0511151
1608 2223 1670 2288 litt.
1701 2222 1749 2287 ed
1781 2224 2043 2290 Bretsohneider.
2069 2228 2159 2291 1835.

165 2356 196 2417 p.
213 2332 313 2420 188.):
339 2332 432 2398 Nihil
452 2332 509 2398 tibi
529 2333 659 2413 invideo,
681 2332 735 2398 1155
754 2333 838 2399 doleo
858 2338 978 2398 tautum
998 2333 1079 2415 qued
1093 2337 1280 2416 praereptus
1298 2332 1385 2398 55515
1405 2333 1461 2411 515,
1482 2333 1620 2415 quodque
1640 2333 1718 2398 aaa
1738 2334 1863 2415 15115555
1882 2332 2163 2419 (15151555555115

166 2445 326 2511 Institutio
346 2445 528 2524 5111511555,
548 2445 590 2510 ad
611 2465 667 2510 555
686 2464 748 2509 555
763 2445 940 2527 1151555551·
961 2445 1083 2515 inuida
1108 2444 1305 2524 (1511555155,
1328 2445 1413 2525 quia,
1435 2445 1516 2527 qued
1536 2444 1607 2524 illa,
1629 2445 1755 2526 assequi
1777 2466 1839 2510 555
1854 2467 2032 2527 posuimus.
2066 2447 2163 2529 Quod

165 2557 317 2623 nonnulli
338 2559 417 2623 satis
439 2557 563 2623 insulse
585 2559 631 2622 sio
653 2557 824 2639 aoaipiunt,
849 2578 886 2622 ae
908 2557 936 2621 si
957 2557 1064 2639 prima
1085 2555 1183 2620 editio
1206 2555 1324 2640 galliae
1344 2557 1408 2621 1515
1428 2557 1543 2622 11511115
1563 2563 1632 2621 1551
1653 2557 1715 2623 5115
1737 2577 1779 2620 ex
1802 2557 1971 2623 hominum
1989 2569 2162 2642 conspeetu

166 2691 186 2735 a
209 2669 334 2752 eupidis
360 2669 536 2734 emtoribus
558 2674 669 2750 erepta
690 2669 803 2746 fuerit,
826 2668 952 2732 511551
972 2668 1008 2730 in
1031 2688 1110 2750 agro
1130 2668 1322 2750 pictaviensi
1343 2667 1469 2733 venulis
1490 2690 1557 2733 non
1577 2675 1747 2751 1115515151.
1781 2668 1908 2733 Verum
1930 2671 1958 2734 si
1980 2670 2060 2735 haee
2077 2678 2163 2736 esset

166 2782 289 2846 autoris
312 2782 487 2858 sententia,
509 2780 607 2846 simul
629 2773 840 2862 semetipsum
860 2800 998 2861 suosque
1020 2779 1152 2861 putidae
1174 2779 1378 2862 ignorantiae
1401 2786 1581 2859 aaousaret,
1608 2781 1701 2862 quasi
1723 2779 1891 2845 definiente
1913 2779 2029 2864 gallico
2052 2803 2162 2846 exem-

165 2893 251 2975 plari
278 2891 379 2957 latino
407 2892 456 2956 uti
481 2913 547 2956 non
574 2892 755 2973 potuerint;
781 2891 834 2955 vel
864 2892 963 2956 etiam
990 2891 1210 2984 germanioam
1232 2889 1375 2972 'aliquam
1403 2892 1585 2956 versionem
1600 2899 1683 2956 15111
1712 2892 1866 2973 temporis
1896 2890 2162 2976 115151551ςηί1-

165 3012 265 3083 earet,
287 3023 369 3085 quae
391 3002 514 3069 scilieet
535 3003 681 3067 nondum
703 3002 869 3067 divendita
889 3002 1074 3085 petentibus
1097 3022 1198 3084 usque
1220 3001 1418 3067 commodari
1439 3010 1575 3085 poterat
1626 3000 1694 3068 Sed
1715 3002 1813 3085 plane
1842 3003 1906 3067 5115
1931 3004 1991 3068 sibi
2014 3003 2087 3070 vult
2107 3004 2162 3070 ille

164 3122 200 3180 51
224 3136 336 3180 rerum
363 3114 463 3179 statui
489 3113 593 3197 qualis
620 3123 699 3180 tuno
720 3114 887 3179 obtinebat
908 3120 1139 3179 consentanea:
1169 3112 1317 3179 libellum
1338 3112 1485 3192 (1511151,
1514 3114 1653 3179 15115551
1679 3114 1774 3179 111551
1795 3115 1918 3180 soilioet
1938 3116 2163 3198 quem'solum
2231 3122 2235 3133 “

164 3226 325 3304 55115155,
347 3246 407 3308 per
429 3224 643 3290 Germaniam
664 3225 814 3330 t'elioiore⁸
826 3226 893 3290 fato
914 3246 1009 3290 usam
1029 3224 1130 3290 libere
1151 3225 1335 3309 propagari,
1358 3245 1378 3289 a
1400 3223 1529 3290 Galbae
1550 3226 1670 3291 finibus
1694 3234 1727 3290 et
1747 3227 1781 3291 vi
1804 3234 1837 3291 et
1857 3227 1972 3292 fraudo
1993 3228 2106 3292 515511.

319 3335 387 3404 Sed
413 3338 581 3402 5111151555
607 3337 688 3402 haee
714 3358 796 3420 quae
817 3337 955 3404 fortasse
974 3337 1034 3402 tibi
1056 3337 1209 3420 ambigua
1231 3335 1399 3414 videntur,
1428 3337 1592 3418 quamvis,
1622 3337 1650 3402 si
1671 3358 1770 3420 penes
1792 3359 1851 3402 nos
1877 3337 2033 3403 iudioium
2054 3339 2160 3416 buerit,

162 3470 232 3514 non
251 3450 363 3514 minus
387 3447 567 3531 probabilia
593 3448 660 3512 sint
680 3468 778 3530 quam
804 3468 887 3530 quae
915 3469 1016 3530 supra
1042 3449 1076 3514 in
1103 3449 1303 3513 eontrarium
1324 3469 1457 3514 sensum
1485 3449 1585 3514 allata
1607 3450 1700 3515 nobis
1727 3456 1947 3532 opposuerunt
1973 3447 2160 3514 adversarii.

165 3561 253 3627 11555
274 3559 408 3626 tandem
429 3560 537 3642 ipsum
559 3559 660 3625 habes
682 3556 857 3625 Calvinum
879 3561 934 3643 qui
955 3560 1051 3639 blare,
1077 3559 1205 3638 diserte,
1234 3581 1362 3643 unoque
1385 3561 1484 3625 verbo
1505 3560 1597 3626 litem
1618 3582 1748 3625 omnem
1769 3560 1892 3625 dirimit
1913 3561 1959 3624 ita
1980 3566 2018 3624 ut
2039 3568 2071 3624 te
2093 3568 2162 3625 1551

162 3673 281 3756 longae
308 3671 535 3754 disputationis
561 3671 689 3736 fastidio
718 3669 894 3736 detinuisse
920 3692 1024 3753 paene
1049 3694 1109 3737 nos
1139 3672 1312 3754 poeniteat
1357 3671 1399 3736 ln
1425 3673 1576 3738 manibus
1603 3680 1653 3737 est
1679 3671 1776 3736 editio
1800 3671 2018 3736 Institutionis
2045 3671 2163 3755 gallioa

159 3792 252 3850 anno
277 3788 356 3847 1541
381 3784 467 3867 typis
487 3783 658 3860 mandata,
687 3784 758 3848 sine
784 3783 846 3849 1551
868 3792 901 3846 51
927 3784 1124 3868 typographi
1145 3783 1290 3860 nomine,
1319 3784 1465 3857 omnium
1485 3804 1568 3866 quae
1597 3783 1691 3847 nobis
1712 3782 1820 3848 adhue
1841 3783 2056 3847 innotuerunt
2077 3784 2162 3847 anti·

162 3895 327 3978 quissima.
371 3895 413 3959 In
434 3895 526 3961 onius
547 3895 643 3959 titulo
662 3895 796 3978 legitur:
822 3892 982 3975 0515115555
1003 3916 1040 3959 ea
1061 3895 1141 3960 15115
1155 3914 1220 3975 par
1237 3893 1316 3959 1555
1336 3892 1446 3959 Galam
1467 3900 1495 3957 el
1514 3894 1679 3958 1155515155
1694 3893 2161 3976 55115555151155151155555

163 4004 321 4089 Sequitur
342 4007 499 4089 praelatio
525 4008 647 4071 autoris
663 3987 883 4084 51155151515,
906 4006 962 4070 ubi
980 4007 1067 4072 inter
1085 4006 1150 4071 alia
1170 4006 1251 4071 haee
1276 4005 1452 4070 habentur:
1489 4005 1608 4087 Voyoal
1632 4005 1709 4070 deae
1724 4025 1782 4086 que
1803 4006 1904 4070 5551511
1920 4025 1977 4069 555
1997 4004 2163 4070 5115551551

162 4119 348 4198 5555555155,
377 4139 435 4199 que
456 4117 581 4200 ‹layder
601 4138 639 4181 55
660 4123 735 4182 55515
761 4118 853 4199 sapon
873 4137 949 4181 5555
970 4118 1025 4198 qui
1047 4118 1180 4182 desireal
1206 4116 1313 4181 1155115
1338 4117 1500 4182 meatur
1522 4138 1559 4181 55
1580 4117 1612 4182 15
1633 4118 1769 4183 55515155
1789 4116 1946 4195 11555151,
1975 4117 2004 4181 ie
2025 4137 2072 4181 me
2093 4117 2162 4180 5515

162 4229 284 4311 aimei,
310 4229 393 4303 55155
417 4229 449 4294 15
473 4228 587 4310 1555111
614 4251 671 4311 que
692 4229 719 4294 le
743 4227 892 4313 Seipneur
912 4229 974 4292 m'o
995 4229 1123 4308 1155515,
1152 4229 1189 4293 de
1208 4228 1399 4311 m’emploper
1420 4250 1441 4294 5
1462 4249 1493 4294 ee
1512 4229 1610 4311 15155·
1637 4233 1665 4293 51
1686 4251 1707 4293 5
1728 4229 1867 4310 55515115
1888 4229 1953 4312 i'ay
1973 4227 2108 4310 55511555
2128 4246 2160 4290 ee

156 4345 283 4423 11555551
307 4340 395 4405 liure
446 4340 490 4404 Et
512 4342 743 4422 premiereraeal
772 4341 916 4425 1515515
937 4361 974 4405 55
995 4340 1091 4405 lotia.-
1119 4361 1140 4404 a
1161 4360 1193 4406 55
1213 4341 1280 4421 quil
1299 4346 1393 4423 115551
1419 4343 1523 4406 seruie·
1543 4363 1564 4405 5
1584 4345 1680 4406 toules
1699 4361 1774 4424 9555
1799 4341 1947 4418 deuteria,
1975 4340 2013 4404 de
2033 4337 2159 4419 quelque

161 4453 271 4518 551155
296 4452 649 4534 151151555551ε11515
677 4473 769 4533 apres
797 4454 936 4518 15515551
971 4452 1008 4517 de
1029 4453 1258 4535 mmmeuaiquer
1286 4472 1318 4517 ee
1338 4453 1393 4533 qui
1415 4473 1452 4517 55
1466 4455 1576 4534 1155511
1595 4453 1683 4517 venir
1703 4454 1740 4518 de
1760 4454 1857 4535 fruiti
1878 4473 1899 4517 5
1917 4457 2018 4515 555115
2040 4449 2159 4513 Notion

162 4562 348 4645 1155151551
374 4564 436 4646 lay
462 4565 552 4628 55551
578 4563 729 4629 banstae
755 4584 792 4628 55
818 4570 918 4630 555155
946 4563 1057 4647 laneae
1081 4569 1139 4630 515.
1191 4563 1318 4629 Eadem
1339 4564 1438 4629 verbo
1460 4572 1556 4630 tenus
1581 4564 1737 4649 leguntur
1759 4565 1794 4628 in
1815 4562 2010 4628 editionibus
2032 4559 2158 4644 galliois

161 4696 324 4741 annorum
348 4678 439 4740 1551.
465 4677 556 4740 1553.
580 4679 671 4739 1554.
716 4675 789 4740 Iam
810 4677 838 4739 si
858 4677 930 4758 quis
952 4675 1114 4754 obiecerit,
1137 4676 1218 4741 haee
1240 4675 1283 4740 ad
1302 4675 1406 4740 solam
1422 4676 1599 4742 seeundum
1616 4675 1791 4741 editionem
1807 4675 1921 4740 referri
1939 4673 2055 4737 debere
2075 4692 2158 4754 quae

160 4808 249 4852 anno
273 4789 354 4850 1539
376 4787 588 4871 Argentorati
610 4786 718 4852 luoem
738 4786 836 4865 vidit,
858 4794 972 4869 postea
993 4786 1108 4870 galliae
1130 4785 1309 4865 vertenda,
1324 4807 1425 4868 quum
1445 4788 1597 4871 prinoeps
1618 4788 1725 4869 potius
1747 4809 1788 4851 ex
1811 4784 1927 4870 gallina
1948 4783 2051 4848 latina
2071 4784 2158 4850 faeta

158 4899 219 4978 sit,
240 4919 300 4964 nos
321 4897 536 4977 eonfidenter,
558 4899 599 4964 iis
620 4899 822 4983 argumentis
844 4898 915 4963 51111
935 4919 1018 4981 quae
1039 4919 1139 4981 supra
1159 4899 1195 4962 in
1215 4897 1361 4962 medium
1382 4899 1591 4981 protulimus,
1613 4899 1713 4964 talem
1733 4896 2034 4979 interpretationem
2055 4902 2157 4959 teme·

160 5011 284 5076 ruriam
306 5018 339 5074 et
359 5016 581 5093 portentosam
602 5009 749 5090 dicimus,
773 5017 870 5094 atque
891 5011 1023 5075 omnino
1045 5007 1291 5093 explodendam,
1313 5030 1414 5092 quum
1436 5019 1544 5090 autor,
1568 5012 1597 5076 si
1619 5011 1686 5075 iam
1705 5010 1830 5092 primae
1852 5008 1958 5074 versio
1980 5006 2158 5071 exstitisset

159 5234 232 5312 fuit,
253 5254 359 5316 neque
380 5234 483 5317 ipsius
505 5233 673 5318 arohetypi
694 5235 820 5300 iteratis
841 5235 928 5301 auris
949 5232 1081 5331 edendi,
1103 5233 1196 5315 quia,
1219 5232 1312 5297 utin
1333 5253 1420 5300 nova
1439 5234 1638 5318 praefatione
1660 5231 1751 5311 dioit,
1778 5252 1837 5315 per
1858 5239 1963 5296 totum
1989 5229 2157 5295 biennium
