4770 6030
191 323 274 385 1059
765 317 1031 386 INSTITUTIO
1053 320 1160 386 Rue.
1184 320 1366 397 OHRIST.
1391 325 1628 390 1539-1554.
2119 325 2208 388 1060

2092 435 2206 491 Atra.

190 511 378 574 ministrare
398 511 535 586 mensis,
565 531 607 575 ex
629 532 682 590 eo,
711 512 787 594 quia
809 509 917 575 doceri
937 510 1067 590 nolunt,
1091 533 1167 576 con·
1219 508 1310 573 moni
1332 509 1613 582 auscultaremus?
1658 510 1782 589 Nolite,
1810 513 1916 595 inquit
1937 421 2100 577 Domiuds
2123 510 2205 594 (Iar.

188 595 368 661 vincuntur
401 617 468 660 non
497 595 643 661 eiusdem
671 618 742 661 esse
774 602 808 661 et
833 596 954 661 bonum
982 597 1169 681 episcopum
1221 595 1367 679 23,16),
1399 595 1513 660 audire
1541 596 1643 662 verba
1671 596 1905 680 prophetarum
1926 599 1981 680 qui
2003 596 2208 681 prophetant

187 689 354 763 praestare
388 688 422 743 et
453 681 576 745 bonum
602 683 791 765 principem.
842 682 930 748 Nam
958 684 986 747 si
1015 681 1079 759 illi,
1112 683 1169 764 qui
1220 680 1328 759 vobis3
1357 682 1538 746 vanitatem
1567 684 1654 760 enim
1677 682 1794 748 docent
1814 704 1874 748 vos
1896 690 1930 747 et
1950 684 2110 749 visionem
2131 704 2205 748 cor-

188 787 248 848 pro
270 766 453 849 gratiarum
475 768 592 849 quibus
622 761 804 833 aDomino
821 766 960 850 praediti
982 775 1077 833 erant
1098 789 1168 832 am-
1221 765 1340 830 dissui
1361 765 1547 848 loquuntur,
1569 789 1636 832 non
1658 790 1700 832 ex
1719 769 1929 834 oreDomini.
1968 769 2054 833 Item
2066 768 2204 853 (Matth.

188 851 348 934 plitudine
381 852 530 934 pluribus
560 854 665 918 multo
696 861 729 919 et
756 855 960 938 gravioribus
985 854 1072 919 euris
1101 853 1169 918 suf·
1223 850 1342 935 7,15);
1368 861 1481 917 cavete
1507 853 1600 918 vobis
1628 875 1649 918 a
1669 854 1759 919 falsis
1786 856 1952 938 prophetis
1980 856 2035 937 qui
2062 855 2207 920 veniunt

187 938 285 1003 ficere
317 943 470 1019 poterant
501 960 601 1021 quam
632 939 692 1004 ulli
725 947 798 1022 post
830 961 884 1004 eos
911 941 981 1004 nati
1010 940 1168 1018 homines,
1222 934 1264 1000 ad
1297 957 1356 1000 vos
1389 938 1426 1001 in
1451 940 1574 1003 vestitu
1599 940 1725 1019 ovium,
1759 941 1956 1006 intrinsecus
1984 948 2095 1006 autem
2124 946 2207 1005 sunt

190 1023 328 1089 confessi
345 1033 423 1087 sunt
434 1031 554 1103 tamen,
577 1047 611 1090 se
633 1025 725 1090 verbi
745 1032 779 1089 et
789 1046 978 1090 mensarum
989 1026 1169 1090 ministerio
1222 1021 1293 1104 lupi
1320 1043 1463 1104 rapaces.
1518 1024 1660 1090 Frustra
1687 1035 1720 1089 et
1746 1026 1888 1091 Ioannes
1917 1026 1949 1109 (1
1975 1028 2080 1110 Epist.
2106 1033 2142 1104 4,
2168 1027 2204 1110 1)

190 1109 379 1175 incumbere
396 1110 494 1174 simul
509 1131 576 1175 non
589 1133 693 1193 posse,
711 1112 791 1194 quin
808 1112 898 1175 oneri
912 1111 1169 1189 succumberent,
1223 1128 1282 1171 nos
1314 1107 1504 1173 hortaretur
1536 1117 1574 1173 ut
1605 1113 1778 1192 probemus
1809 1113 1945 1194 spiritus
1972 1111 2131 1194 numquid
2161 1133 2206 1176 ex

190 1195 350 1278 quomodo
382 1196 452 1275 isti,
492 1218 571 1278 prae
608 1197 764 1279 apostolis
795 1197 892 1261 nihili
924 1197 1169 1275 homunciones,
1222 1193 1296 1257 Deo
1318 1194 1392 1258 sint.
1438 1194 1502 1259 Oui
1522 1195 1642 1261 iudicio
1663 1219 1705 1262 ne
1727 1198 1837 1281 angeli
1857 1196 1989 1280 quidem
2009 1199 2206 1262 eximuntur

187 1289 322 1364 possent
354 1285 468 1346 eorum
500 1281 696 1348 industriam
724 1282 877 1366 centuplo
904 1281 1080 1365 superare?
1130 1281 1171 1346 Id
1224 1278 1314 1364 (Gal.
1337 1284 1369 1357 l,
1388 1280 1438 1364 8),
1468 1280 1590 1345 nedum
1613 1282 1732 1348 diaboli
1755 1283 1934 1348 mendacia.
1980 1282 2068 1364 Quid
2091 1290 2205 1349 autem
2275 1321 2278 1333 ·

188 1365 320 1450 quidem
344 1374 472 1432 tentare
494 1368 795 1451 impudentissimae
816 1369 1019 1450 nimiumque
1041 1367 1171 1433 audacis
1222 1363 1323 1429 istud:
1359 1365 1388 1429 si
1409 1385 1523 1431 caecus
1545 1389 1677 1434 caecum
1699 1368 1805 1446 ducat,
1828 1370 1924 1434 ambo
1945 1369 1981 1434 in
2002 1369 2131 1433 foveam
2149 1391 2204 1434 ea

194 1452 407 1518 confidentiae
433 1455 509 1532 fuit3
543 1453 600 1520 sed
628 1464 740 1519 tamen
766 1455 890 1518 factum
916 1452 1080 1519 videmus:
1109 1474 1171 1536 quo
1224 1450 1304 1515 dent
1331 1449 1465 1533 (Matth.
1494 1456 1548 1530 15,
1576 1454 1651 1538 14)?
1696 1455 1819 1519 Annon
1847 1455 1928 1521 satis
1950 1454 2096 1520 declarat
2116 1454 2204 1519 mul·

194 1560 354 1619 successu,
387 1540 496 1621 palam
526 1548 584 1605 est.
640 1541 755 1622 Neque
792 1540 881 1604 enim
914 1541 1044 1604 evenire
1078 1539 1173 1604 aliter
1224 1541 1296 1599 tum
1316 1535 1475 1602 interesse
1496 1538 1608 1619 quales
1630 1548 1776 1623 pastores
1793 1537 1978 1618 audiantur,
2000 1562 2060 1606 nec
2078 1549 2204 1606 temere

190 1631 319 1707 poterat
338 1646 438 1708 quam
454 1634 492 1690 ut
509 1624 638 1690 deserta
655 1647 716 1690 sua
733 1627 871 1690 statione
888 1627 923 1689 in
942 1625 1049 1690 aliene
1066 1633 1173 1690 castra
1224 1642 1338 1687 omnes
1361 1622 1560 1689 audiendos?
1606 1624 1718 1705 Quare
1739 1647 1806 1690 non
1828 1635 1879 1691 est
1897 1626 1983 1709 quod
2007 1628 2077 1692 suis
2095 1626 2204 1692 titulis

180 1711 454 1795 commigrarent.
1224 1728 1285 1772 nos
1318 1706 1538 1786 absterreant,
1577 1731 1640 1792 quo
1672 1713 1707 1775 in
1743 1713 2026 1795 participationem
2065 1712 2204 1777 trahant

282 1801 308 1880 ¹)
320 1798 448 1863 Habuit
475 1798 606 1879 pietatis
633 1796 778 1862 studium
798 1794 964 1879 quoddam
986 1797 1172 1878 principum
1224 1813 1303 1857 suae
1333 1794 1513 1874 caecitatis,
1542 1816 1644 1877 quum
1670 1796 1840 1863 videamus
1863 1806 1977 1863 contra
1999 1798 2202 1883 singularem

192 1881 396 1967 indulgentia
418 1885 474 1965 qui
496 1890 627 1947 tantum
643 1882 835 1948 facultatum
853 1880 996 1947 ditandis
1014 1883 1190 1964 episcopis·
1223 1877 1367 1943 Domino
1400 1901 1513 1944 curam
1543 1882 1644 1947 fuisse
1675 1883 1880 1949 absterrendi
1912 1905 1988 1964 nos,
2018 1906 2061 1949 ne
2093 1884 2202 1949 alieno

191 1968 430 2051 impenderunt.
476 1965 545 2033 Sed
567 1990 632 2033 non
654 1969 774 2050 optime
795 1968 858 2033 hae
881 1990 941 2033 sua
960 1977 1172 2051 praepostera
1224 1984 1334 2028 errore
1356 1963 1430 2029 duci
1445 1973 1642 2048 pateremur,
1665 1968 1725 2033 sub
1742 1990 1934 2052 quacunque
1944 1970 2086 2035 nominis
2106 1969 2204 2035 larva

191 2054 345 2138 largitate
367 2054 601 2119 consuluerunt
617 2054 770 2119 eeclesiae
788 2053 974 2132 commodis,
998 2055 1090 2119 cuius
1112 2075 1171 2118 an·
1223 2048 1333 2114 lateat
1377 2050 1465 2114 Nam
1493 2053 1521 2116 si
1549 2075 1665 2118 verum
1687 2061 1737 2119 est
1763 2056 1901 2120 verbum
1929 2056 2081 2135 Domini,
2113 2057 2202 2122 caeci

192 2141 317 2223 tiquam
339 2161 515 2222 veramque
538 2140 742 2222 disciplinam
763 2139 810 2205 sic
827 2146 1044 2221 corruperunt
1065 2147 1098 2203 et
1120 2138 1173 2224 (ut
1224 2155 1350 2218 quoque
1383 2135 1495 2216 duces,
1529 2139 1598 2204 sive
1631 2141 1795 2206 antistites
1832 2143 1901 2206 sive
1932 2142 2099 2223 praesules
2132 2143 2203 2208 sive

193 2247 271 2292 vere
284 2225 778 2310 dieam)penitusaboleverunt
814 2225 880 2306 Qui
891 2224 1171 2307 veretaliprinci-
1223 2221 1393 2304 pontifices
1422 2221 1589 2302 dicantur,
1623 2225 1707 2289 nihil
1732 2235 1869 2310 possunt
1894 2249 1993 2310 quam
2020 2249 2096 2292 suos
2124 2251 2202 2294 con·

193 2333 273 2395 pum
284 2313 581 2376 bonitateinsunm
599 2310 805 2376 commodum
816 2310 909 2375 abusi
926 2316 1005 2375 sunt
1020 2312 1170 2393 episcopi,
1224 2313 1328 2371 sortes
1348 2308 1384 2371 in
1405 2307 1493 2373 idem
1514 2331 1630 2393 rapere
1651 2304 1885 2394 praecipitium.

193 2398 255 2463 hoc
277 2419 343 2462 uno
365 2398 540 2479 specimine
568 2396 654 2461 edito
681 2397 760 2461 satis
780 2417 941 2479 superque
963 2398 1074 2461 testati
1095 2406 1173 2461 sunt
1233 2479 1235 2483 Α
1317 2392 1341 2476 ¹)
1353 2393 1473 2459 Restat
1493 2394 1598 2460 altera
1617 2419 1694 2480 pars
1716 2397 1756 2461 de
1778 2399 1919 2482 legibus,
1942 2420 2037 2481 quas,
2066 2408 2103 2463 ut
2124 2421 2201 2466 cen·

194 2504 229 2548 se
251 2484 385 2548 minime
408 2504 478 2548 esse
501 2483 675 2565 episcopos.
720 2482 886 2564 Denique,
911 2490 949 2545 ut
971 2481 1011 2545 de
1033 2490 1171 2565 utraque
1224 2477 1285 2542 ties
1307 2478 1438 2561 iniquae
1460 2481 1527 2544 sint
1548 2482 1642 2547 nobis
1664 2490 1698 2547 et
1719 2484 1872 2564 inimice,
1895 2485 1988 2549 nulla
2008 2493 2120 2550 tamen
2142 2508 2200 2550 ex-

193 2571 287 2634 iuxta
314 2576 474 2651 potestate
501 2569 601 2633 semel
629 2567 749 2645 dioarn,
777 2589 879 2650 quum
905 2589 964 2650 pro
992 2567 1172 2633 retinendis
1224 2564 1371 2645 ceptione
1398 2565 1578 2631 audiendas
1605 2569 1814 2635 contendunt.
1859 2571 1934 2634 Non
1961 2572 2049 2635 enim
2071 2571 2124 2636 hio
2145 2572 2199 2655 agi

192 2655 257 2719 illis
284 2662 353 2718 tam
381 2656 525 2719 animose
552 2653 650 2718 hodie
670 2651 886 2732 contendunt,
915 2653 993 2735 quid
1012 2660 1173 2736 quaerant
1223 2656 1261 2712 ut
1280 2651 1443 2716 erroribus
1464 2654 1712 2734 consentiamus,
1731 2655 1789 2719 sed
1805 2663 1934 2720 tantum
1952 2664 1989 2720 ut
2006 2656 2087 2720 dura
2102 2677 2198 2739 prae-

192 2741 276 2805 nihil
303 2741 479 2806 obscurum
507 2749 565 2804 est.
611 2738 791 2822 Spirituale
816 2760 956 2823 regnum
984 2740 1012 2803 si
1035 2760 1073 2803 ea
1095 2761 1172 2806 con·
1223 2736 1382 2800 sectorum
1403 2737 1542 2821 imperia
1563 2738 1685 2804 subditi
1697 2742 1898 2823 perferamus
1916 2763 1999 2824 quae
2017 2741 2198 2807 detractare

192 2826 315 2891 ditione
343 2827 525 2910 resignent,
559 2833 597 2889 ut
625 2832 730 2890 totum
753 2823 886 2890 Christo
907 2824 1014 2903 cedat,
1042 2825 1172 2890 nullum
1223 2842 1290 2886 non
1310 2829 1362 2887 est
1383 2831 1541 2887 nocuum.
1586 2826 1711 2890 Verum
1739 2827 1793 2892 hio
1815 2849 1943 2910 quoque
1964 2828 2056 2892 uobis
2076 2828 2198 2908 optime

192 2912 314 2996 gloriae
336 2912 414 2991 Dei,
442 2911 571 2975 nullum
599 2933 698 2976 sanae
721 2908 896 2984 doetrinae,
919 2910 1049 2975 nullum
1070 2911 1171 2977 ceole·
1222 2906 1317 2972 verbi
1339 2909 1390 2973 sui
1410 2910 1549 2975 veritate
1571 2913 1734 2976 succurrit
1754 2914 1932 2992 Dominus,
1954 2934 2077 2996 nosque
2098 2935 2119 2977 a
2139 2913 2199 2978 tali

191 2999 341 3063 siastieae
362 2998 476 3063 solutis
497 2997 679 3080 periculum
701 2997 849 3060 vertitur.
883 2996 958 3060 Hae
979 2997 1078 3061 etiam
1101 3019 1171 3062 sae-
1224 2994 1381 3059 servitute
1413 2993 1449 3057 in
1481 2995 1666 3061 libertatem
1706 2998 1852 3064 vindicat
1884 3020 1983 3081 quam
2016 3019 2107 3064 seem
2141 3021 2200 3064 suo

192 3084 295 3149 culari
327 3085 355 3148 si
388 3105 423 3148 se
450 3081 616 3162 abdicent,
651 3081 734 3146 nihil
765 3082 902 3165 periculi
935 3088 986 3147 est
1018 3104 1061 3146 ne
1093 3083 1172 3165 quid
1223 3080 1384 3163 sanguine
1411 3078 1504 3146 nobis
1531 3083 1708 3165 aequisivit.
1753 3084 1828 3149 Non
1857 3086 1959 3165 enim,
1993 3084 2079 3167 quod
2105 3085 2201 3149 mali-

191 3168 321 3252 publico
343 3163 497 3235 ecclesiae
518 3169 602 3233 bono
620 3167 763 3234 decedat.
805 3165 872 3233 Sed
894 3189 960 3232 una
983 3167 1172 3233 dominandi
1222 3166 1304 3230 tiose
1325 3167 1471 3249 fingrmt,
1496 3167 1531 3232 id
1553 3167 1660 3233 solum
1683 3170 1808 3253 agitur,
1838 3179 1877 3235 ut
1898 3192 2034 3256 gravem
2057 3171 2202 3253 aliquam

192 3255 368 3338 cupiditate
397 3255 484 3320 oaeoi
512 3254 771 3337 ae‘praecipites
797 3254 962 3333 feruntur,
990 3255 1066 3337 quia
1086 3255 1170 3318 nihil
1222 3252 1464 3333 oppressionem
1491 3253 1527 3318 in
1549 3275 1682 3336 corpore
1703 3271 1814 3323 nostro
1835 3257 2038 3340 perferamus
2045 3280 2054 3335 ;
2084 3256 2142 3322 sed
2163 3264 2201 3322 ut

192 3341 320 3408 salvum
350 3363 420 3406 esse
449 3347 569 3423 putant
597 3340 661 3404 nisi
688 3361 763 3404 cum
790 3341 997 3419 auctoritate,
1030 3347 1068 3403 ut
1094 3362 1169 3422 pro-
1222 3337 1449 3416 conseientiae,
1472 3338 1621 3404 libertate
1643 3362 1712 3419 sua,
1734 3342 1797 3408 hoc
1817 3350 1868 3408 est
1885 3342 2057 3425 sanguinis
2075 3342 2201 3410 Ohrieti

190 3426 291 3510 pheta
313 3429 360 3492 ait
382 3427 455 3511 (Ea.
476 3431 526 3505 34,
546 3426 591 3509 4),
615 3433 744 3524 etcum
766 3427 912 3525 potentia
933 3425 1143 3524 imperent.²)¹
1220 3421 1386 3521 beneficio,
1405 3424 1561 3524 spoliatae
1583 3425 1745 3492 serviliter
1766 3429 1960 3493 crucientur.
2000 3427 2201 3525 Quanquam

194 3554 197 3563 —
279 3512 370 3597 ⁸)Ac
403 3513 444 3576 de
476 3512 630 3577 eeclesiae
661 3519 856 3594 patrimomo
888 3532 993 3595 pauca
1022 3511 1104 3576 haec
1134 3535 1170 3576 m
1220 3507 1307 3574 1stnd
1329 3518 1438 3588 eham,
1462 3531 1500 3575 ac
1518 3532 1546 3574 s1
1562 3531 1679 3593 parurn
1702 3511 1743 3576 ad
1760 3536 1831 3578 rem
1847 3514 1977 3593 faceret,
1999 3522 2199 3582 omittemus.

190 3607 381 3664 transcursu
400 3599 488 3664 dieta
509 3599 584 3661 sint.
628 3597 683 3662 Ad
705 3597 873 3680 spirituale
894 3618 1047 3681 regnum,
1077 3598 1169 3663 ouius
1221 3595 1268 3658 At
1293 3595 1407 3684 quanti
1432 3603 1585 3678 putamus
1607 3599 1747 3677 referre,
1769 3621 1866 3664 suum
1886 3600 2030 3664 Domino
2058 3620 2201 3682 regnum

191 3685 244 3751 hic
266 3685 355 3750 loeus
377 3685 527 3768 proprius
545 3690 603 3763 est,
627 3693 783 3748 revertor.
813 3683 855 3747 ln
872 3704 937 3766 quo
956 3682 1167 3763 defendendo,
1221 3680 1317 3763 eripi,
1346 3679 1432 3763 quod
1453 3688 1546 3746 tanta
1571 3683 1744 3749 severitate
1772 3685 1834 3750 sibi
1862 3683 2000 3750 asserit?
2044 3685 2199 3768 Eripitur

190 3771 247 3835 ubi
274 3771 383 3834 omnia
411 3771 548 3836 rationis
575 3768 739 3852 praesidia
766 3768 930 3833 labascere
958 3769 1019 3834 sibi
1045 3768 1167 3850 vident,
1220 3768 1487 3850 autem,·quoties
1509 3767 1736 3834 humanarum
1747 3771 1975 3836 inventionum
1995 3770 2124 3854 legibus
2145 3793 2199 3837 oo-

191 3855 233 3921 ad
244 3862 428 3920 extremum
444 3855 526 3920 illud
543 3855 961 3939 miserumquesutfugium
977 3855 1167 3921 concedunt.
1219 3851 1313 3931 litur;
1336 3852 1465 3934 quando
1487 3853 1575 3920 solus
1596 3855 1669 3937 ipso'
1684 3856 1794 3921 cultus
1812 3857 1862 3921 sui
1879 3855 1951 3922 vult
1967 3856 2083 3921 haberi
2100 3856 2131 3921 le
2157 3857 2163 3870 ‘

190 3942 331 4006 Etiamsi
356 3949 467 4024 mente
495 3950 528 4005 et
556 3941 691 4007 oonsilio
720 3939 843 4023 stupidi
866 3942 928 4023 ipsi
950 3940 1030 4019 sint,
1057 3941 1168 4005 animo
1218 3937 1313 4003 lator.
1357 3939 1407 4003 Ae
1427 3960 1470 4003 ne
1492 3961 1563 4004 rem
1584 3961 1655 4005 esse
1676 3941 1772 4005 nihili
1794 3943 1866 4024 quis
1887 3942 2060 4019 existimet,
2083 3878 2199 4007 augg

190 4048 269 4097 vero
291 4036 324 4091 et
346 4028 515 4092 voluntate
528 4027 728 4110 nequissimi,
751 4047 884 4091 manere
902 4034 1013 4092 tamen
1030 4027 1167 4092 verbum
1220 4046 1294 4089 mus
1321 4025 1434 4106 quanti
1455 4032 1625 4107 reputetur
1646 4047 1666 4090 a
1685 4027 1837 4092 Domino.
1883 4027 2063 4108 Quoniam,
2091 4029 2199 4111 inquit

189 4114 326 4179 Domini
359 4113 445 4197 quod
476 4113 670 4196 praepositis
709 4112 841 4178 obedire
872 4113 971 4178 iubet
1025 4113 1169 4178 Etiamsi
1220 4109 1298 4194 (Ios.
1321 4113 1372 4188 29,
1395 4114 1432 4174 13
1451 4109 1569 4193 seqq),
1591 4110 1703 4176 timuit
1723 4135 1777 4178 me
1797 4113 1937 4197 populus
1958 4114 2020 4178 iste
2041 4112 2198 4178 mandate

189 4200 320 4283 iniquas
352 4205 387 4264 et
419 4200 557 4263 nimium
589 4197 689 4263 duras
720 4199 810 4282 leges
837 4198 959 4278 ferant,
986 4198 1168 4263 Dominum
1221 4203 1255 4260 et
1274 4195 1443 4270 ‚doctrinis
1470 4197 1657 4276 hominum,
1692 4220 1765 4266 ecee
1798 4220 1857 4282 ego
1884 4198 2004 4264 addam
2032 4207 2065 4264 et
2092 4199 2198 4264 admi·

189 4291 301 4350 tamen
333 4285 521 4368 praecipere
557 4292 595 4349 ut
626 4285 784 4349 faciamus
814 4305 1025 4367 quaecunque
1055 4283 1169 4350 dicunt
1219 4282 1383 4346 rationem
1412 4282 1530 4348 faciam
1563 4283 1594 4347 ei
1626 4283 1783 4351 miraculo
1812 4283 1929 4369 grandi
1960 4293 1994 4349 et
2021 4284 2196 4368 stupendo:

189 4371 314 4437 scribae
336 4379 369 4436 et
389 4371 576 4448 Pharisaei,
605 4371 705 4434 otiam
733 4368 811 4433 dum
833 4391 931 4435 onera
950 4370 1169 4453 importabilia
1219 4366 1339 4450 peribit
1365 4368 1452 4432 enim
1479 4369 1639 4450 sapientia
1666 4391 1686 4433 a
1712 4371 1912 4454 sapientibus
1941 4372 2011 4435 eius
2038 4378 2072 4436 et
2098 4370 2197 4435 intel-

85 4452 89 4461 ’
189 4456 327 4541 alligant
343 4479 426 4539 quae
448 4455 551 4540 digito
568 4456 678 4520 nolint
694 4463 831 4539 tangore
849 4454 983 4539 (Matth.
1003 4460 1059 4535 23,
1078 4459 1105 4519 3.
1121 4455 1166 4539 4).
1219 4453 1322 4519 lectus
1338 4451 1544 4537 'prudentum
1565 4454 1790 4521 abscondetur.
1823 4456 1913 4521 Alibi
1931 4456 2195 4541 (Matth.15,9):

188 4543 284 4607 Itane
305 4543 404 4608 vero?
434 4551 468 4606 et
496 4543 523 4607 si
550 4541 642 4606 nulla'
663 4541 879 4606 haesitatione
907 4539 1094 4623 accipienda
1118 4549 1169 4606 est
1218 4542 1342 4604 frustra
1363 4561 1416 4604 me
1439 4540 1559 4618 colunt,
1582 4538 1734 4608 docentes
1757 4540 1920 4607 doctrinas
1941 4550 2123 4625 praecepta·
2136 4542 2197 4607 ho·

189 4630 379 4712 quorumvis
417 4635 586 4712 pastorum
619 4626 779 4704 doctrina,
820 4647 976 4708 quorsum
1008 4626 1169 4691 attinebat
1218 4624 1355 4691 minum.
1400 4626 1568 4691 Mirantur
1593 4625 1741 4710 plerique
1767 4651 1825 4694 cur
1852 4627 1932 4693 adeo
1955 4629 2073 4693 aeriter
2091 4629 2196 4693 iuter·
2292 4655 2295 4671 ⁴

188 4715 284 4779 toties
307 4722 438 4798 tamquo
460 4714 596 4779 sollicite
616 4712 752 4776 Domini
779 4712 880 4776 verbo
907 4733 966 4777 nos
988 4711 1166 4792 admoneri,
1218 4712 1365 4776 minetur
1386 4712 1564 4791 Dominus,
1594 4732 1629 4775 se
1655 4713 1820 4780 facturum
1846 4712 2008 4796 stupenda
2033 4714 2152 4797 populo
2176 4736 2198 4778 a

188 4821 231 4864 ne
270 4800 628 4883 pseudoprophetarum
666 4804 723 4862 aut
766 4795 1059 4880 pseudopastorum
1098 4820 1166 4864 ser·
1217 4817 1282 4879 quo
1303 4797 1467 4863 mandatis
1489 4811 1521 4863 et
1541 4797 1697 4865 doctrinis
1717 4800 1888 4864 hominum
1908 4799 2084 4880 colebatur,
2106 4806 2140 4865 et
2161 4821 2196 4864 se

1218 4883 1342 4948 hustra
1362 4884 1422 4948 ooli
1444 4885 1641 4967 pronunciet
1660 4884 1831 4950 hominum
1852 4885 2042 4969 praeceptis.
2086 4888 2142 4964 At,
2168 4887 2197 4950 si

560 5040 565 5050 Ι
601 5041 606 5051 Ι
1219 4976 1419 5051 spectarent,
1444 4970 1523 5053 quid
1552 4970 1656 5036 sitin
1684 4972 1864 5056 religionis,
1892 4972 1954 5037 hoc
1976 4978 2026 5036 est
2046 4971 2196 5037 coelestis

258 5040 288 5106 1)
305 5039 384 5093 Haeo
401 5040 485 5094 malta
502 5054 640 5108 capsaces
656 5043 811 5093 baasam
831 5037 898 5108 Gap.
923 5036 1009 5092 VIII.
1027 5037 1077 5093 177
1095 5054 1165 5111 seqq.

189 5101 219 5174 2)
239 5107 382 5161 Postrema
405 5109 471 5163 haec
493 5113 641 5162 renarrant
663 5109 694 5160 ia
714 5107 769 5174 fine
794 5106 875 5162 modo
893 5106 1023 5163 laudatae
1040 5108 1164 5177 disputa·
1217 5109 1416 5166 ”TWNJ'

189 5176 273 5229 aona
296 5175 382 5230 VIII.
399 5175 458 5231 181.
533 5176 563 5246 3)
583 5174 692 5230 Eadem
708 5176 765 5230 alio
782 5176 839 5231 loco
856 5191 892 5232 se.
916 5175 1001 5231 VIII.
1021 5174 1072 5232 165
1088 5178 1166 5231 varie
1287 5173 1316 5242 1)
1333 5175 1412 5228 Haec
1435 5176 1465 5228 r'n
1501 5177 1632 5230 esuriere
1647 5176 1802 5230 recensione
1824 5169 1965 5230 ameriam
1983 5177 2197 5244 sappeditarent

189 5249 295 5298 memte
311 5261 385 5300 nanc
401 5247 534 5314 kasam.
1219 5241 1284 5310 cap.
1305 5241 1396 5296 XIII.
1414 5241 1456 5296 25.
1492 5244 1515 5298 6.
