4770 6030
205 313 267 392 155
786 321 1053 392 marmorio
1075 324 1180 390 nnn.
1202 320 1384 391 555555.
1409 271 1642 388 issa-1554.
1756 296 1763 311 '
2153 325 2215 386 555

1295 458 1299 468 ·
1975 436 2001 488 A
2015 438 2048 504 93
2065 435 2137 504 1383
2155 434 2215 489 CB.

211 514 270 581 551
291 535 381 597 quae·
402 520 478 579 ante
505 515 734 596 praefocantur
754 536 854 597 quam
880 513 1060 596 pleniorem
1082 514 1187 578 estun·
1328 515 1377 575 19.
1409 512 1510 597 Ergo,
1533 520 1570 576 ut
1586 513 1687 590 Deus,
1712 510 1753 574 51
1775 422 1978 594 spoliandani
1996 512 2086 575 omni
2106 517 2216 592 patro-

211 600 292 665 dant
311 599 480 683 fulgorem.
526 598 748 680 Quamobrem
771 599 944 682 apostolus,
968 621 1005 663 eo
1026 601 1096 682 ipso
1117 599 1187 664 loco
1239 599 1324 663 einio
1346 597 1515 662 hominum
1536 599 1745 681 impietatem,
1766 597 1911 662 numinis
1933 598 1984 661 sui
2000 596 2163 680 fulgorem
2179 599 2216 661 in

212 686 329 771 (Hebr.
352 690 406 765 11,
425 685 474 770 3),
503 686 558 750 ubi
585 687 716 752 saecula
747 685 923 751 simulacra
949 693 1045 750 55551
1076 705 1187 749 rerum
1240 685 1399 749 creaturis
1421 683 1621 749 delineatum
1642 684 1712 748 sinc
1738 685 1928 765 exceptione
1954 683 2118 748 universis
2141 704 2216 765 pro·

211 772 435 849 invisibilium,
457 771 628 855 subiungit
648 793 707 854 per
725 770 824 837 fidem
842 771 981 854 intelligi
1000 771 1188 835 esse‘verbo
1239 770 1344 851 ponit:
1377 770 1425 834 ita
1450 771 1566 853 quibus
1596 791 1630 834 55
1663 768 1838 834 1551155511
1869 769 1905 833 15
1937 768 2077 833 salutem
2109 770 2215 832 mani-

212 858 275 923 Dei
305 864 416 939 aptata
423 881 431 936 3
460 857 507 922 ita
532 859 736 941 significans,
764 856 961 922 invisibilem
984 855 1188 921 divinitatem
1239 855 1374 934 festare,
1403 877 1517 920 eorum
1542 855 1756 921 imbecillitati
1777 854 1956 920 efficaciore
1976 855 2119 919 remedio
2142 877 2215 921 suc·

212 944 452 1025 repraesentari
474 943 606 1025 quidem
627 943 746 1009 talibus
769 942 976 1026 spectaculis,
1006 941 1063 1006 sed
1086 941 1127 1005 51
1148 942 1188 1004 il-
1240 941 1351 1006 555511.
1381 940 1524 1006 Ν5ι5·15
1545 962 1658 1006 eorum
1680 939 1894 1004 eruditionem
1916 961 1982 1005 non
2005 943 2107 1006 mutis
2132 940 2215 1006 dun-

212 1029 279 1094 lam
307 1028 567 1111 perspiciendam
597 1051 663 1093 555
679 1051 756 1094 5555
782 1029 875 1093 nobis
897 1028 1021 1106 oculos,
1051 1028 1115 1091 nisi
1136 1028 1188 1091 in·
1240 1033 1336 1096 taxat
1353 1028 1519 1111 magistris
1541 1028 1658 1105 511155,
1689 1024 1747 1090 551
1767 1047 1803 1090 os
1825 1047 1950 1108 quoque
1973 1035 2216 1094 sacrosanctum

212 1116 331 1180 teliore
350 1115 413 1180 Dei
436 1114 634 1180 revelatione
655 1137 714 1198 per
734 1114 834 1179 fidem
852 1114 1087 1179 illuminentur.
1121 1112 1188 1178 Ne·
1240 1119 1366 1177 reserat
1372 1135 1380 1192 ;
1402 1135 1507 1196 neque
1524 1120 1654 1177 tantum
1671 1111 1865 1195 promulgat,
1885 1111 2056 1177 colendum
2074 1113 2216 1196 aliquem

214 1222 276 1283 que
297 1200 431 1278 Paulus,
454 1202 510 1265 ubi
533 1201 634 1265 tradit
655 1201 802 1284 patefieri
823 1199 910 1283 quod
930 1199 1191 1283 cognoscendum
1240 1219 1311 1263 esse
1331 1199 1456 1276 Deum,
1485 1199 1543 1264 sed
1564 1220 1640 1262 eum
1664 1219 1699 1262 se
1721 1219 1791 1263 5555
1814 1197 1912 1262 simul
1933 1199 2137 1280 pronuntiat,
2159 1201 2216 1281 qui

214 1294 264 1352 est
297 1285 337 1350 de
364 1286 437 1351 Deo
466 1308 508 1350 ex
537 1287 654 1351 mundi
676 1288 838 1352 creatione
860 1284 971 1370 (Rom.
994 1291 1020 1363 1,
1043 1284 1112 1370 19),
1140 1292 1192 1350 ta·
1240 1283 1395 1350 colendus
1422 1285 1473 1348 sit.
1516 1284 1586 1349 Nec
1614 1285 1702 1366 ipsos
1729 1283 1823 1349 docet
1849 1282 1946 1347 modo
1973 1284 2008 1347 in
2030 1284 2140 1349 Deum
2164 1306 2215 1350 re-

213 1372 278 1437 lem
306 1372 602 1436 manifestationem
628 1373 791 1456 designat,
820 1392 903 1454 quae
926 1371 1096 1435 hominum
1116 1392 1192 1454 pcr-
1240 1371 1378 1452 spicere,
1408 1369 1465 1434 sed
1484 1392 1519 1435 se
1541 1390 1666 1452 quoque
1688 1369 1822 1433 exhibet
1848 1370 1883 1433 in
1905 1380 2005 1451 quem·
2029 1370 2213 1452 respiciant

151 1482 168 1492 ·
214 1458 353 1540 55155515
375 1458 686 1540 comprehendatur,
720 1458 800 1540 quin
826 1459 933 1540 potius
955 1478 1028 1521 eam
1050 1456 1194 1541 ostendit
1239 1455 1341 1520 Hunc
1360 1456 1449 1520 enim
1470 1455 1616 1520 ordinem
1638 1455 1679 1520 ab
1702 1455 1794 1519 initio
1811 1455 1974 1520 Dominus
1993 1455 2027 1518 in
2046 1477 2216 1520 servorum

214 1565 281 1608 non
306 1544 395 1608 ultra
416 1543 605 1626 procedere,
636 1545 701 1609 nisi
721 1551 759 1608 ut
780 1541 960 1607 reddantur
981 1543 1188 1608 inexcusabi·
1234 1563 1374 1606 suorum
1396 1542 1563 1606 vocatione
1590 1542 1709 1619 tenuit,
1738 1547 1776 1604 nt
1799 1548 1931 1623 praeter
1949 1541 2059 1605 omnia
2079 1541 2138 1606 illa
2159 1540 2216 1606 do-

212 1629 268 1694 155.
314 1629 409 1695 Idem
430 1651 565 1712 quoque,
587 1631 719 1695 tametsi
736 1629 854 1694 alicubi
872 1627 960 1713 (Act.
983 1633 1030 1705 17,
1051 1628 1107 1711 27)
1130 1650 1188 1693 55·
1241 1635 1395 1692 cumenta
1415 1628 1552 1691 verbum
1573 1647 1700 1709 quoque
1721 1626 1900 1704 adhiberet,
1923 1647 2006 1709 qnae
2024 1627 2128 1691 multo
2145 1649 2215 1692 rec·

212 1722 269 1799 gat
304 1716 415 1780 Deum
455 1715 568 1797 procul
600 1714 846 1799 vestigandum,
891 1721 1003 1797 utpote
1043 1716 1099 1797 qni
1135 1715 1187 1777 in·
1241 1714 1304 1776 tior
1326 1722 1360 1776 51
1381 1712 1571 1777 familiarior
1592 1711 1704 1776 estad
1725 1713 1833 1794 ipsum
1855 1711 2112 1796 dignoscendum
2128 1721 2214 1776 nota.

212 1810 265 1865 tra
286 1822 346 1865 nos
367 1800 494 1865 habitet
500 1824 508 1878 ;
531 1800 594 1865 alio
615 1809 727 1868 tamen
748 1801 818 1866 loeo
840 1800 933 1865 docet
954 1821 1109 1882 quorsum
1128 1822 1187 1865 va·
1241 1797 1298 1863 Sic
1315 1798 1432 1877 Adam,
1456 1799 1503 1863 sio
1522 1797 1603 1877 Noe,
1621 1799 1667 1863 515
1678 1797 1849 1862 Abraham
1871 1805 1905 1862 et
1922 1797 2039 1881 reliqui
2049 1805 2159 1880 patres
2180 1799 2215 1862 in

212 1886 278 1951 leat
309 1886 467 1951 eiusmodi
497 1888 730 1969 propinquitas.
782 1887 822 1950 In
850 1887 1048 1970 praeteritis,
1082 1887 1189 1968 inquit
1240 1885 1457 1968 cognitionem
1485 1885 1554 1949 eins
1583 1884 1771 1949 interiorem
1798 1884 1899 1949 verbo
1920 1883 2095 1949 illuminati
2116 1905 2216 1966 pene·

212 1971 300 2056 (Act.
334 1977 389 2048 14,
424 1972 491 2121 lii,
536 1974 799 2056 generationibus
837 1973 986 2055 permisit
1023 1973 1187 2037 Dominus
1239 1978 1384 2048 trarunt3
1414 1972 1483 2035 sive
1503 1970 1569 2034 illis
1590 1970 1811 2034 instillabatur
1831 1991 1891 2052 per
1911 1969 2043 2035 oracula
2064 1977 2098 2034 51
2117 1971 2216 2034 visio-

212 2063 327 2141 gentes
354 2058 449 2141 ingre
472 2060 483 2121 i
505 2059 567 2124 viis
589 2060 674 2138 suis,
701 2079 768 2123 non
791 2067 901 2122 tamen
930 2079 965 2122 se
985 2059 1094 2141 ipsum
1116 2059 1186 2123 5155
1239 2077 1308 2135 nes,
1331 2057 1400 2121 sive
1420 2057 1583 2139 prioribus
1603 2057 1651 2121 ita
1672 2056 1868 2134 revelatum,
1892 2076 2005 2120 eorum
2025 2056 2215 2135 ministerio,

212 2144 396 2208 testimonio
422 2144 566 2226 reliquit,
595 2144 800 2210 benefaciens
828 2167 846 2208 e
874 2143 977 2223 coelo,
1008 2144 1089 2208 dans
1114 2144 1187 2226 plu·
1240 2143 1333 2224 quasi
1353 2163 1413 2224 per
1433 2165 1568 2207 manum
1590 2142 1655 2207 illis
1673 2140 1698 2226 ¹)
1726 2141 1925 2208 tradebatur.
1969 2141 2084 2224 Neque
2105 2148 2217 2207 tamen

214 2229 285 2294 vias
308 2236 342 2292 51
367 2235 516 2311 tempora
536 2229 720 2308 fructifera,
748 2230 889 2312 implens
910 2230 980 2295 cibo
1003 2238 1037 2293 51
1063 2229 1188 2294 15511115
1240 2229 1411 2306 intererat,
1441 2250 1505 2310 qno
1527 2228 1660 2293 tandem
1680 2228 1776 2293 modo
1796 2229 1915 2293 fierent
1935 2228 2005 2292 eius
2027 2228 2120 2293 verbi
2141 2250 2217 2310 par-

212 2313 311 2379 corda
331 2313 510 2378 hominum.
543 2316 718 2398 Utcunque
740 2337 818 2399 ergo
839 2337 905 2380 non
923 2315 1119 2381 destituatur
1139 2323 1187 2379 te-
1240 2315 1369 2396 ticipes,
1402 2314 1498 2378 modo
1521 2336 1541 2378 a
1568 2315 1641 2379 Dec
1672 2315 1853 2397 profectum
1880 2335 1952 2378 esse
1981 2313 2216 2398 intelligerent;

213 2401 365 2464 stimonio
381 2401 552 2478 Dominus,
573 2401 651 2465 dum
668 2402 810 2484 plurima
828 2409 861 2465 et
876 2403 970 2465 varia
986 2401 1188 2484 benignitate
1241 2400 1332 2465 cuius
1353 2401 1402 2463 rei
1422 2400 1514 2464 Deus
1535 2400 1705 2465 indubiam
1726 2421 1855 2483 semper
1870 2400 1974 2475 fidem¹
1987 2399 2073 2480 fecit,
2092 2401 2216 2482 quoties

169 2542 171 2552 .
213 2484 363 2550 homines
384 2486 420 2548 in
442 2487 493 2550 sui
515 2488 731 2569 cognitionem
751 2489 896 2552 suaviter
914 2487 1023 2565 allicit,
1047 2489 1118 2552 vias
1137 2493 1187 2550 ta-
1240 2486 1310 2549 eius
1338 2486 1530 2551 revelationi
1555 2486 1659 2550 voluit
1686 2509 1756 2551 esse
1790 2486 1905 2551 locum.
1955 2486 2047 2569 argo
2073 2486 2216 2569 peculia

211 2591 289 2634 men
311 2592 396 2648 5555,
420 2570 481 2636 hoc
504 2580 554 2636 est
575 2573 723 2638 exitiales
745 2594 880 2651 errores,
903 2580 1076 2655 propterea
1097 2573 1188 2655 sequi
1240 2573 1321 2634 riter
1342 2593 1377 2635 se
1394 2572 1516 2653 paucis,
1539 2572 1680 2637 evidenti
1700 2574 1903 2654 praesentiae
1921 2591 1999 2637 suae
2019 2571 2095 2636 dato
2112 2573 2214 2655 signo,

211 2677 278 2721 non
300 2656 462 2722 desinunt
1239 2657 1433 2734 insinuavit,
1448 2679 1500 2743 ,ac
1529 2658 1693 2723 salvificae
1720 2657 1886 2723 doctrinae
1910 2658 2103 2724 thesaurum
2129 2656 2215 2739 apud

300 2744 348 2805 18.
394 2740 593 2823 Quanquam
620 2751 730 2808 autem
756 2744 898 2808 naturali
926 2743 1081 2808 facultate
1108 2743 1188 2809 deli·
1240 2763 1295 2807 eos
1318 2742 1474 2824 deposuit,
1495 2744 1587 2808 55155
1608 2745 1620 2807 1
1643 2745 1671 2808 51
1692 2766 1824 2809 rursum
1846 2743 1888 2808 ad
1909 2745 2132 2827 posteritatem
2150 2743 2215 2807 dis-

210 2827 330 2907 cimur,
359 2829 532 2909 quominus
554 2828 595 2892 ad
620 2850 738 2911 puram
760 2850 862 2912 usque
884 2836 917 2894 51
942 2829 1100 2912 liquidam
1123 2831 1188 2894 Dei
1240 2836 1430 2910 pensatores
1451 2830 1566 2894 forent
1612 2765 1763 2910 dualiter
1788 2829 1959 2894 Abraham
1980 2828 2130 2894 videmus
2148 2830 2215 2893 foe-

210 2914 429 3012 eognitionem
451 2914 665 2979 conscendere
688 2915 798 2995 liceat,
821 2915 897 2998 quia
918 2923 1029 2980 tamen
1051 2915 1188 2980 hebetu·
1241 2913 1302 2979 dus
1324 2922 1477 2979 aeternae
1498 2916 1599 2993 vitae,
1623 2915 1710 2997 apud
1731 2937 1767 2980 se
1786 2915 1917 2980 coelesti
1938 2914 2216 2997 oraculo‘deposi-

98 3047 102 3051 -
210 2998 296 3062 dinis
318 3000 436 3065 vitium
463 3001 552 3063 intra
578 3022 638 3065 nos
660 3010 724 3079 551,
753 3003 901 3084 55555155
921 3010 972 3066 551
993 3002 1099 3066 omnis
1121 3009 1187 3066 ter-
1240 3007 1326 3076 tum,
1356 3007 1391 3064 51
1417 3022 1614 3084 propagasse
1642 3002 1677 3064 in
1705 3006 1806 3065 totam
1827 3001 2001 3079 familiam,
2035 3008 2068 3065 et
2089 3002 2124 3064 in
2145 3000 2216 3064 lon-

212 3085 397 3165 giversatio.
442 3085 556 3166 Neque
578 3088 665 3150 enim
687 3088 909 3170 ignorantiam
928 3088 974 3152 515
995 3094 1186 3169 praeterere
1240 3107 1316 3168 gam
1337 3088 1581 3169 generationem
1598 3085 1887 3151 transmittendum
1905 3087 2078 3151 curavisse.
2108 3087 2217 3169 Atque

209 3169 295 3246 licet,
318 3170 397 3251 quin
419 3191 548 3253 semper
570 3178 603 3234 51
623 3173 775 3255 ignaviae
797 3182 831 3237 et
847 3173 1092 3257 ingratitudinis
1109 3194 1186 3238 con·
1239 3171 1301 3237 hoc
1329 3172 1461 3255 quidem
1482 3173 1671 3250 interstitio,
1700 3173 1767 3235 iam
1787 3179 1858 3236 tum
1881 3193 1901 3236 5
1922 3172 2056 3255 reliquis
2074 3172 2216 3236 nationi·

209 3255 391 3320 vincamur.
437 3256 549 3340 Digna
570 3257 693 3323 scilicet
714 3280 796 3341 quae
817 3258 1010 3324 admittamr
1032 3258 1184 3337 defensio,
1238 3258 1300 3323 bus
1323 3258 1583 3342 distinguebatur
1605 3257 1760 3322 Abrahae
1786 3259 1973 3341 progenies,
1996 3257 2082 3341 quod
2104 3259 2216 3341 singu·

88 3391 99 3412 .
210 3341 238 3404 51
258 3339 356 3405 horno
372 3340 420 3405 51
442 3342 640 3407 audiendam
661 3346 833 3409 veritatem
853 3366 948 3411 aures
966 3346 1029 3410 sibi
1046 3344 1186 3409 defuisse
1238 3344 1300 3409 lari
1322 3344 1387 3408 Dei
1407 3344 1564 3409 beneficio
1586 3344 1620 3408 in
1642 3344 1740 3407 istam
1761 3344 1854 3409 verbi
1876 3345 2137 3408 communionem
2158 3343 2216 3407 ad·
2339 3407 2344 3418 ,

208 3426 374 3505 obtendat,
411 3427 453 3492 ad
488 3448 586 3510 quam
621 3430 841 3494 enarrandam
873 3438 1052 3514 suppetunt
1085 3432 1186 3495 mutis
1237 3431 1338 3494 missa
1360 3437 1438 3494 erat.
1718 3512 1720 3514 .

210 3513 370 3578 creaturis
391 3514 565 3596 plusquam
587 3537 725 3580 canorae
747 3537 856 3596 voces;
889 3518 917 3583 si
939 3517 1040 3582 oculis
1062 3538 1097 3581 se
1119 3538 1186 3581 non
1325 3519 1374 3579 20.
1418 3516 1523 3580 Porro
1551 3516 1608 3579 ubi
1637 3514 1807 3579 ecclesiam
1835 3515 2000 3598 aliquanto
2027 3515 2134 3579 adhuc
2164 3536 2214 3578 se-

211 3619 305 3679 posse
338 3598 450 3664 videre
477 3608 643 3679 causetur,
677 3601 763 3683 quod
782 3604 860 3667 sine
889 3604 990 3668 oeulis
1017 3611 1186 3668 creaturae
1238 3600 1405 3666 lectionem
1434 3602 1560 3685 erigere
1588 3601 1731 3664 Domino
1758 3602 1867 3666 visum
1894 3607 1958 3679 est,
1992 3599 2073 3664 illud
2105 3600 2213 3681 ipsum

211 3681 452 3765 demonstrant;
480 3687 649 3752 si‘mentis
671 3688 926 3754 imbecillitatem
948 3696 1096 3768 excuset,
1130 3689 1186 3753 ubi
1238 3687 1376 3751 verbum
1403 3695 1437 3752 et
1464 3687 1647 3752 solenniore
1676 3688 1743 3750 ritu
1768 3686 2011 3770 promulgatum
2039 3692 2072 3749 et
2092 3684 2213 3749 tabulis

211 3788 324 3833 omnes
346 3771 416 3834 sine
436 3772 561 3836 ratione
583 3781 751 3838 creaturae
773 3774 934 3839 erudiunt
968 3774 1080 3855 Quare
1097 3776 1187 3839 omni
1238 3774 1465 3856 consignatum
1491 3772 1603 3839 voluit.
1654 3773 1749 3838 'lunc
1776 3792 1854 3856 ergo
1887 3772 2015 3853 scriptis
2047 3791 2213 3835 commen-

210 3871 344 3933 prorsus
371 3859 578 3922 excusatione
599 3862 715 3924 merito
743 3860 962 3939 excludimur,
993 3860 1079 3944 quod
1108 3862 1185 3944 vagi
1239 3858 1310 3923 dari
1331 3866 1507 3942 coepemnt
1525 3858 1591 3924 Dei
1612 3858 1752 3936 oracula,
1774 3879 1857 3941 quae
1878 3863 1976 3922 antea
1996 3857 2037 3921 15
2056 3877 2158 3921 manu
2177 3857 2214 3920 in

211 3945 245 4002 et
272 3939 421 4020 palantes
447 3944 651 4022 aberramus,
680 3967 781 4028 quum
808 3948 918 4011 omnia
945 3955 1069 4012 rectam
1096 3948 1185 4012 viam
1237 3966 1373 4009 manum
1392 3945 1513 4012 tradita
1538 3946 1574 4009 in
1601 3945 1721 4027 populo
1741 3945 1805 4009 Dei
1831 3943 2091 4010 asservabantur.
2137 3940 2214 4023 Qua

211 4022 443 4090 demonstrent
496 4026 564 4093 Sed
592 4032 693 4109 enim,
721 4039 885 4115 utcunque
913 4032 1083 4096 hominum
1105 4033 1185 4097 vitio
1237 4032 1333 4095 inre
1360 4031 1518 4116 singulari
1543 4029 1749 4113 providentia
1770 4031 1862 4096 Deus
1888 4037 2093 4112 posterorum
2115 4028 2213 4094 saluti
2279 4050 2283 4058 ·

177 4169 181 4177 .
209 4110 439 4192 imputandum
460 4114 511 4190 sit,
534 4112 624 4196 quod*
641 4138 753 4180 semen
775 4119 909 4182 notitiae
928 4118 1002 4197 Dei,
1026 4140 1068 4183 ex
1084 4119 1185 4182 mira»
1237 4117 1407 4182 consuluit.
1440 4119 1528 4183 Nam
1547 4119 1575 4181 51
1596 4128 1786 4198 reputamus
1807 4137 1905 4199 quam
1920 4115 2065 4182 lubricus
2087 4116 2131 4179 511
2150 4114 2212 4178 hu·
2329 4167 2333 4176 .

209 4196 266 4261 bili
288 4204 427 4261 naturae
449 4200 585 4264 artificio
606 4202 771 4266 mentibus
797 4204 865 4267 suis
885 4204 1084 4286 inspersum,
1107 4224 1184 4266 mox
1237 4223 1355 4267 manae
1380 4204 1499 4268 mentis
1523 4203 1634 4286 lapsus
1656 4203 1691 4266 in
1713 4203 1777 4267 Dei
1799 4202 2007 4282 oblivionem,
2030 4207 2155 4283 quanta
2176 4201 2213 4263 in

209 4291 433 4365 corrumpunt,
455 4305 498 4348 ne
520 4285 561 4349 51
582 4285 712 4369 frugem
733 4288 853 4352 bonam
875 4310 913 4354 ac
931 4290 1093 4354 sinceram
1109 4310 1185 4371 per·
1238 4309 1333 4352 omne
1360 4311 1464 4373 genus
1491 4290 1610 4354 erroris
1637 4288 1840 4371 proclivitas,
1868 4296 1991 4370 quanta
2017 4287 2060 4352 ad
2088 4286 2211 4351 confin-

208 4369 332 4433 veniat:
356 4369 563 4434 verissimum
585 4377 696 4437 tamen
718 4380 776 4451 est,
799 4373 889 4438 nuda
910 4376 974 4438 ista
996 4384 1029 4438 51
1046 4373 1185 4456 simplici
1237 4373 1361 4457 gendas
1385 4374 1562 4440 identidem
1590 4396 1701 4440 novas·
1715 4383 1749 4439 et
1774 4375 1915 4439 factitias
1943 4373 2117 4456 religiones
2138 4370 2212 4436 libi·

208 4455 451 4534 testificatione,
485 4477 567 4538 quae
599 4457 664 4520 Dei
689 4459 950 4541 magnificentiae
978 4482 998 4524 a
1025 4459 1183 4524 creaturis
1237 4459 1291 4523 do:
1320 4461 1503 4544 perspicere
1535 4461 1646 4526 licebit
1672 4481 1772 4542 quam
1795 4460 1980 4525 neccssaria
2011 4459 2110 4523 fuerit
2137 4456 2213 4522 talis

207 4538 364 4620 redditur,
387 4562 593 4624 nequaquam
614 4563 674 4607 nos
692 4544 891 4609 sufficienter
908 4545 1040 4609 erudiri.
1075 4542 1184 4608 Simul
1237 4545 1384 4611 coelestis
1406 4544 1573 4612 doetrinae
1594 4546 1811 4630 consignatio,
1832 4567 1874 4610 ne
1895 4546 1950 4610 vel
1971 4544 2133 4610 oblivione
2156 4542 2212 4607 de-

206 4625 295 4690 enim
316 4648 354 4691 ac
375 4627 539 4693 modicum
562 4628 742 4694 divinitatis
764 4637 897 4713 gustum
909 4652 960 4696 ,ex
977 4629 1092 4694 mundi
1110 4651 1182 4712 spe·
1236 4632 1372 4712 periret,
1401 4631 1455 4695 551
1477 4654 1587 4698 errore
1613 4641 1837 4708 evanesceret,
1865 4630 1919 4695 vel
1942 4628 2079 4695 5515515
2106 4629 2212 4694 homi-

205 4710 367 4776 culatione
390 4712 621 4794 delibavimus,
651 4737 731 4780 5555
752 4716 825 4780 Deo
845 4717 1089 4797 praetermisso,
1112 4717 1182 4781 eius
1236 4738 1317 4780 num
1334 4725 1603 4800 corrumperetur.
1639 4714 1751 4797 Quum
1766 4718 1876 4798 itaque
1893 4717 2004 4798 palam
2021 4716 2072 4793 sit,
2091 4717 2211 4794 Deum,

205 4795 276 4861 loco
298 4800 425 4863 somnia
447 4808 480 4865 et
501 4809 629 4884 spectra
650 4801 775 4867 cerebri
801 4802 905 4865 nostri
932 4803 1103 4885 erigimus,
1130 4802 1182 4865 iu·
1237 4823 1316 4886 erga
1343 4824 1397 4867 eos
1428 4824 1554 4879 omnes,
1582 4823 1662 4885 quos
1683 4822 1828 4884 unquam
1850 4801 1979 4866 erudire
2001 4822 2076 4882 oum
2104 4801 2213 4867 fructu

207 4883 330 4961 stitiae,
364 4886 558 4966 sapientiae,
591 4887 757 4965 bonitatis,
790 4889 954 4970 potentiae
980 4887 1111 4952 laudem
1140 4888 1182 4951 ad
1237 4887 1353 4968 voluit,
1384 4888 1565 4953 subsidium
1595 4886 1687 4953 verbi
1719 4886 1920 4967 adhibuisse,
1954 4886 2041 4970 quod
2069 4887 2213 4970 effigiem

206 4969 277 5049 1555
300 4968 485 5035 derivando.
521 4971 720 5052 Quotidiana
740 4994 836 5054 porro
859 4974 928 5038 eins
947 4974 1034 5039 facta
1055 4975 1103 5038 115
1125 4982 1182 5038 551
1236 4995 1330 5037 suam
1351 4974 1386 5037 in
1405 4974 1521 5038 mundi
1541 4972 1770 5054 compositione
1791 4973 1983 5055 impressam
2000 4994 2119 5055 parum
2140 4992 2212 5046 esse

205 5054 417 5119 obscuramus
440 5066 497 5120 aut
517 5059 711 5124 invertimus
732 5080 834 5142 prave
855 5059 1065 5139 aestimando,
1088 5068 1126 5123 ut
1148 5069 1181 5124 51

204 5159 298 5202 suam
318 5140 383 5205 illis
405 5142 557 5225 gloriam,
587 5152 621 5210 et
642 5146 746 5209 autori
769 5145 912 5210 debitam
932 5145 1063 5210 laudem
1084 5167 1179 5228 prae-

200 5223 367 5306 ripiamus.
1303 5247 1332 5316 1)
1349 5247 1468 5317 posteris
1487 5244 1555 5300 1543
1572 5251 1597 5300 51
1614 5260 1683 5315 seqq.
1702 5251 1799 5300 contra
1816 5252 1928 5302 mentem
1946 5253 2060 5302 5515555.

1234 5149 1438 5157 —-—-—--
