4770 6030
168 342 230 405 401
733 283 735 287 ’
904 280 1124 408 'oram
1166 336 1230 402 33
1253 334 1389 401 anan
2107 343 2172 406 33

185 449 486 521 erasmum,

169 440 260 607 buin
280 527 379 592 etiam
411 526 499 608 apud
523 532 650 612 veteres
683 525 830 591 ethnieos
856 526 1029 590 observare
1056 522 1141 602 11331,
1192 525 1411 590 observamus.
1425 525 1451 608 ¹)
1488 522 1604 589 Voluit
1624 525 1712 589 enim
1732 513 1905 605 Dominus,
1927 528 1989 593 sub
2010 528 2075 592 diei
2096 549 2169 612 sep-

167 613 334 696 publieum
366 618 401 676 et
432 611 564 677 solenne
596 610 823 677 iusiurandum
850 612 886 675 in
913 631 1035 694 magna
1065 608 1141 673 reli·
1193 611 1265 674 timi
1292 610 1413 691 quiete,
1447 609 1566 693 populo
1591 610 1695 675 Israel
1723 611 1925 693 spiritualem
1952 614 2097 695 requiem
2129 615 2169 679 fi-

168 701 265 783 gione
292 696 442 763 habitum
467 698 580 776 fluisse,
609 698 760 780 vulgaria
779 718 863 780 quae
889 697 1072 778 3333313333
1092 695 1141 759 fa·
1193 717 1326 778 gnare,
1355 716 1460 778 quaa
1485 697 1624 779 propriis
1645 697 1796 778 operibus
1816 697 1927 762 feriari
1949 698 2068 763 debent
2088 699 2169 765 fide·

167 785 313 863 aiebant,
343 790 400 848 aut
426 804 485 865 pro
507 783 623 860 nihilo,
658 790 715 846 aut
741 783 875 847 nonita
900 802 1021 865 magno
1042 779 1141 845 111333
1191 781 1254 859 les,
1278 790 1316 844 31
1336 781 1446 846 Deum
1467 782 1502 845 in
1523 803 1559 847 so
1584 783 1712 864 operari
1733 784 1850 847 sinant.
1894 783 2024 849 Deinde
2046 791 2169 850 statum

167 877 326 953 reputata,
348 868 484 952 perinde
505 891 543 934 ao
566 870 593 933 31
610 868 674 932 Dei
686 890 809 932 numen
828 868 864 931 in
886 867 938 932 his
957 888 1024 931 non
1040 867 1141 931 13133
1193 865 1280 931 diem
1302 887 1372 932 esse
1393 867 1510 945 voluit,
1538 889 1601 950 qno
1623 867 1666 932 ad
1695 867 1803 952 legem
1824 867 2020 934 audiendam
2042 877 2076 934 et
2096 891 2169 936 oae-

168 955 281 1022 eedere
308 961 470 1037 putarent
520 955 648 1018 Verum
675 955 804 1036 privata
831 955 1030 1030 iuramenta,
1058 973 1141 1034 quae
1178 952 1354 1033 ‚romonias
1381 953 1584 1037 peragendas
1610 955 1836 1030 eonvenirent,
1874 955 1921 1019 vel
1946 955 2055 1020 saltem
2080 976 2170 1038 quem

167 1042 282 1118 sobrie,
305 1046 424 1117 333313,
446 1047 635 1106 reverenter
655 1040 847 1105 neeessariis
869 1039 966 1104 rebus
984 1037 1140 1103 3111133-
1192 1058 1317 1119 opertam
1337 1057 1467 1102 samum
1484 1039 1676 1104 meditationi
1690 1040 1892 1120 3333131133
1912 1040 2036 1119 daret,
2059 1047 2094 1105 ut
2112 1041 2171 1107 bae

167 1137 236 1205 tur,
268 1126 425 1190 damnare
452 1127 551 1191 nimis
577 1125 795 1208 perionlosum
822 1125 933 1190 fuerit:
965 1145 1048 1206 quae
1069 1124 1141 1205 ipsa
1192 1123 1397 1188 recordatione
1424 1124 1467 1188 ad
1492 1126 1639 1206 pietaten
1665 1131 1882 1191 3333333313.
1892 1125 1922 1210 2)
1966 1127 2167 1193 133113333-

167 1220 201 1278 et
221 1213 356 1290 ratione,
380 1221 413 1276 et
434 1211 591 1294 exemplis
613 1211 800 1276 fulciuntur.
844 1210 932 1275 Nam
953 1210 983 1274 si
1003 1210 1140 1292 privatis
1192 1211 1252 1287 313,
1275 1215 1309 1273 31
1329 1211 1369 1274 iis
1390 1212 1446 1293 qui
1468 1211 1528 1276 sub
1551 1211 1689 1275 aliorum
1705 1211 1863 1294 degerent
1878 1212 2024 1294 imperio,
2048 1213 2169 1295 quietis

166 1302 203 1448 ld
224 1298 374 1448 refigrpvi
396 1304 438 1448 3131
438 1299 542 1447 tgeria
562 1294 1139 1447 Deffainoer1⁸e·iud1i⁰dl¹dpb⁰d.
1192 1294 1280 1446 ‹liiggr
1299 1294 1538 1395 indulgendum
1556 1297 1697 1377 eensuit,
1719 1318 1782 1378 quo
1804 1298 1947 1380 aliquem
1966 1298 2127 1364 haberent
2148 1320 2169 1364 a

203 1406 236 1448 33
281 1405 403 1462 oe,m
652 1404 668 1447 s
701 1404 745 1447 m
808 1403 894 1447 nsrm
929 1403 983 1445 ar
1207 1403 1228 1445 a
1267 1403 1556 1447 reremrssronem.

168 1404 680 1552 1331333333111133118311113333
703 1475 737 1533 13
764 1467 908 1533 studebis
930 1488 972 1532 ex
994 1466 1138 1532 333113113
1214 1520 1218 1529 .
1279 1470 1329 1531 51.
1373 1466 1472 1532 Illam
1504 1476 1615 1532 tamen
1643 1467 1820 1552 spiritualis
1848 1469 1966 1550 quietis
1993 1468 2169 1535 adumbra-

167 1556 287 1634 offieio;
308 1554 364 1619 ille
384 1554 476 1618 nulla
494 1555 620 1619 ratione
641 1555 792 1619 satisfieri
819 1554 880 1618 sibi
904 1553 1055 1634 patietur.
1100 1550 1139 1618 si
1191 1552 1314 1617 tionem
1334 1553 1526 1635 primarium
1546 1554 1583 1618 in
1602 1553 1761 1619 sabbatho
1781 1553 1890 1620 looum
1906 1556 2060 1633 13331333,
2082 1555 2169 1620 mul·

165 1642 201 1704 in
223 1641 398 1706 disorimen
418 1641 507 1704 fama
528 1647 585 1704 tua
605 1640 646 1704 ob
667 1639 756 1704 111133
773 1639 969 1704 obstinatam
986 1637 1138 1721 maligni·
1191 1639 1334 1703 tifariam
1359 1638 1521 1705 doeemur.
1565 1638 1696 1705 Nullius
1723 1639 1792 1704 fere
1819 1639 1979 1721 siquidem
2004 1641 2169 1724 praeoepti

166 1735 267 1791 tatem
293 1727 419 1803 veniat,
447 1726 518 1790 sine
539 1726 664 1791 offensa
690 1724 732 1789 ad
753 1725 818 1789 Dei
844 1723 1001 1789 iudioium
1021 1744 1139 1806 provo-
1190 1722 1408 1789 obedientiam
1418 1726 1562 1790 severius
1572 1724 1971 1810 Dominusexegitfflum.
1987 1730 2036 1805 15,
2045 1730 2084 1789 32
2098 1746 2165 1809 sqq.

165 1813 262 1890 tabis,
286 1821 323 1876 ut
343 1819 435 1875 tuam
455 1812 674 1876 innoeentiam
690 1818 835 1894 tempore
852 1810 1046 1874 manifestet
1073 1809 1138 1873 Mi·
1190 1809 1295 1874 ond
1315 1814 1366 1890 35,
1385 1809 1429 1896 2).
1475 1809 1587 1891 Quum
1609 1811 1800 1877 subversam
1822 1831 1953 1875 omnem
1975 1811 2167 1896 religionem

164 1919 227 1962 333
244 1909 295 1962 331
311 1904 429 1962 testem
445 1895 613 1975 advocare,
632 1898 661 1962 si
677 1897 778 1962 verba
795 1894 1032 1978 expenduntur.
1064 1894 1140 1959 Non
1191 1895 1264 1961 vult
1284 1896 1371 1978 apud
1390 1895 1566 1978 prophetas
1588 1897 1780 1980 signifiome,
1801 1897 1934 1978 polluta,
1952 1897 2081 1976 violata,
2101 1919 2168 1962 non

164 1983 259 2049 video
286 1983 387 2066 igitur
419 2003 479 2048 our
504 1981 558 2049 hio
585 1982 734 2048 illieitam
755 2003 938 2047 asseramus
960 1981 1139 2046 attestatio-
1193 1981 1366 2062 eustodita,
1388 2003 1456 2047 non
1477 1983 1679 2048 33331113313
1700 2003 1760 2047 sua
1781 1982 1940 2048 sabbatha
1960 1984 2170 2066 eonqueritur

165 2091 249 2133 nem
300 2068 415 2151 Neque
440 2067 558 2133 desunt
588 2067 731 2151 plurima
758 2067 916 2150 exempla
967 2065 1139 2133 313333
1191 2066 1264 2152 (Er.
1285 2071 1335 2146 20,
1357 2070 1410 2146 12;
1434 2071 1491 2147 22,
1515 2071 1656 2145 83123,
1677 2070 1726 2132 38.
1755 2068 1818 2133 Ier.
1845 2072 1893 2147 17,
1913 2072 1963 2132 21.
1984 2072 2025 2133 22
2044 2067 2168 2152 3127);

166 2154 245 2219 ham
265 2162 298 2218 et
324 2155 418 2219 Isaeo
439 2161 679 2219 saeramentum
704 2175 779 2218 oum
797 2151 990 2218 Abimeleoh
1011 2152 1139 2236 publioo
1191 2154 1298 2236 quasi,
1327 2153 1445 2219 omisso
1472 2153 1534 2219 hoo
1561 2153 1728 2235 obsequio,
1756 2153 1839 2217 nihil
1868 2154 2008 2237 amplius
2030 2161 2192 2253 restaret.
2326 2142 2331 2164 ¹

165 2241 297 2305 nomine
317 2241 528 2323 praetexitur,
550 2249 586 2304 at
604 2245 691 2305 33313
712 2238 810 2304 Iaoob
832 2244 866 2303 et
882 2239 999 2304 Laban
1019 2239 1140 2322 privati
1190 2241 1227 2305 in
1247 2259 1310 2321 quo
1333 2245 1442 2322 posset
1456 2239 1624 2314 honorari.
1668 2237 1751 2304 Dius
1772 2238 2013 2305 observantiam
2041 2240 2169 2305 eximiis

165 2333 273 2404 erant,
307 2327 362 2409 qui
394 2332 507 2390 mutuo
534 2327 718 2390 iuramento
744 2323 858 2399 foedus
885 2326 1034 2389 1313333
1064 2345 1139 2389 333-
1191 2325 1346 2391 eneomiis
1366 2325 1587 2408 prosequitur:
1610 2323 1698 2388 unde
1715 2332 1749 2387 et
1764 2323 1886 2402 fideles,
1909 2325 1995 2390 13133
2013 2326 2078 2391 3113
2094 2343 2167 2391 ora-

164 2413 256 2477 31331
276 2410 377 2496 (Gen.
397 2415 447 2489 31,
468 2410 533 2495 53).
584 2412 740 2477 Privatus
766 2417 838 2474 3331
856 2410 960 2490 Boon,
988 2410 1044 2492 qui
1063 2431 1139 2492 pro·
1192 2410 1274 2490 oula,
1294 2411 1444 2477 sabbathi
1460 2410 1692 2478 revelationem
1708 2410 1845 2474 mirifiee
1863 2411 2079 2477 aestimabant
2090 2411 2168 2496 (Ies.

164 2498 302 2562 missum
329 2497 517 2580 eoniugium
543 2496 637 2562 Ruth
669 2496 784 2562 eodem
809 2495 906 2560 modo
934 2497 1141 2562 eonfirmavit
1194 2500 1244 2576 56,
1264 2495 1309 2582 2).
1350 2494 1408 2562 Sio
1425 2497 1515 2562 enim
1530 2496 1708 2580 loquuntur
1724 2495 1863 2560 Levitae
1882 2495 1970 2577 apud
1985 2495 2171 2562 Nehemiah

166 2582 283 2668 (Ruth
304 2586 339 2661 3,
361 2586 399 2646 13
424 2588 510 2660 314,
534 2581 577 2667 3).
633 2583 789 2648 Privatim
819 2589 890 2646 erat
916 2581 1057 2660 Abdias,
1087 2581 1140 2646 vir
1192 2580 1382 2666 (9,14),13
1404 2582 1530 2648 solenni
1546 2581 1809 2666 oongrogatione:
1832 2579 2002 2646 ostendisti
2019 2583 2168 2664 patribus

164 2669 464 2734 133133311133333
486 2669 565 2746 Dei,
587 2669 644 2752 qui
664 2670 847 2733 iuramento
868 2674 1035 2733 asseverat
1054 2666 1141 2749 quod
1192 2669 1312 2733 nostris
1335 2668 1531 2734 sabbathum
1556 2674 1651 2734 tuum
1673 2673 1837 2744 sanetum,
1866 2665 2022 2730 mandata
2042 2673 2076 2731 et
2097 2688 2170 2733 oae-

164 2753 282 2819 Heliae
299 2754 372 2819 vult
387 2753 583 2837 persuadere
621 2753 810 2837 lReg.18,
832 2751 896 2837 12).
924 2752 1059 2818 Nullam
1077 2753 1139 2817 ita-
1192 2755 1370 2833 remonias,
1404 2761 1438 2818 et
1469 2754 1577 2835 legem
1604 2752 1722 2818 dedisti
1742 2753 1789 2818 eis
1816 2773 1875 2834 per
1899 2772 2036 2817 manum
2056 2752 2168 2817 Mosis.

165 2861 229 2921 que
249 2841 418 2904 meliorem
439 2839 588 2924 regulam
653 2840 722 2918 beo,
745 2839 810 2904 3131
831 2846 869 2903 31
888 2840 1073 2904 iuramenta
1093 2839 1140 2903 sie
1192 2839 1295 2904 Vides
1322 2845 1361 2904 ut
1385 2840 1544 2924 singulari
1571 2838 1759 2923 dignatione
1786 2836 1947 2903 habeatur
1966 2837 2053 2902 13133
2073 2857 2168 2920 prae-

165 2924 381 3005 moderemur,
404 2947 446 2991 ne
467 2926 642 2991 temeraria
663 2926 738 3004 sint,
761 2946 804 2989 33
823 2925 1016 3007 promiscua,
1038 2923 1140 2988 3311-
1193 2931 1287 3007 eepta
1307 2926 1417 2990 omnia
1441 2925 1533 3010 legis.
1578 2923 1671 3006 Quae
1693 2924 1803 2988 omnia
1830 2924 1996 3006 pertinent
2017 2922 2060 2988 ad
2081 2943 2168 2988 oom-

165 3010 322 3090 bidinosa,
344 3034 386 3076 ne
407 3011 538 3090 frivola3
567 3011 626 3077 sod
646 3013 751 3077 iustae
772 3011 958 3076 3333331133
979 3010 1138 3076 serviant:
1193 3009 1412 3076 mandandam
1437 3010 1587 3096 mysterii
1614 3009 1819 3093 dignitatern
1852 3009 1938 3092 quod
1970 3030 1990 3073 3
2015 3009 2109 3073 Μ333
2136 3015 2170 3072 et

168 3097 224 3162 ubi
246 3097 369 3163 soilioet
389 3097 442 3163 vel
468 3098 605 3163 Domini
632 3097 736 3181 gloria
756 3095 969 3175 vindioanda,
992 3096 1047 3161 vel
1067 3117 1141 3178 pro·
1193 3096 1367 3164 Eaeehiele
1401 3096 1620 3179 puleherrime
1653 3095 1855 3177 exprimitur.
1912 3092 1969 3159 Sio
2001 3094 2102 3160 habes
2134 3094 2170 3158 in

167 3182 329 3248 movenda
354 3184 465 3249 fratris
491 3183 678 3248 aedifioatio.
729 3181 804 3263 Quo
836 3182 919 3266 legis
950 3180 1143 3247 mandatum
1193 3181 1310 3248 Exodo
1332 3180 1487 3266 (31,-13):
1517 3180 1624 3248 videte
1645 3186 1683 3245 ut
1708 3181 1904 3246 sabbathum
1931 3200 2042 3244 meum
2062 3186 2169 3245 33313-

167 3275 300 3350 speetat
852 3324 857 3332 .
1195 3268 1306 3347 dietis,
1329 3268 1406 3351 quia
1426 3268 1558 3351 signum
1579 3274 1629 3333 est
1653 3267 1814 3331 interme
1835 3273 1869 3330 et
1886 3286 1954 3343 vos,
1976 3265 2011 3329 in
2033 3282 2169 3348 genera·

1196 3354 1338 3421 tionibus
1360 3354 1491 3433 vestris,
1517 3360 1556 3418 ut
1582 3351 1798 3452 seiatis'quod
1819 3372 1879 3434 ego
1900 3373 1975 3415 sum
1997 3351 2169 3427 Dominus,

366 3504 682 3574 PRAEOEPTUM
704 3507 942 3589 3333333.
1106 3476 1110 3483 ’
1197 3436 2170 3605 31131233233311133111111113131

1197 3620 1230 3677 et
1259 3610 1424 3678 eelebrent
1453 3609 1535 3676 illud
1567 3611 1603 3674 in
1629 3608 1890 3693 generationibus
1923 3608 2003 3672 suis:
2037 3612 2170 3689 paetum

170 3663 409 3748 Recordare
446 3677 497 3747 ut
527 3652 640 3748 diem
670 3666 867 3749 sabbathi
899 3667 1142 3751 sanetifioes.
1196 3705 1247 3762 est
1272 3697 1508 3780 sempiternum
1531 3697 1693 3762 interme
1714 3693 1851 3758 etfilios
1872 3692 1992 3772 Israel,
2022 3692 2169 3774 signum·

171 3783 258 3866 Sex
296 3784 454 3884 diebus,
483 3786 723 3896 operaberis
764 3798 809 3868 et
846 3788 974 3870 faoies
1005 3789 1144 3871 omnia
1195 3776 2085 3947 gxizswffiufffflffioefflfflmlghfflffi
2104 3776 2169 3944 325

171 3933 299 4015 01)6Γᾶ
336 3915 449 4041 mal·
478 3905 658 4042 “Jepffino
697 3918 842 4041 {mem
880 3907 947 3990 die
994 3909 1143 3991 sabba‘
1196 3953 1301 4019 Israel
1321 3951 1537 4037 eognoseeret,
1559 3953 1671 4017 Deum
1688 3971 1758 4016 esse
1775 3971 1872 4015 suum
1888 3950 2168 4015 sanetifieatorem

170 4024 295 4106 thum
325 4025 497 4107 Domlm
526 4026 610 4108 Del
647 4036 712 4107 tm
751 4037 827 4109 est.
878 4027 987 4127 ,Non
1016 4029 1144 4112 faties
1197 4038 1236 4106 si
1257 4041 1469 4106 3333313313
1488 4044 1600 4104 333133
1623 4036 1774 4120 33333133
1796 4035 1974 4101 3313313113
1995 4035 2171 4100 mortifioa-

383 4145 522 4227 33
551 4174 657 4257 3
687 4146 731 4226 3
1610 4124 1970 4291 nr

259 4297 309 4356 50.
358 4294 452 4358 Finis
477 4295 641 4377 praecepti
666 4300 716 4359 est
743 4302 780 4359 ut
811 4297 951 4379 propriis
978 4297 1146 4363 affeetibne
1198 4318 1241 4361 no
1263 4305 1327 4376 est,
1350 4303 1388 4361 ut
1408 4298 1501 4362 Deus
1522 4297 1558 4360 in
1579 4295 1672 4361 nobis
1693 4300 1853 4375 operetur.
1898 4290 2088 4359 Cedendum
2113 4308 2171 4354 vo-

172 4388 205 4444 31
226 4378 377 4459 33331133
407 4381 545 4444 emortui
573 4401 712 4464 regnum
732 4381 799 4446 Dei
818 4382 1029 4463 meditemur,
1050 4390 1146 4466 atque
1197 4382 1324 4448 luntate
1339 4390 1460 4462 nostra,
1483 4379 1717 4473 resignandum
1734 4400 1798 4458 eor,
1820 4377 2019 4446 abdioandae
2036 4381 2172 4441 ounotae

173 4463 216 4528 ad
237 4485 310 4528 eam
331 4464 575 4530 meditationem
591 4467 749 4531 institutis
771 4488 792 4531 a
807 4467 949 4534 Domino
967 4470 1146 4535 rationibus
1199 4469 1307 4535 earnis
1328 4469 1528 4552 cupiditates.
1561 4467 1713 4550 Denique
1733 4464 1918 4531 feriandum
1938 4469 1988 4528 est
2009 4461 2049 4526 ab
2067 4460 2171 4524 omni-

172 4570 392 4615 ereroeamur.
442 4552 569 4616 Verum
590 4552 744 4635 quoniam
770 4551 870 4619 habet
895 4555 1093 4637 peeuliarem
1114 4563 1148 4620 et
1199 4555 1260 4620 bus
1287 4555 1411 4638 3333311
1436 4553 1561 4639 ingenii
1588 4552 1727 4629 muniis,
1757 4557 1795 4616 ut
1815 4551 1927 4616 Deum
1953 4546 2110 4612 habentes
2137 4546 2173 4608 in

174 4634 313 4700 divisam
335 4656 355 4699 a
380 4637 512 4719 reliquis
533 4637 837 4717 oonsiderationem,
864 4640 961 4722 paulo
983 4639 1147 4707 diversam
1200 4640 1293 4705 nobis
1315 4647 1519 4723 operantem,
1541 4639 1669 4720 inipso
1691 4638 1942 4720 aequiesoamus,
1964 4629 2174 4715 quemadmo-

173 4722 450 4803 interpretationis
477 4724 595 4787 seriem
622 4723 765 4806 requirit
809 4724 994 4791 Umbratile
1020 4734 1147 4793 veteres
1200 4713 2141 4809 (133333313133333333113331(Η“313.3,13314,4).

173 4828 363 4888 nunoupare
385 4809 498 4886 solent,
518 4808 603 4892 quod
620 4816 791 4874 externam
808 4809 872 4875 diei
889 4811 1148 4877 observationem
1288 4812 1337 4876 52.
1381 4813 1581 4894 Perpetuam
1606 4810 1704 4875 istam
1731 4808 1943 4873 oessationem
1965 4801 2096 4867 Iudaeis
2123 4821 2174 4866 re-

173 4894 351 4971 oontineat,
377 4915 460 4977 quae
488 4895 524 4959 in
546 4893 672 4961 Christi
693 4895 836 4962 adventu
859 4918 935 4963 oum
955 4897 1088 4982 reliquis
1108 4900 1146 4963 fi·
1199 4898 1429 4979 praesentabat
1448 4898 1547 4962 unius
1562 4893 1634 4959 ’(1131
1655 4916 1697 4958 ex
1715 4893 1856 4975 septenis
1873 4889 2069 4966 observatio;
2092 4906 2174 4969 quae

175 4979 264 5060 33313
287 4979 407 5044 abolita
426 4980 533 5044 fuerit
577 4980 675 5062 Quod
695 5002 772 5048 vere
798 4982 929 5067 quidem
951 4983 991 5049 ab
1012 4984 1078 5049 illis
1098 4983 1147 5048 di·
1200 4987 1238 5046 31
1257 4982 1374 5047 maiori
1395 4984 1551 5067 religione
1577 4980 1738 5047 eoleretur
1760 4999 1833 5042 eam
1853 4974 2003 5058 exemplo
2024 4994 2084 5039 suo
2106 4971 2176 5037 Do-

174 5064 272 5142 oitur;
305 5064 363 5128 sed
391 5064 525 5129 dimidia
552 5072 681 5132 tantum
710 5088 753 5132 ex
783 5075 876 5151 parte
907 5089 979 5133 rem
1006 5070 1145 5153 attingit
1203 5121 1406 5132 -..,..-

174 5147 285 5229 Qllffl'fl
313 5150 410 5216 altius
440 5152 617 5251 fflpfltenfla
644 5162 695 5219 0⁸¹²
722 5154 894 5237 ⁰¹P⁰⁵ifi⁰r
921 5160 956 5219 ⁰⁸
976 5154 1147 5238 dl⁸Pi⁰i⁰¹¹'
1271 5185 1300 5254 1)
1318 5187 1476 5240 observasse
1501 5187 1566 5239 mihi
1591 5184 1684 5239 videor
1708 5181 1776 5236 loto
1798 5197 1867 5251 seqq.
1954 5180 1985 5247 2)
2009 5178 2087 5232 Haec
2109 5173 2177 5230 1545

176 5233 236 5297 dae
269 5242 335 5300 tres
366 5258 497 5316 oausae,
535 5239 652 5319 qmbus
685 5248 834 5306 33331333
863 5241 925 5307 boo
956 5241 1149 5309 mandatum
1197 5257 1318 5328 333333
1335 5261 1477 5324 apparat

247 5333 461 5409 33333333.
499 5338 598 5396 vora
1934 5335 1969 5389 2⁶
