4770 6030
184 378 245 440 aar
953 370 1054 439 oar.
1076 372 1140 439 m.
1184 373 1249 439 uu
1262 362 1408 440 'anau
2126 378 2188 440 aas

181 484 482 555 sanataque.

181 564 367 628 testimonia
395 474 638 627 sunt]divinae
665 561 823 626 adversus
855 568 988 644 peecata
1016 563 1098 640 irae,
1126 568 1160 625 et
1210 563 1284 640 tiae,
1302 563 1587 643 incantationibus,
1606 562 1685 628 diris
1703 563 1936 641 devotioribus,
1955 563 2076 629 illicitis
2093 585 2189 629 exor-

181 650 282 714 suturi
315 648 393 713 olim
425 649 460 712 in
494 669 606 713 omnes
641 657 826 731 peccatores
859 646 984 727 iudicii,
1028 648 1159 712 tametsi
1211 650 1329 725 cismis,
1343 649 1483 732 aliisque
1494 650 1603 733 impiis
1621 650 1904 733 superstitionibus
1915 650 2038 715 servire
2055 650 2187 715 faciunt
2237 710 2240 717 .

180 735 276 799 multi
308 733 442 817 impune
469 755 573 816 usque
604 733 647 798 ad
677 733 765 798 vitae
796 735 897 798 finem
924 733 1079 799 evadant:
1112 734 1159 797 ita
1209 733 1437 799 Iuramentum
1460 742 1570 800 autem
1591 737 1626 800 in
1647 735 1802 800 mandato
1823 736 2027 819 potissimum
2049 736 2187 801 assumi·

200 841 282 885 umn
310 820 497 902 exemplum
526 841 629 884 unum
655 818 723 884 edit
749 820 912 883 Dominus
938 820 1033 884 istius
1060 819 1158 883 bene-
1210 827 1279 899 tur,
1308 822 1342 884 in
1364 842 1428 903 quo
1455 843 1629 904 perversus
1652 821 1754 886 divini
1776 823 1918 886 nenrinis
1939 821 2060 886 abusus
2081 821 2189 886 maxi·

205 905 340 984 ationis,
363 910 400 969 ut
420 906 525 970 filium
546 907 581 969 in
603 906 706 987 patris
725 906 866 988 gratiam
883 904 1105 971 misericordia
1126 910 1159 968 et
1210 927 1263 969 me
1284 913 1335 971 θεῖ
1364 905 1575 972 detestabilis:
1603 929 1667 989 quo
1696 906 1772 972 inde
1804 907 1921 972 melius
1949 907 2189 972 absterreamur

180 993 383 1076 benignitate
416 1012 476 1056 sua
500 997 732 1074 prosequatur,
767 990 997 1055 documentum
1024 990 1160 1074 praebet
1211 991 1251 1057 ab
1273 994 1372 1073 omni,
1395 994 1431 1056 in
1451 994 1653 1069 universum,
1677 994 1747 1058 eius
1766 993 1999 1076 profanatione.

180 1078 359 1144 constantis
392 1085 427 1141 et
463 1084 640 1160 perpetuae
672 1078 706 1141 in
740 1097 815 1141 suos
847 1076 988 1141 emtores
1019 1078 1157 1160 gratiae3
1296 1083 1347 1142 45.
1392 1079 1506 1143 Primo
1532 1079 1602 1144 loco
1630 1078 1820 1143 habendum
1849 1087 1899 1143 est
1926 1077 2004 1161 quid
2031 1079 2074 1143 sit
2100 1078 2188 1143 iura·

180 1184 281 1247 quum
307 1164 412 1246 patris
438 1163 644 1245 iniquitatem
670 1162 770 1227 semel
798 1162 921 1227 in‘filio
942 1164 1156 1245 persequitur,
1209 1169 1366 1228 mentum.
1416 1165 1480 1229 Est
1506 1172 1615 1229 autem
1643 1166 1706 1228 Dei
1735 1165 1914 1243 attestatio,
1949 1163 1990 1228 ad
2015 1164 2189 1231 veritatem

181 1249 274 1314 decet
306 1248 402 1331 quale
441 1249 595 1331 reprobos
627 1269 741 1312 omnes
772 1247 928 1313 iudicium
961 1249 1001 1314 ob
1035 1249 1158 1314 seelera
1210 1250 1370 1315 sermonis
1397 1250 1501 1314 nostri
1528 1249 1794 1315 confirmandam.
1845 1247 1939 1331 Quae
1966 1250 2054 1314 enim
2082 1250 2188 1314 mani·

180 1336 313 1418 propria
328 1341 469 1399 maneat.
504 1333 613 1415 Quam
634 1332 862 1399 certitudinem
878 1335 1084 1418 potissimum
1103 1334 1158 1399 hic
1210 1336 1293 1400 festa
1321 1336 1356 1400 in
1378 1336 1488 1400 Deum
1514 1337 1633 1418 probra
1660 1337 1828 1401 continent
1856 1336 2108 1411 exsecra-tiones,
2136 1336 2188 1399 in·

181 1421 348 1504 spectavit.
398 1418 517 1485 Obiter
545 1420 644 1484 etiam
671 1419 912 1485 misericordiae
941 1441 1020 1486 suae
1042 1420 1158 1502 ampli·
1211 1420 1330 1504 dignae
1347 1430 1425 1487 sunt
1441 1442 1524 1504 quae
1542 1423 1629 1487 inter
1649 1423 1834 1487 iuramenta
1851 1428 2055 1488 censeantur.
2088 1422 2187 1486 Eius·

181 1506 330 1571 tudinem
357 1506 449 1572 nobis
472 1505 692 1584 commendat,
718 1527 818 1588 quam
843 1507 879 1570 in
908 1506 999 1571 mille
1021 1527 1158 1590 genera·
1210 1506 1298 1570 modi
1320 1508 1569 1587 attestationem,
1592 1508 1648 1573 ubi
1669 1507 1730 1572 rite
1752 1509 1929 1592 peragitur,
1953 1507 2094 1590 speeiem
2116 1528 2187 1573 esse

181 1594 286 1657 tiones
314 1590 474 1670 extendit,
503 1612 604 1674 quum
625 1599 764 1672 quatuor
787 1591 949 1657 duntaxat
975 1593 1157 1677 generatio-
1211 1591 1317 1657 cultus
1345 1591 1447 1658 divini
1474 1593 1657 1659 ostenditur
1683 1593 1797 1659 multis
1818 1594 1897 1659 loeis
1925 1594 2117 1675 seriptruae:
2150 1600 2188 1657 ut

180 1700 240 1743 nes
261 1678 436 1762 assignarit
456 1676 628 1743 vindictae.
1211 1699 1312 1761 quum
1339 1678 1550 1764 Iesaias(l9,
1573 1680 1627 1764 18)
1655 1679 1695 1745 de
1721 1680 1787 1745 Ass
1830 1681 1868 1744 'is
1895 1687 1928 1743 et
1949 1679 2122 1763 Aegyptiis
2152 1680 2187 1742 in

1210 1764 1348 1830 foederis
1380 1767 1568 1830 societatem
1595 1787 1670 1831 cum
1698 1766 1821 1831 Israee
1850 1764 2004 1830 vocandis
2029 1765 2188 1829 vaticina·

1210 1857 1277 1915 tur:
1299 1850 1481 1934 loquentur,
1503 1852 1618 1933 inquit,
1639 1851 1754 1935 lingua
1775 1850 1926 1928 Oanaan,
1949 1851 2034 1915 etin
2051 1851 2185 1915 nomine

367 1925 706 2001 PRADODPTUM
728 1934 947 2002 TERTIUM.
1209 1935 1344 2000 Domini
1369 1936 1540 2015 iurabant,
1563 1937 1625 2002 hoe
1646 1950 1711 2018 cst,
1739 1936 1877 2002 iurando
1898 1957 1958 2019 per
1978 1957 2097 2001 nomen
2117 1936 2187 2001 Do-

1208 2022 1289 2086 mini
1310 2022 1544 2089 confessionem
1566 2023 1732 2105 religionis
1750 2023 1856 2088 edent.
1901 2022 1996 2101 Item,
2014 2028 2121 2104 'quum
2142 2020 2183 2086 de

179 2093 277 2179 Non
313 2094 538 2206 usurpabis
576 2124 730 2177 nomen
767 2094 940 2177 Domini
969 2095 1053 2177 Del
1091 2095 1156 2179 tui
1209 2106 1418 2192 propagando
1440 2108 1510 2207 eius
1521 2129 1633 2207 ‘regno
1654 2108 1798 2207 loquitur
1820 2109 1887 2193 (65,
1910 2112 1978 2192 16):
2002 2108 2186 2190 quicunque

546 2215 589 2296 in
621 2245 776 2298 vanum
1209 2192 1377 2260 benedicet
1407 2194 1485 2272 sibi,
1518 2215 1554 2257 m
1580 2194 1653 2258 Deo
1679 2194 1826 2259 fidehum
1853 2194 2037 2273 benedicet;
2071 2194 2186 2275 etqui

777 2279 786 2297 '
1208 2280 1329 2345 iurabit
1350 2280 1385 2344 in
1406 2287 1504 2358 terra,
1527 2279 1650 2344 iurabit
1670 2281 1705 2344 in
1726 2281 1798 2345 Deo
1820 2300 1906 2346 vero.
1952 2280 2109 2344 Ieremias
2127 2300 2185 2343 au-

264 2369 314 2428 44.
358 2363 452 2429 Finis
473 2365 639 2447 praesepti
660 2371 719 2444 θεῖ,
743 2364 829 2448 quod
850 2362 990 2429 nominis
1012 2366 1063 2430 sui
1084 2387 1155 2431 ma-
1207 2372 1288 2429 tem:
1312 2367 1341 2431 si
1362 2364 1489 2444 eruditi,
1511 2365 1618 2447 inquit
1639 2365 1706 2451 (12,
1728 2365 1792 2449 16),
1815 2364 1875 2429 doe
1899 2367 1985 2429 erint
2001 2367 2109 2430 iurare
2127 2386 2185 2447 po-

178 2452 327 2515 iestatem
347 2451 419 2515 vult
440 2450 533 2516 nobis
555 2472 627 2515 esse
648 2457 897 2516 sacrosanctam.
934 2448 1073 2515 Summa
1092 2453 1155 2536 igi-
1206 2450 1321 2533 pulum
1348 2453 1383 2515 in
1409 2451 1540 2516 nomine
1567 2473 1655 2530 meo,
1685 2453 1770 2517 sieut
1791 2387 1972 2521 docudrunt
1997 2452 2106 2514 iurare
2127 2471 2187 2533 per

178 2544 232 2600 tur
252 2537 322 2615 erit,
345 2557 388 2601 ne
408 2537 514 2618 ipsam
535 2538 747 2619 contemptim
768 2543 802 2600 et
822 2537 1040 2601 irreverenter
1052 2537 1154 2603 ,habi-
1207 2537 1300 2615 Baal,
1325 2536 1583 2603 aedificabuntur
1604 2537 1640 2601 in
1660 2537 1767 2603 medio
1787 2536 1904 2601 demus
1920 2557 2021 2600 meae.
2055 2537 2102 2601 Et
2116 2558 2186 2601 me·

177 2631 246 2687 tam
265 2623 483 2704 profanamus.
528 2621 591 2688 Oui
609 2623 781 2703 interdicto
803 2622 957 2687 cohaeret
978 2643 1019 2687 ex
1041 2623 1155 2688 ordine
1207 2624 1270 2687 rito
1298 2645 1417 2689 nomen
1444 2623 1580 2688 Domini
1607 2622 1642 2687 in
1669 2623 1890 2688 testimonium
1915 2620 2098 2687 invocando
2127 2643 2185 2685 no-

176 2716 399 2791 praeeeptum,
422 2715 460 2772 ut
480 2729 554 2773 eam
574 2708 727 2792 religiosa
748 2709 958 2773 veneratione
978 2729 1154 2792 prosequa·
1207 2715 1310 2773 stram
1343 2711 1379 2774 in
1410 2710 1519 2792 ipsum
1558 2706 1749 2793 religionem
1781 2707 1920 2773 dicimur
1953 2708 2074 2771 testari.
2128 2705 2185 2772 Sic

176 2816 258 2858 mur.
304 2794 419 2877 Itaque
442 2795 487 2859 sic
509 2795 628 2859 animis
656 2802 690 2859 et
716 2794 837 2878 linguis
858 2802 1062 2877 comparatas
1083 2816 1154 2861 esse
1207 2796 1295 2860 enim
1322 2795 1430 2878 ipsum
1459 2804 1626 2860 aeternam
1654 2817 1725 2860 esse
1752 2802 1786 2858 et
1805 2792 2043 2858 immutabilem
2064 2793 2185 2858 ιθιιῖθ-

176 2901 235 2944 ιιοε
264 2878 370 2958 decet,
403 2887 442 2944 ut
473 2879 559 2944 nihil
587 2879 626 2945 de
653 2881 797 2945 Domino
826 2882 959 2963 eiusque
987 2882 1153 2966 mysteriis
1206 2888 1273 2944 tem
1303 2882 1508 2947 eonfitemur:
1538 2902 1635 2964 quem
1665 2880 1867 2962 appellamus
1894 2900 1961 2944 non
1988 2877 2084 2942 modo
2110 2886 2184 2942 tan-

175 2973 233 3029 aut
250 2966 428 3048 cogitemus
445 2973 503 3030 aut
519 2967 699 3049 loquamur,
718 2967 782 3030 nisi
798 2973 988 3032 reverenter
1005 2974 1039 3031 et
1050 2966 1154 3033 multa
1205 2987 1304 3048 quam
1324 2989 1404 3050 prae
1426 2966 1499 3032 aliis
1520 2966 1674 3030 idoneum
1696 2967 1844 3032 veritatis
1860 2971 1987 3042 testem,
2010 2964 2067 3029 sed
2085 2964 2185 3029 etiam

174 3072 251 3116 cum
273 3051 454 3131 sobrietate,
476 3053 567 3116 utin
584 3052 795 3118 aestimandis
814 3053 883 3118 eius
901 3052 1052 3135 operibus
1070 3053 1153 3118 nihil
1205 3074 1265 3118 eeu
1293 3053 1363 3118 eius
1385 3059 1581 3118 assertorem
1609 3052 1757 3133 unicum,
1785 3053 1841 3134 qui
1866 3050 2054 3116 abscondita
2075 3051 2111 3114 in
2132 3050 2184 3114 lu-

175 3137 240 3202 nisi
267 3157 347 3219 erga
373 3137 482 3219 ipsum
505 3138 721 3204 honorificum
747 3139 920 3221 sapiamus.
970 3138 1079 3216 Haec,
1102 3141 1153 3203 in·
1205 3160 1277 3204 cem
1298 3136 1443 3222 proferre
1465 3144 1563 3221 queat
1569 3160 1578 3216 ;
1608 3137 1725 3203 deinde
1747 3144 1785 3202 ut
1805 3135 1952 3202 cordium
1973 3137 2182 3220 cognitorem

175 3242 288 3306 quam,
319 3223 384 3288 tria
404 3223 579 3289 observare
599 3246 666 3290 nen
696 3225 872 3290 oscitanter
900 3225 1061 3290 convenit.
1106 3225 1154 3291 Ut
1204 3225 1271 3290 Ubi
1302 3227 1391 3290 enim
1423 3223 1542 3289 desrmt
1573 3223 1744 3288 hominum
1770 3224 1970 3301 testimonia,
2005 3222 2047 3286 ad
2072 3223 2183 3286 Deum

174 3306 331 3391 quidquid
362 3329 457 3373 mens
490 3308 531 3373 de
563 3311 634 3392 ipso
667 3312 822 3393 concipit,
856 3309 1012 3394 quidquid
1039 3311 1153 3395 lingua
1205 3318 1322 3376 testem
1343 3311 1537 3394 refugimus3
1557 3330 1595 3375 ae
1615 3311 1809 3392 praesertim
1829 3309 1888 3374 ubi
1904 3307 2116 3374 asserendum
2133 3315 2184 3372 θεῖ

173 3394 336 3477 profatur,
365 3394 468 3476 ipsius
492 3396 718 3462 excellentiam
745 3397 880 3479 resipiat
900 3405 934 3461 et
961 3418 1073 3463 sacrae
1094 3419 1153 3462 no·
1204 3396 1291 3481 quod
1311 3397 1347 3461 in
1368 3396 1566 3462 conscientia
1591 3395 1680 3460 latet
1726 3393 1802 3477 Qus
1828 3395 1954 3460 ratione
1976 3414 2087 3457 amare
2109 3414 2183 3459 suc·

174 3481 272 3544 minis
302 3481 371 3544 eius
400 3481 592 3546 sublimitati
620 3482 829 3566 respondeat3
859 3482 998 3566 denique
1025 3482 1068 3547 ad
1095 3505 1153 3548 ex·
1204 3489 1316 3550 censet
1342 3483 1383 3548 iis
1407 3482 1583 3560 Dominus,
1611 3482 1667 3565 qui
1692 3503 1751 3564 per
1776 3481 1898 3547 alienos
1925 3478 2002 3545 dees
2024 3478 2180 3559 deieraut,

174 3565 352 3630 tollendam
380 3567 449 3630 eius
477 3568 754 3651 magnificentiam
789 3574 902 3651 aptum
929 3571 979 3633 sit.
1030 3567 1153 3636 Sancto
1205 3577 1301 3651 atque
1329 3569 1363 3632 id
1392 3567 1603 3633 iurisiurandi
1632 3589 1751 3651 genus,
1787 3572 2018 3651 argumentum
2043 3565 2182 3630 manife-

176 3653 245 3717 eius
273 3652 372 3718 verbo
405 3660 439 3717 θῖ
464 3651 637 3718 adorandis
664 3656 830 3739 mysteriis
849 3676 892 3719 ne
912 3662 1036 3720 temere
1057 3677 1152 3739 prae-
1205 3663 1274 3720 stae
1300 3654 1489 3720 defectionis
1515 3654 1759 3736 interpretatur.
1810 3652 1888 3716 Filii
1920 3652 1969 3715 tui
2001 3650 2182 3732 derelique-

174 3745 365 3821 postercque
394 3739 582 3818 abutamur,
614 3740 668 3804 vel
702 3740 744 3805 ad
772 3741 995 3819 ambitionem,
1029 3742 1083 3807 vel
1110 3742 1152 3807 ad
1204 3747 1283 3805 runt
1305 3762 1374 3821 me,
1402 3746 1435 3805 et
1455 3741 1566 3805 iurant
1586 3740 1622 3803 in
1647 3740 1687 3804 iis
1709 3740 1765 3821 qui
1790 3760 1857 3803 nen
1885 3743 1963 3802 sunt
1985 3736 2031 3801 dii
2052 3736 2130 3821 (Ier.
2152 3741 2180 3815 5,

175 3825 363 3903 avaritiam,
386 3824 440 3889 vel
462 3824 504 3889 ad
525 3823 652 3891 ludicra
673 3833 799 3906 nostra3
822 3827 880 3893 sed
897 3835 995 3910 prout
1014 3828 1152 3911 impres·
1205 3826 1249 3910 7).
1294 3827 1344 3891 Et*
1367 3826 1499 3892 sceleris
1526 3825 1625 3889 huius
1656 3826 1851 3908 gravitatem
1884 3844 2064 3906 poenarum
2092 3843 2181 3888 cem·

175 3930 245 3973 sam
278 3917 398 3993 gerunt
424 3911 565 3975 nominis
598 3911 668 3976 eius
695 3911 904 3996 dignitatem,
938 3934 1035 3978 suum
1066 3914 1153 3979 inter
1203 3913 1383 3977 minatione
1410 3911 1566 3977 declarat:
1600 3909 1786 3993 disperdam
1819 3931 1874 3975 eos
1901 3907 1957 3991 qui
1984 3909 2095 3972 iurant
2122 3930 2182 3991 per

174 4016 234 4060 nos
256 3995 414 4060 honorem
436 4018 474 4061 ae
490 3998 633 4079 pretium
650 3999 948 4080 semper‘habeant.
980 4000 1152 4065 Postremo
1203 4020 1322 4063 nomen
1344 3998 1495 4077 Domini,
1518 4004 1551 4062 et
1571 3997 1684 4061 iurant
1704 4017 1764 4079 per
1784 3995 1941 4061 Melehon
1963 3992 2079 4080 (Zeph.
2095 3998 2121 4071 1,
2135 3994 2179 4080 5).

175 4081 245 4146 eius
262 4082 415 4165 operibus
432 4104 474 4147 ne
491 4083 704 4166 oblcquamur
721 4091 779 4148 aut
795 4085 1021 4164 detrectemus,
1039 4107 1151 4168 quem·
1291 4088 1342 4148 46.
1386 4084 1460 4148 Iam
1485 4084 1542 4149 ubi
1564 4082 1793 4166 intelligimus,
1824 4082 2037 4147 sacramentis
2059 4081 2181 4145 nostris

175 4167 351 4232 admodum
371 4167 421 4231 illi
447 4168 678 4234 contumeliose
700 4170 806 4234 solent
832 4173 1018 4254 obstrepere
1040 4172 1151 4237 miseri
1203 4170 1385 4235 Dominum
1405 4171 1512 4235 inesse
1533 4168 1617 4234 velle
1638 4169 1779 4233 nominis
1797 4169 1848 4233 sui
1865 4166 2000 4245 cultum,
2023 4188 2061 4231 ec
2079 4167 2183 4230 maior

174 4253 341 4332 homines3
365 4253 422 4318 sed
443 4253 600 4337 quidquid
622 4255 663 4320 ab
685 4256 755 4339 ipso
777 4276 996 4322 memoramus
1018 4258 1150 4337 factum,
1204 4255 1389 4321 adhibenda
1410 4255 1589 4341 diligentia,
1613 4275 1656 4319 ne
1676 4275 1736 4337 pro
1756 4253 1849 4319 cultu
1869 4253 1923 4319 vel
1941 4250 2180 4330 contumeliam,

174 4359 249 4404 cum
272 4341 465 4421 sapientiae,
487 4341 646 4420 iustitiae,
674 4341 829 4407 bonitatis
850 4343 963 4428 elogiis
984 4343 1151 4426 praedice-
1203 4343 1257 4406 vel
1290 4349 1513 4424 contemptum
1554 4352 1588 4405 et
1619 4340 1782 4406 vilitatem
1809 4340 2007 4406 contineant.
2057 4336 2182 4401 Contu·

173 4445 256 4488 mus.
307 4423 348 4488 Id
381 4433 431 4491 θεῖ
462 4447 581 4491 ιιοιιιθιι
609 4428 673 4492 Dei
703 4429 914 4494 sanctificare.
964 4429 1031 4495 Ubi
1058 4451 1151 4495 secus
1203 4428 1302 4493 melia
1328 4438 1379 4494 est
1405 4451 1471 4493 non
1493 4427 1590 4505 levis,
1624 4427 1733 4510 siper
1754 4427 1862 4509 ipsum
1884 4426 2065 4508 peieratur3
2094 4420 2182 4486 unde

172 4511 220 4588 fit,
241 4531 327 4575 vane
349 4532 514 4594 pravoque
536 4513 640 4578 abusu
660 4513 830 4597 polluitur;
852 4516 929 4597 quia
950 4516 1078 4597 rapitur
1093 4538 1152 4580 ex·
1204 4524 1237 4578 et
1268 4514 1450 4599 profanatio
1489 4513 1672 4596 appellatur
1704 4514 1740 4577 in
1778 4513 1851 4597 lege
1884 4509 2006 4597 (Lavit.
2034 4513 2087 4585 19,
2116 4506 2180 4606 12).
2232 4577 2237 4587 ι

174 4603 226 4660 tra
247 4595 432 4680 legitimum
454 4620 564 4678 usum,
593 4601 646 4665 cui
666 4599 727 4664 soli
747 4609 972 4666 consecratum
994 4609 1079 4681 erat3
1103 4608 1152 4667 at-
1204 4599 1293 4681 Quid
1318 4601 1407 4666 enim
1434 4606 1537 4666 restat
1564 4600 1723 4678 Domino,
1752 4599 1809 4664 ubi
1837 4619 1897 4662 sua
1917 4594 2056 4692 veritate
2083 4592 2182 4657 ruent

174 4702 236 4764 que
263 4690 300 4747 ut
333 4683 417 4748 nihil
451 4683 555 4763 aliud,
590 4707 650 4750 sua
676 4693 788 4752 tamen
818 4685 851 4750 di
897 4688 978 4751 itate
1005 4696 1151 4767 exutum,
1204 4685 1381 4769 spoliatus?
1426 4686 1500 4752 Iam
1520 4686 1613 4750 Deus
1640 4707 1711 4751 esse
1733 4684 1866 4749 desinet.
1911 4679 1979 4747 Sed
2001 4701 2090 4743 emm
2108 4699 2182 4761 spc-

174 4769 416 4850 centemptibile
444 4770 603 4852 paulatim
629 4771 785 4837 redditur.
870 4772 934 4837 uod
962 4774 992 4838 si
1023 4774 1058 4838 in
1089 4774 1152 4839 hac
1203 4773 1305 4836 liatur
1335 4772 1437 4851 certe,
1476 4772 1556 4837 dum
1588 4771 1661 4835 falsi
1693 4770 1891 4853 suffragator
1922 4774 1955 4832 et
1986 4765 2183 4847 approbator

173 4855 350 4919 temeraria
371 4856 552 4938 usurpandi
579 4858 765 4941 importune
787 4858 890 4924 divini
911 4859 1052 4924 nominis
1074 4860 1153 4925 faei-
1205 4860 1422 4924 constituitur.
1473 4857 1586 4938 Quare
1614 4855 1751 4934 Iosueh,
1780 4854 1859 4919 dum
1885 4852 2004 4918 Achan
2032 4849 2075 4914 ad
2103 4872 2181 4915 een·

172 4938 263 5005 litate
293 4949 425 5006 tantum
447 4948 497 5007 θεῖ
519 4942 637 5023 delicti,
651 4943 676 5030 ¹)
704 4945 808 5010 multo
829 4945 904 5028 plus
925 4946 960 5010 in
982 4966 1036 5023 eo,
1065 4946 1094 5011 si
1117 4947 1156 5010 in
1204 4944 1377 5009 fossionem
1399 4946 1469 5010 veri
1491 4943 1623 5027 adigere
1644 4942 1731 5008 vult:
1758 4941 1806 5006 fili
1826 4940 1888 5018 mi,
1911 4935 2180 5037 aiot.(Ies.'l,19),

171 5026 312 5091 nefarios
340 5049 419 5093 usus
447 5029 633 5094 mutaretur
640 5052 650 5109 ς
676 5037 715 5094 ut
741 5032 796 5114 qui
825 5033 933 5114 ipsum
961 5052 1152 5096 neeroman·
1206 5030 1248 5094 da
1269 5031 1408 5113 gloriam
1428 5030 1572 5095 Domino
1594 5027 1713 5106 Israel;
1740 5027 1882 5091 innuens
1905 5023 2042 5100 scrlmet,
2064 5023 2181 5087 Domi·

1149 5150 1154 5157 ·
1204 5138 1286 5180 ιιιιιιι
1311 5117 1504 5201 gravissime
1535 5114 1740 5192 inhonorari,
1770 5114 1798 5178 si
1822 5133 1883 5194 pcr
1904 5131 1979 5175 eum
2005 5110 2179 5193 peieratur.

1204 5201 1319 5285 Neque
1340 5204 1475 5269 mirum:
1498 5222 1565 5266 non
1587 5201 1676 5264 enim
1697 5206 1763 5265 stat
1783 5220 1842 5282 per
1862 5218 1923 5262 nos
1944 5196 2024 5278 quin
2045 5193 2180 5259 menda-

241 5299 270 5368 1)
287 5301 351 5353 mali
370 5298 440 5354 1550
456 5317 527 5372 seqq.
1205 5289 1292 5355 cium
1329 5309 1423 5355 sacro
1465 5287 1536 5353 eius
1577 5286 1701 5353 nomini
1740 5281 1977 5369 quodammodo
2019 5282 2179 5346 inuratur.
