4770 6030
191 456 233 518 ss
910 449 1009 517 eir.
1031 430 1095 517 rh
1140 452 1203 517 un
1226 448 1475 520 onlmoun.
2155 460 2199 524 so

188 645 374 719 Praeterea,
394 663 470 707 oum
490 642 526 706 in
546 662 647 706 unam
667 641 733 707 Dei
753 641 956 706 voluntatem
974 641 1085 705 omnia
1106 662 1167 706 sua
1217 641 1378 706 frendant
1429 640 1599 723 Siquidem
1631 641 1696 707 huc
1725 642 1865 706 tendunt
1890 644 2013 722 omnia,
2043 650 2082 709 ut
2105 645 2196 711 solus

189 727 351 794 desideria
376 728 533 805 referant,
561 727 647 792 hane
674 728 878 805 intueantur,
906 727 942 790 in
968 747 1008 791 ea
1035 727 1165 808 acquie-
1217 727 1261 791 sit
1281 733 1315 791 et
1336 726 1496 791 habeatur
1523 725 1690 791 mediator.
1735 724 1844 792 Simul
1865 728 1930 793 Dei
1957 729 2193 812 benignitatem

189 822 296 891 scant,
331 813 447 878 stolide
473 821 507 877 et
532 813 722 892 carnaliter,
750 821 846 895 atque
868 814 969 877 etiam
997 818 1164 878 contume-
1217 810 1388 890 abiiciunt,
1417 813 1472 894 qui
1497 832 1533 876 se
1560 812 1625 877 illis
1657 813 1693 876 in
1724 820 1852 895 patrem
1883 814 2068 879 exhibebat
2119 817 2195 882 Non

188 901 268 965 liose
295 899 336 964 de
362 901 402 965 iis
428 900 562 982 cogitat,
590 900 647 981 qui
672 898 772 964 aliam
798 900 876 980 ipsis
903 899 1083 969 orationem
1112 919 1164 963 as-
1216 900 1305 962 enim
1325 898 1390 962 illis
1411 905 1505 980 pater
1524 904 1582 977 est,
1604 898 1668 964 nisi
1690 897 1862 964 Ohristum
1884 900 1946 964 sibi
1967 921 2038 966 esse
2058 902 2196 967 fratrem

189 987 311 1069 signat,
339 1007 437 1068 quam
465 1006 531 1067 qua
551 1004 691 1067 regnum
711 985 776 1049 Dei
802 984 957 1049 advenire
979 990 1161 1066 expectant
1217 992 1403 1067 agnoscant
1441 982 1539 1064 Quod
1560 983 1656 1065 plane
1678 984 1762 1049 abne
1805 992 1851 1062 nt,
1874 986 1939 1050 nisi
1955 987 2100 1052 fraterno
2122 1008 2194 1054 esse

189 1070 286 1153 Quod
308 1079 346 1135 ut
370 1073 498 1153 piorum
519 1071 638 1148 salute,
665 1072 713 1135 ita
738 1071 950 1153 reproborum
977 1070 1165 1135 confusione
1216 1090 1297 1153 erga
1317 1090 1352 1133 se
1373 1070 1506 1147 affectu,
1528 1090 1591 1151 quo
1613 1069 1695 1135 nihil
1716 1007 1848 1136 moffius
1869 1092 1940 1137 esse
1961 1079 2081 1154 potest,
2105 1075 2193 1157 cogi·

188 1157 384 1240 implebitur.
420 1155 530 1238 Quare
552 1179 618 1220 non
639 1155 877 1238 expectandum
899 1164 957 1233 est,
980 1154 1087 1220 iuvari
1104 1176 1164 1220 uos
1188 1192 1192 1253 Ι
1216 1163 1296 1219 tant
1331 1152 1400 1220 Sed
1422 1155 1483 1220 hoc
1500 1155 1657 1237 quosdam
1674 1156 1798 1221 scilicet
1819 1164 1938 1236 movet,
1961 1157 2047 1240 quod
2065 1166 2193 1224 sancto·

188 1264 302 1309 eorum
329 1243 527 1308 orationibus
553 1241 730 1325 quidquam
755 1262 862 1324 posse,
890 1242 954 1306 nisi
979 1250 1108 1325 partem
1128 1242 1164 1305 in
1216 1261 1291 1305 rum
1307 1242 1469 1306 orationes
1484 1260 1580 1324 saepe
1594 1242 1748 1325 leguntur
1765 1242 1946 1307 exauditae.
1972 1242 2062 1308 Gur?
2092 1244 2195 1309 Nem·

188 1329 322 1395 Christo
348 1329 572 1405 habuerimus,
607 1334 640 1392 et
670 1348 747 1410 pars
774 1329 867 1410 regni
893 1328 963 1392 eius
995 1328 1161 1391 fuerimus.
1215 1346 1271 1409 pe,
1300 1328 1377 1408 quia
1404 1333 1547 1391 orarunt
1591 1328 1633 1391 In
1660 1336 1695 1392 te
1722 1337 1952 1410 speraverunt,
1981 1330 2088 1412 inquit
2110 1330 2195 1395 Pro·

188 1413 474 1496 Quemadmodum
497 1414 595 1478 etiam
621 1434 766 1489 rursum,
795 1415 823 1477 si
844 1412 969 1479 Ghristi
989 1414 1165 1495 participes
1188 1424 1190 1429 '
1215 1412 1316 1495 pheta
1330 1411 1432 1497 (Psal.
1449 1412 1514 1495 22),
1538 1420 1572 1477 et
1592 1414 1675 1479 salvi
1691 1414 1770 1479 faeti
1790 1421 1881 1494 sunt;
1903 1414 2137 1501 clamaverunt,
2160 1424 2195 1481 et

187 1501 363 1577 fuerimus,
397 1521 510 1565 secure
538 1506 681 1564 statuere
709 1499 880 1577 debemus,
909 1520 928 1563 a
954 1498 1047 1564 nobis
1075 1506 1163 1564 stare
1215 1519 1281 1562 non
1308 1504 1385 1562 sunt
1412 1497 1545 1563 confusi.
1590 1497 1733 1564 Oramus
1754 1520 1832 1583 ergo
1859 1508 1893 1565 ct
1917 1520 1977 1565 nos
1999 1522 2112 1566 eorum
2134 1522 2193 1566 ex-

187 1584 344 1669 quidquid
377 1607 418 1650 ex
450 1587 522 1651 Deo
555 1593 617 1663 est,
655 1592 820 1666 totamque
853 1585 1040 1663 ecclesiam,
1071 1585 1163 1649 ouius
1216 1583 1333 1666 amplo,
1356 1589 1394 1648 ut
1414 1604 1527 1648 eorum
1543 1585 1649 1649 instar
1665 1584 1888 1650 exaudiamur.
1922 1586 1990 1650 Nos
2007 1608 2095 1665 vero,
2115 1608 2193 1651 oon-

187 1672 294 1737 sancti
313 1672 363 1735 illi
384 1672 532 1736 membra
552 1682 644 1750 sunt,
667 1691 725 1753 pro
746 1671 840 1735 nobis
860 1691 970 1748 orare,
992 1670 1071 1734 dum
1092 1683 1164 1735 orat
1215 1677 1268 1733 tra
1288 1690 1387 1751 quam
1409 1668 1514 1747 decet,
1541 1677 1749 1753 praepostere
1770 1671 2017 1736 ratiocinamur:
2046 1694 2113 1737 non
2135 1695 2193 1738 ex·

187 1765 227 1823 ut
247 1778 387 1841 regnum
408 1757 542 1822 Domini
565 1758 616 1822 sui
635 1756 796 1822 adveniat
829 1757 903 1821 lam
923 1778 1014 1833 vero,
1032 1757 1163 1821 tametsi
1216 1754 1364 1820 auditum
1385 1755 1442 1832 iri,
1472 1756 1535 1821 nisi
1556 1757 1611 1838 qui
1638 1756 1737 1821 semel
1760 1756 1905 1822 exauditi
1927 1764 2012 1823 sunt
2058 1757 2191 1838 Quanto

186 1844 225 1908 iu
244 1843 332 1908 hunc
351 1842 486 1908 modum
505 1864 565 1925 pro
587 1843 679 1908 nobis
696 1850 799 1921 orant,
821 1863 888 1907 nou
904 1850 1016 1907 tamen
1033 1863 1053 1906 a
1070 1842 1163 1906 nobis
1215 1840 1332 1905 melius
1354 1841 1512 1906 Iacobus?
1541 1841 1649 1920 Elias,
1671 1843 1791 1925 inquit,
1820 1842 1918 1907 homo
1940 1853 2011 1908 crat
2031 1845 2125 1909 nobis
2147 1846 2191 1909 si-

186 1927 362 1995 invoeandi
383 1935 468 1993 sunt
513 1929 627 2012 Neque
647 1928 682 1993 id
702 1927 867 2011 agendum
888 1948 931 1992 ex
953 1948 990 1992 eo
1012 1929 1160 2009 protinus
1188 1974 1191 2025 l
1215 1927 1311 2004 milis,
1335 1936 1368 1990 et
1388 1927 1573 2009 precatione
1594 1935 1745 2011 precatus
1766 1935 1825 2007 est,
1849 1949 1891 1992 ne
1910 1927 2051 2010 plueret,
2072 1939 2106 1993 et
2125 1952 2191 1995 non

187 2016 409 2096 consequitur,
433 2013 518 2097 quod
539 2016 596 2096 qui
615 2015 650 2078 in
671 2015 768 2079 terris
790 2013 913 2097 degunt
934 2013 1091 2093 homines,
1114 2014 1164 2078 vi-
1188 2030 1191 2157 Ι
1215 2012 1299 2094 pluit
1327 2032 1425 2094 super
1451 2019 1574 2077 terram
1603 2035 1705 2079 annos
1732 2021 1799 2080 tres
1821 2020 1855 2079 et
1879 2036 2008 2081 menses
2028 2036 2087 2081 sex
2107 2015 2189 2098 (Iao.

187 2102 298 2166 cissim
325 2100 409 2164 alter
435 2100 569 2165 altanus
600 2101 749 2182 precibus
775 2100 1002 2164 commendare
1029 2120 1064 2164 se
1085 2115 1131 2182 po
1148 2133 1164 2147 ·
1188 2160 1191 2181 ,
1217 2096 1260 2198 5).
1311 2097 1459 2163 Rursum
1486 2100 1593 2163 oravit
1624 2108 1666 2164 et*
1686 2100 1812 2166 coelum
1841 2096 1882 2186 [p.
1905 2114 1961 2165 167
2004 2101 2094 2167 dedit
2118 2102 2192 2185 plu·

187 2192 267 2252 sunt
288 2186 320 2269 (l
342 2186 425 2273 Tim.
446 2189 474 2250 2.
497 2185 563 2251 Iao.
583 2185 626 2268 5).
666 2184 739 2250 Hoc
761 2187 849 2250 enim
871 2185 1006 2250 alendae
1027 2187 1063 2248 in
1083 2185 1165 2267 ipsis
1188 2184 1304 2285 huam
1331 2191 1364 2248 ct
1389 2194 1478 2248 terra
1504 2184 1594 2248 dedit
1619 2185 1764 2252 huctnm
1790 2206 1896 2252 suum
1980 2207 2023 2253 uo
2043 2210 2108 2253 non
2132 2188 2192 2252 ali·

186 2273 317 2339 mritati
337 2271 480 2336 officium
508 2273 624 2350 servit,
654 2271 733 2335 dum
758 2292 834 2335 suas
859 2272 946 2337 inter
966 2292 1002 2336 se
1023 2272 1165 2336 necessi-
1188 2290 1194 2359 l
1215 2290 1314 2351 quam
1330 2270 1425 2334 Eliae
1442 2272 1704 2353 praerogativam
1719 2272 1795 2351 colli
1821 2273 1852 2351 ἰ,
1875 2270 1933 2337 sed
1951 2274 2020 2337 vim
2037 2275 2192 2339 orationis

187 2365 273 2422 tates
293 2358 397 2422 veluti
423 2358 611 2439 partiuntur
636 2366 671 2421 et
697 2364 809 2421 mutuo
836 2358 1024 2440 suscipiunt
1070 2355 1164 2438 Quae
1189 2364 1191 2399 ²
1216 2354 1318 2433 docet,
1341 2363 1379 2418 ut
1399 2375 1458 2419 nos
1477 2354 1520 2419 ad
1541 2357 1692 2421 similiter
1713 2378 1793 2422 oran
1815 2379 1873 2422 um
1895 2358 2095 2424 exhortetur.

187 2445 272 2509 ratio
292 2444 385 2508 abest
406 2444 587 2520 amortuis,
610 2463 691 2525 quos
709 2464 729 2507 a
745 2448 857 2507 nostro
873 2443 1164 2508 eontubernioDo-
1301 2438 1469 2507 Orationis
1490 2441 1543 2526 (ut
1564 2441 1625 2507 hoe
1646 2463 1765 2507 nomen
1785 2464 1874 2508 nunc
1896 2444 2086 2530 accipimus)
2109 2445 2193 2511 duae

186 2530 298 2594 minns
321 2526 362 2614 [p.
382 2527 457 2614 165]
476 2528 639 2593 subduxit
684 2527 833 2608 Quorum
853 2529 984 2593 tametsi
1005 2550 1084 2611 erge
1104 2549 1165 2594 nos
1216 2534 1294 2592 sunt
1322 2533 1445 2610 partos:
1521 2528 1592 2591 titio
1621 2535 1655 2592 et
1682 2530 1864 2612 gratiarum
1891 2531 1984 2594 actio.
2028 2531 2191 2597 Potitione

187 2635 318 2696 semper
337 2614 430 2699 viget
448 2615 581 2693 caritas,
608 2621 646 2679 ut
667 2622 744 2679 sunt
764 2636 832 2679 una
852 2615 887 2678 in
908 2613 1078 2680 Christum
1099 2613 1166 2679 fide
1216 2613 1323 2679 cordis
1344 2614 1447 2678 nostri
1499 2612 1637 2678 esideria
1658 2613 1745 2697 apud
1765 2615 1876 2679 Deum
1897 2613 2105 2697 deponimus,
2134 2638 2192 2700 pe·

188 2702 358 2767 nobiscum
380 2699 535 2778 deunce,
565 2700 693 2765 nullum
720 2709 829 2764 tamon
850 2706 999 2765 remanet
1018 2720 1080 2765 nec
1100 2700 1165 2765 lin·
1188 2780 1191 2785 Ι
1216 2706 1322 2764 tontes
1343 2699 1384 2763 ab
1406 2699 1509 2782 ipsius
1529 2700 1689 2778 bonitate,
1714 2700 1859 2783 primum
1880 2720 1964 2781 quae
1984 2701 2086 2783 ipsius
2108 2702 2192 2767 duu-
2273 2774 2277 2785 ¹

188 2808 274 2872 guae
299 2807 360 2850 nec
392 2785 522 2850 auditus
556 2786 787 2852 commercium
813 2786 845 2869 (l
866 2784 950 2851 Gor..
964 2785 1027 2870 13).
1077 2784 1164 2851 Nam
1217 2793 1309 2849 taxat
1330 2784 1453 2868 gloriae
1469 2786 1626 2865 serviunt,
1649 2784 1766 2851 deinde
1785 2806 1868 2869 quae
1886 2786 1999 2852 usibus
2017 2788 2116 2851 etiam
2133 2809 2192 2857 no-

188 2894 284 2938 soeus
302 2871 475 2950 affirmare,
498 2871 576 2954 quid
598 2878 656 2949 est,
679 2873 742 2937 nisi
762 2892 821 2954 per
841 2871 1020 2936 temulenta
1039 2873 1164 2937 cerebri
1216 2873 1294 2935 stris
1315 2870 1501 2936 conducunt
1523 2869 1555 2955 (l
1577 2871 1660 2935 uim.
1679 2870 1724 2956 2).
1757 2870 1951 2937 Gratiarum
1973 2873 2098 2937 actione
2121 2875 2190 2938 eius

188 2958 292 3025 nostri
331 2958 471 3035 somnia,
510 2956 595 3023 velle
629 2959 665 3022 in
701 2957 812 3023 abdita
841 2957 906 3022 Dei
941 2956 1061 3022 iudicia
1093 2958 1164 3023 sine
1215 2978 1295 3040 erga
1315 2977 1375 3022 nos
1395 2957 1565 3022 benefacta
1582 2959 1842 3041 recognoscimus
1859 2967 1892 3021 et
1909 2979 1984 3022 eum
2000 2957 2097 3022 laude
2114 2978 2192 3023 oon-

189 3045 260 3119 eius
285 3045 386 3109 verbo
413 3051 585 3126 penetrare
612 3051 645 3107 et
671 3064 882 3126 perrumpere
909 3065 947 3109 ac
968 3044 1165 3126 scripturum
1215 3043 1363 3122 fitemur,
1392 3050 1525 3124 accepta
1549 3043 1690 3108 ferentes
1718 3045 1788 3109 eius
1815 3044 1953 3108 bonitati
1972 3045 2082 3108 omnia
2108 3066 2192 3127 quae

188 3129 393 3207 concidoare,
426 3150 510 3210 quae
536 3131 632 3194 toties
658 3130 766 3195 earnis
796 3136 928 3194 nostrae
955 3128 1163 3211 prudentiam
1215 3129 1344 3212 uspiam
1361 3134 1439 3194 sunt
1454 3129 1547 3193 bona.
1577 3127 1761 3211 Utrumque
1777 3149 1843 3193 uno
1859 3149 1960 3194 versu
1975 3127 2087 3194 David
2104 3148 2192 3195 com-

189 3216 368 3298 sapientiae
389 3215 454 3279 Dei
474 3215 641 3280 inimicam
661 3216 867 3297 pronunciat,
889 3217 1068 3281 vanitatem
1089 3236 1164 3280 sen-
1215 3213 1333 3297 plexus
1357 3220 1423 3293 est,
1453 3234 1529 3279 cum
1554 3214 1590 3277 in
1616 3234 1756 3297 persona
1775 3215 1841 3279 Dei
1868 3214 1915 3279 ita
1937 3215 2066 3298 scripsit
2088 3214 2192 3300 (Psal

188 3323 247 3368 sus
267 3303 370 3365 nostri
392 3302 427 3365 in
448 3302 638 3367 universum
655 3300 797 3379 damnat,
820 3309 984 3383 prostrata
999 3303 1088 3365 omni
1105 3320 1164 3365 no-
1218 3299 1289 3386 50):
1312 3301 1428 3365 invoca
1449 3319 1502 3365 me
1521 3300 1558 3367 in
1578 3298 1630 3365 die
1651 3300 1862 3380 necessitatis,
1886 3320 2000 3366 eruam
2020 3307 2055 3366 te
2072 3309 2106 3367 et
2123 3302 2192 3387 glo-

187 3394 258 3454 stra
290 3388 431 3464 ratione,
465 3387 569 3451 solam
600 3387 666 3451 Dei
691 3386 894 3451 voluntatem
922 3407 942 3451 a
973 3388 1066 3452 nobis
1092 3386 1165 3451 vult
1215 3386 1358 3451 rificabis
1378 3406 1440 3450 me.
1473 3384 1622 3468 Unaque
1641 3386 1678 3451 in
1697 3407 1762 3451 usu
1782 3386 1876 3452 nobis
1897 3408 1969 3452 esse
1990 3389 2194 3453 eonthrenter

187 3474 329 3557 ῳωιιιι
350 3473 463 3555 (neue.
480 3472 543 3555 12).
576 3471 669 3537 nee
690 3472 1048 3554 temptauimus
1069 3473 1164 3537 cmc
1188 3442 1191 3565 Ι
1216 3470 1312 3538 occet
1340 3470 1436 3556 (nee.
1458 3475 1506 3534 ie.
1526 3474 1576 3534 ιι.
1607 3470 1693 3554 npn.
1713 3472 1757 3557 s).
1808 3473 1916 3536 nane
1942 3478 1993 3537 ess
2018 3475 2107 3537 enim
2132 3494 2191 3538 ns

187 3560 282 3624 nohis
308 3558 419 3634 offert,
449 3557 490 3622 ad
518 3560 625 3640 ipsum
652 3579 712 3622 nos
734 3558 835 3621 mittit
856 3566 889 3622 et
917 3559 952 3622 in
976 3560 1046 3640 ipso
1067 3559 1161 3623 sistit.
1216 3566 1286 3624 stra
1312 3558 1435 3640 inopia,
1464 3563 1558 3622 tauta
1583 3578 1695 3622 rerum
1717 3559 1869 3641 angustia
1889 3579 1949 3622 nos
1971 3556 2114 3641 undique
2136 3580 2193 3622 ur-

186 3645 265 3729 Ipse
285 3645 392 3727 inquit
411 3644 614 3723 Ambrosius,
636 3665 672 3709 os
692 3650 843 3708 nostrum
859 3651 909 3709 est
929 3664 988 3726 per
1004 3643 1090 3726 quod
1106 3664 1165 3726 pa-
1217 3651 1273 3728 get
1297 3664 1335 3709 ac
1363 3643 1498 3727 premit,
1526 3650 1564 3708 ut
1590 3645 1670 3709 satis
1698 3644 1741 3708 sit
1761 3664 1878 3709 causae
1900 3642 2065 3722 ommbus,
2093 3644 2194 3708 etiam

187 3732 231 3795 tri
252 3730 430 3813 loquimur,
454 3730 566 3795 oculus
590 3737 702 3795 noster
722 3750 782 3812 per
802 3751 900 3812 quem
925 3738 1053 3812 patrem
1072 3730 1164 3795 vide-
1217 3729 1444 3808 sanctissimis,
1477 3750 1536 3795 cur
1569 3729 1698 3795 assidue
1731 3735 1866 3813 gemant
1891 3750 1929 3794 ac
1961 3729 2126 3811 suspirent
2152 3727 2195 3794 sd

187 3838 277 3893 mus,
306 3815 424 3880 dextra
449 3826 561 3880 nostra
588 3838 647 3898 per
667 3837 766 3899 quam
794 3837 854 3881 nos
880 3817 965 3898 patri
986 3816 1162 3894 offerimus,
1216 3817 1335 3892 Deum,
1358 3814 1582 3898 supplicesque
1602 3816 1710 3899 ipsum
1729 3816 1889 3880 invocent
1935 3813 1990 3878 Ad
2001 3814 2097 3894 haec,
2120 3822 2195 3881 tan·

188 3922 253 3986 quo
274 3903 337 3967 nisi
363 3901 597 3978 intercedente,
620 3923 681 3967 nec
703 3902 809 3979 nobis,
836 3922 897 3967 nec
917 3903 1038 3967 sanetis
1059 3903 1163 3966 omni·
1216 3911 1252 3965 ta
1283 3922 1321 3966 ae
1354 3909 1423 3965 tam
1454 3901 1559 3966 effusa
1589 3901 1832 3971 benefactorum
1865 3901 1930 3965 Dei
1967 3901 2104 3984 largitas
2135 3922 2194 3967 nos

188 3988 252 4054 bus
273 3987 450 4070 quidquam
471 4009 546 4052 eum
566 3988 638 4052 Deo
660 3995 718 4052 ost.
1216 4007 1319 4069 paene
1348 3986 1469 4065 obruit,
1501 3992 1551 4050 tot
1576 4008 1614 4053 ac
1646 3994 1716 4050 tam
1747 3986 1894 4070 ingentia
1926 3986 1995 4051 eius
2024 3987 2193 4065 miracula,

276 4074 380 4138 Porro
410 4074 465 4155 qui
500 4074 561 4138 sibi
588 4094 630 4137 er
656 4074 777 4139 sanctis
804 4071 984 4155 peculiares
1010 4079 1164 4155 patronos
1217 4093 1478 4156 quaquaversum
1500 4078 1640 4154 spectes,
1663 4079 1856 4150 cernuntur,
1886 4078 1924 4135 ut
1943 4093 2113 4155 nunquam
2134 4093 2193 4138 no-

188 4167 343 4243 oooptaut
368 4180 406 4224 ac
444 4159 605 4242 deligimt‚
638 4160 693 4241 qui
725 4159 885 4243 singulari
916 4158 1026 4241 aliqua
1052 4178 1166 4222 eorum
1217 4160 1267 4224 bis
1289 4157 1374 4223 desit
1398 4157 1506 4225 laudis
1534 4159 1778 4242 gratiarumque
1800 4158 1936 4222 actionis
1962 4165 2194 4242 argumentum

189 4244 469 4311 commendatione
490 4244 638 4309 adiutum
659 4267 694 4309 se
719 4246 762 4309 iri
783 4251 933 4327 sperant,
956 4245 1089 4309 suntin
1110 4264 1165 4308 eos
1218 4266 1256 4310 ac
1283 4243 1429 4309 materia.
1481 4244 1591 4328 Atque
1618 4251 1656 4309 ut
1682 4243 1764 4310 haee
1791 4243 1922 4325 planius
1949 4243 2114 4327 aliquanto
2136 4265 2194 4308 ex-

189 4352 257 4396 non
283 4351 401 4413 parum
428 4330 658 4395 contumeliosi.
709 4332 776 4395 Eos
803 4332 891 4395 enim
921 4331 961 4395 ab
988 4331 1086 4396 unica
1108 4329 1166 4394 illa
1239 4330 1393 4396 licentur:
1432 4350 1508 4394 curn
1538 4331 1585 4396 sie
1621 4331 1657 4395 in
1688 4329 1761 4394 Deo
1797 4350 1872 4412 spes
1909 4350 2022 4395 omnes
2054 4351 2195 4413 opesque

190 4416 358 4481 voluntate
384 4416 570 4493 retrahunt,
601 4437 699 4498 qnam
727 4422 848 4481 statam
874 4415 927 4500 (ut
947 4414 1104 4500 diximus)
1132 4423 1166 4480 et
1217 4350 1261 4504 Ἑρ.
1282 4413 1356 4501 166]
1385 4422 1516 4481 nostrae
1543 4417 1624 4481 sitae
1656 4417 1724 4481 sint
1756 4414 1857 4500 (quod
1889 4416 1957 4481 iam
1986 4421 2084 4480 antea
2115 4416 2195 4479 satis

190 4502 361 4567 immotam
382 4503 417 4565 in
438 4502 510 4566 Deo
532 4501 667 4580 habent,
694 4510 733 4566 ut
752 4522 893 4585 regnum
914 4503 983 4568 eius
1003 4500 1163 4580 adveniat,
1217 4503 1391 4586 probatum
1417 4500 1482 4586 est)
1515 4510 1554 4568 ut
1584 4523 1689 4585 neque
1716 4522 1777 4567 nos
1802 4521 1909 4584 neque
1940 4508 2053 4566 nostra
2086 4501 2196 4565 omnia

191 4586 271 4653 dmn
291 4588 457 4652 carnalem
479 4587 543 4651 illis
564 4589 717 4653 affectum
739 4588 910 4671 affingrmt,
931 4589 1042 4671 quiin
1061 4608 1166 4652 unum
1217 4608 1372 4672 prospere
1392 4587 1515 4653 habere
1536 4588 1600 4653 nisi
1621 4589 1692 4653 eius
1713 4585 1935 4654 benedictione
1953 4586 2121 4669 possimus,
2143 4606 2196 4651 as·
2310 4636 2313 4641 »

190 4681 250 4739 aut
270 4672 410 4738 alterum
431 4694 528 4737 suum
549 4673 707 4739 cultorem
728 4674 771 4738 sit
791 4674 989 4756 propensior.
1026 4671 1067 4759 [p.
1088 4670 1163 4758 166]
1219 4674 1311 4740 sidus
1340 4695 1400 4738 nos
1421 4674 1454 4739 ei
1473 4672 1751 4752 commendemus,
1779 4680 1954 4755 nostraque
1976 4672 2085 4736 omnia
2106 4692 2194 4736 com-

191 4757 260 4840 Qu
279 4780 359 4824 voro
380 4758 454 4824 illos
470 4760 531 4824 sibi
548 4759 742 4824 mediatores
758 4759 891 4837 faciunt,
915 4781 953 4825 ae
970 4761 999 4824 si
1015 4780 1051 4824 se
1069 4758 1166 4824 Chri·
1219 4761 1388 4825 mittamus
1409 4766 1537 4842 oportet
1558 4759 1637 4844 (Iac
1657 4758 1702 4845 4).
1747 4757 1877 4824 Deinde
1896 4755 2052 4840 quidquid
2073 4756 2195 4829 delibe-

190 4851 262 4911 stus
283 4844 436 4910 deficeret
457 4851 513 4909 aut
535 4846 673 4908 nimium
700 4846 762 4910 sibi
783 4866 916 4911 severus
938 4853 1038 4923 esset,
1059 4844 1168 4927 ipsum
1219 4866 1339 4925 ramus,
1361 4845 1534 4928 loquimur,
1558 4846 1700 4929 agimus,
1723 4846 1784 4910 sub
1806 4845 1875 4909 eius
1896 4864 1997 4907 manu
2019 4863 2057 4908 ao
2077 4844 2195 4909 volun·

190 4930 390 4995 inhonorant
416 4936 450 4994 et
478 4930 577 4995 solius
600 4930 789 4996 mediatoris
815 4930 910 4995 titulo
930 4929 1084 5014 spoliant3
1111 4931 1167 5013 qui
1219 4937 1301 5009 tate,
1331 4931 1392 4996 sub
1419 4951 1476 5014 spe
1498 4931 1636 5014 denique
1660 4930 1773 4996 auxilii
1794 4931 1865 4995 eius
1887 4927 2117 5006 deliberemus,
2148 4928 2197 4994 lo-

190 5022 232 5081 ut
255 5016 305 5080 illi
328 5016 364 5080 in
393 5016 594 5100 singularem
619 5017 881 5103 praerogativam
909 5037 930 5081 a
956 5023 1050 5099 patre
1071 5014 1169 5082 datus
1220 5038 1371 5100 quamur‚
1400 5037 1545 5100 agamm.
1601 5016 1725 5082 Omnes
1756 5015 1846 5080 enim
1878 5035 1898 5079 a
1929 5013 2002 5078 Deo
2032 5013 2198 5080 maledicti

191 5112 251 5179 est,
274 5104 321 5167 ita
339 5122 444 5184 neque
466 5102 529 5166 ulio
551 5104 721 5167 transferri
743 5102 846 5167 debet.
886 5103 995 5185 Atque
1014 5101 1076 5168 hoc
1097 5103 1169 5185 qui·
1219 5104 1491 5186 pronunciantur,
1517 5104 1574 5187 qui
1595 5104 1647 5169 sui
1668 5101 1844 5167 alterimve
1865 5099 2047 5182 cuiuspiam
2068 5099 2196 5179 fiducia,

192 5186 270 5253 dem
290 5189 361 5270 ipso
383 5187 521 5270 gloriam
547 5188 728 5254 nativitatis
754 5189 857 5271 ipsius
876 5189 1067 5267 obscurant,
1094 5208 1169 5254 cru·
1221 5188 1356 5256 consilia
1379 5189 1507 5272 agitant
1533 5210 1572 5256 ac
1599 5193 1763 5265 statuunt,
1790 5186 1847 5269 qui
1874 5192 1971 5250 extra
1990 5186 2060 5251 eius
2081 5185 2199 5254 volun·

191 5292 266 5341 cem
287 5281 455 5352 evacuant
477 5273 633 5356 quidquid
654 5273 793 5357 denique
813 5274 850 5339 in
865 5273 1005 5341 salutem
1024 5281 1171 5340 nostram
1221 5281 1338 5354 utem,
1367 5274 1502 5357 ipsoque
1527 5296 1594 5339 non
1619 5275 1784 5351 invocato,
1815 5269 1994 5356 quidquam
2018 5272 2200 5338 moliuntur

191 5366 254 5425 aut
278 5359 356 5427 feeit
383 5365 442 5423 aut
465 5380 581 5442 passus
610 5366 673 5439 est,
701 5380 764 5426 sua
788 5358 886 5426 laudo
906 5366 1034 5427 exuunt
1054 5378 1094 5426 ac
1113 5359 1171 5426 de·
1222 5367 1282 5425 aut
1289 5359 1446 5425 inchoare
1455 5364 1586 5425 tentam
1602 5359 1680 5445 (Ias.
1693 5360 1744 5423 80.
1756 5356 1823 5443 31).
1850 5355 1936 5424 (lum
1954 5356 2200 5425 autemdictum

1958 5458 1999 5514 60
