4770 6030
202 351 285 414 1063
782 338 967 407 marm]
978 337 1061 406 510
1083 340 1188 406 REL.
1211 338 1391 407 CHRIST.
1416 345 1647 406 leae-1554.
2135 341 2221 403 1064
2339 395 2346 401 .

1446 487 1450 495 1
2096 438 2135 527 [a
2148 454 2222 507 377.

202 536 276 601 Hoc
298 534 441 619 primum
464 532 657 596 habeamus:
681 531 710 595 si
730 531 767 594 in
784 530 873 594 omni
889 529 1062 594 hominum
1079 529 1146 592 soci
1155 549 1189 593 e·
1243 529 1307 594 alia
1334 528 1447 595 eodem
1476 530 1648 612 pertinent
1694 528 1803 609 Quid?
1836 550 1879 592 an
1907 530 1945 592 in
1971 529 2119 592 mulieris
2146 548 2221 593 car-

203 628 272 686 tate
305 618 522 684 necessariam
555 637 626 685 esse
665 615 813 698 politiam
845 615 989 697 aliquam
1019 613 1189 693 videmus,
1243 615 1321 680 baso
1346 616 1410 680 sita
1436 615 1551 700 religio
1578 625 1629 682 est
1656 624 1693 679 ut
1719 614 1807 679 nudo
1827 615 1932 696 capite
1955 614 2066 697 egredi
2094 613 2137 678 sit
2159 634 2220 678 ne·

204 727 286 791 quac
313 703 355 768 ad
378 701 529 767 alendam
551 722 757 766 communem
781 722 896 783 pacem
917 708 950 766 et
976 697 1182 766 retinendam
1242 701 1314 766 fas?
1345 722 1387 764 an
1418 710 1570 766 sanctum
1602 701 1642 766 de
1668 701 1738 765 eius
1766 701 1893 765 silentio
1922 699 2103 775 decretum,
2131 699 2221 781 quod

205 788 408 857 concordiam
431 787 554 866 valeat3
584 788 612 853 si
638 788 673 851 in
696 788 793 851 rebus
816 785 952 870 agendis
974 787 1117 868 aliquem
1138 786 1185 850 ri·
1242 788 1359 853 violari
1387 787 1457 851 sine
1484 808 1611 852 summo
1639 786 1760 853 scelere
1780 806 1847 850 non
1867 786 1991 869 possit?
2021 808 2064 849 an
2087 784 2221 867 aliquod

206 886 292 954 tum,
321 875 379 957 qui
407 872 450 938 ad
478 872 645 956 publicam
676 874 818 956 pertinet
850 873 1056 938 honestatem
1089 878 1194 954 atque
1242 874 1278 937 in
1306 894 1393 956 genu
1419 874 1559 937 flexione
1587 882 1644 938 aut
1668 871 1808 956 tegendo
1836 870 1994 937 cadavere
2019 871 2221 955 mysterium

201 961 287 1029 adeo
309 959 548 1025 humanitatem
569 960 688 1040 ipsam,
712 958 746 1023 id
766 959 803 1022 in
824 958 967 1024 ecclesiis
988 958 1182 1040 praesertim
1244 958 1330 1041 quod
1357 959 1530 1041 praeteriri
1556 960 1627 1024 sine
1653 957 1782 1042 piaculo
1803 979 1869 1021 non
1896 956 2017 1040 possit?
2061 957 2218 1023 Minime:
2327 975 2332 981 ’

206 1045 447 1113 observandum
468 1066 548 1122 esse,
571 1066 654 1127 quae
675 1066 751 1110 cum
772 1045 855 1109 benc
877 1044 1053 1109 constituta
1075 1063 1191 1107 rerum
1243 1066 1320 1109 nam
1342 1046 1370 1109 si
1391 1045 1450 1109 tali
1471 1045 1678 1109 festinatione
1700 1065 1781 1127 opus
1803 1044 1848 1108 ait
1867 1043 1997 1107 mulieri
2018 1044 2054 1107 in
2074 1042 2220 1106 iuvando

209 1134 355 1198 omniurn
378 1130 610 1213 compositione
631 1131 751 1212 optime
773 1130 994 1208 sustinentur,
1016 1135 1087 1192 tum
1108 1149 1189 1193 vero
1242 1130 1390 1214 proximo
1418 1151 1502 1212 quae
1529 1129 1639 1196 velare
1661 1137 1759 1212 eaput
1783 1150 1849 1193 non
1877 1131 1977 1205 nnat,
2005 1127 2090 1192 nihil
2113 1127 2220 1191 delin-

210 1221 280 1285 sine
303 1215 475 1283 concordia
495 1215 606 1295 nullae
628 1222 705 1281 sunt
728 1236 870 1297 prorsus.
916 1212 1138 1295 Quamobrem
1162 1213 1191 1279 si
1243 1217 1316 1298 quit
1336 1216 1364 1280 si
1386 1223 1497 1297 aperto
1519 1216 1626 1298 capite
1647 1223 1811 1293 accurrat;
1838 1223 1871 1279 et
1892 1220 1941 1278 est
1962 1214 2019 1279 ubi
2040 1214 2130 1296 loqui
2151 1236 2220 1278 non

210 1304 364 1371 ecclesiae
393 1301 609 1368 incolumitati
640 1302 760 1384 optime
793 1307 1000 1384 prospectum
1027 1300 1190 1377 volumus,
1242 1302 1351 1366 minus
1374 1309 1594 1385 opportunum
1615 1301 1663 1366 illi
1685 1302 1728 1366 sit
1749 1322 1847 1383 quam
1870 1300 1947 1364 alibi
1965 1308 2081 1365 tacere.
2116 1296 2219 1364 Stau-

211 1390 385 1472 diligenter
417 1388 549 1452 omnino
577 1387 759 1453 curandum
787 1395 837 1452 ‘est
864 1395 917 1465 ut,
951 1385 1037 1469 quod
1063 1385 1188 1450 Paulus
1243 1395 1310 1452 tem
1330 1408 1456 1469 qnoque
1478 1409 1581 1464 orare,
1599 1389 1659 1469 qui
1680 1386 1797 1451 morbo
1813 1385 1988 1468 impeditus
2005 1406 2143 1451 curvare
2162 1407 2220 1468 gc-

211 1476 301 1541 iubet
323 1474 354 1558 (l
377 1472 451 1538 (lor.
474 1478 522 1551 14,
541 1472 615 1557 40),
646 1471 798 1539 decenter
817 1473 927 1537 omnia
947 1480 980 1537 et
1009 1471 1190 1536 secundum
1242 1494 1310 1537 nna
1332 1473 1455 1555 nequit,
1478 1472 1561 1536 nihil
1583 1482 1680 1539 vetat.
1724 1473 1875 1555 Denique
1898 1473 1999 1536 satius
2016 1481 2067 1536 est
2087 1483 2220 1536 mature

211 1560 359 1627 ordinem
381 1560 470 1623 fiant.
504 1560 551 1623 At
572 1580 674 1641 quum
694 1560 731 1623 in
748 1558 918 1622 hominum
935 1557 1080 1622 moribus
1098 1563 1191 1620 tanta
1242 1557 1379 1623 humare
1401 1565 1569 1623 mortuum
1590 1581 1696 1640 quam,
1721 1558 1777 1628 ubi
1799 1558 1938 1622 linteum
1960 1557 2059 1634 deest,
2083 1578 2219 1639 exspec-
2283 1574 2285 1577 ·

212 1648 291 1713 insit
320 1645 508 1722 diversitas,
537 1653 630 1709 tanta
651 1645 686 1708 iu
715 1644 832 1709 animis
853 1645 1013 1722 venetas,
1040 1650 1134 1706 tanta
1154 1643 1190 1705 in
1241 1653 1312 1708 tare
1334 1643 1414 1708 dum
1434 1645 1625 1709 inhumatus
1646 1652 1819 1727 putrescat.
1850 1641 1917 1708 Sed
1934 1651 1985 1709 est
2005 1643 2219 1707 nihilominus

211 1732 339 1798 iudiciis
368 1731 574 1813 ingeniisque
601 1751 728 1814 pugna,
757 1751 862 1812 neque
887 1729 1001 1811 politia
1021 1728 1090 1792 ulla
1111 1729 1190 1792 satis
1242 1732 1277 1795 in
1298 1731 1369 1795 istis
1390 1730 1488 1796 rebus
1509 1731 1597 1812 qnod
1610 1729 1781 1814 agendum
1802 1742 1858 1794 aut
1876 1729 2057 1794 cavendum
2074 1749 2145 1792 mos
2163 1751 2217 1792 re-

213 1820 310 1884 firma
342 1826 393 1882 est
426 1817 489 1882 nisi
524 1817 620 1880 certis
654 1815 780 1899 legibus
809 1817 997 1893 constituta,
1031 1836 1092 1879 nec
1120 1814 1190 1878 sine
1243 1817 1362 1900 gionis,
1390 1817 1556 1894 instituta,
1585 1817 1658 1898 ipsa
1680 1815 1818 1897 deniquo
1841 1816 2027 1879 humanitas
2050 1824 2083 1879 et
2105 1812 2215 1878 mode-

214 1911 299 1971 stata
329 1901 470 1984 quadam
497 1902 602 1965 forma
630 1903 755 1966 servari
780 1902 863 1966 ritus
884 1902 1045 1984 quispiam
1073 1906 1189 1982 potest.
1243 1903 1325 1967 stiae
1345 1902 1462 1985 regula
1483 1901 1590 1967 dictet.
1624 1902 1690 1968 Ubi
1711 1901 1740 1966 si
1761 1901 1981 1983 imprudentia
2002 1910 2036 1965 et
2052 1898 2216 1965 oblivione

213 1990 290 2054 Huc
316 2009 394 2071 ergo
423 2008 506 2069 quae
534 1985 719 2052 conducunt
749 1986 838 2071 leges
869 1993 998 2052 tantum
1031 1987 1122 2051 abest
1154 1993 1191 2047 ut
1243 1986 1322 2071 quid
1343 1996 1488 2052 erratum
1510 1988 1625 2065 fuerit,
1654 1987 1784 2052 nullum
1806 1987 1983 2051 admissum
2005 1987 2128 2052 crimen
2145 1995 2215 2063 ·est;

215 2075 418 2149 damnemus,
441 2081 478 2136 ut
498 2072 551 2136 his
573 2072 690 2138 ablatis
711 2071 845 2137 dissolvi
866 2073 934 2137 suis
955 2073 1066 2137 nervis
1088 2070 1190 2136 eccle·
1243 2074 1294 2138 sin
1316 2082 1520 2155 contemptu,
1549 2072 1765 2157 improbanda
1787 2074 1837 2136 e'st
1859 2074 2071 2139 contumacia.
2117 2070 2217 2151 Quod

215 2161 294 2238 aas,
323 2168 471 2240 totasque
499 2157 671 2228 deformari
703 2180 741 2222 ac
768 2156 919 2240 dissipari
946 2156 1189 2223 contendamus.
1243 2160 1271 2224 si
1303 2160 1376 2241 quis
1404 2159 1582 2240 obstrepat,
1618 2168 1651 2222 et
1677 2158 1751 2241 plus
1784 2180 1897 2241 sapere
1925 2159 1978 2223 hic
2010 2159 2092 2223 velit
2116 2179 2216 2239 quam
2301 2222 2305 2230 ,

214 2246 329 2327 Neque
352 2244 440 2308 enim
463 2243 557 2307 aliter
586 2243 698 2307 haberi
719 2251 838 2325 potest,
867 2243 954 2326 quod
975 2243 1101 2307 Paulus
1122 2242 1190 2306 exi-
1243 2251 1383 2327 oportet,
1413 2244 1532 2310 viderit
1552 2245 1621 2327 ipse
1643 2266 1709 2327 qua
1730 2246 1952 2309 morositatem
1973 2266 2069 2310 suam
2089 2245 2217 2307 ratione

216 2332 280 2415 git,
309 2336 346 2394 ut
367 2329 519 2397 decenter
538 2330 649 2393 omnia
670 2338 703 2393 et
724 2329 900 2402 exordiae
921 2330 1018 2406 fiant,
1048 2329 1112 2393 nisi
1134 2326 1192 2391 ad·
1242 2332 1386 2395 Domino
1409 2330 1574 2412 approbet.
1609 2330 1711 2395 Nobis
1734 2339 1843 2394 tamen
1861 2330 1948 2396 istud
1968 2330 2066 2395 Pauli
2084 2329 2116 2412 (1
2140 2328 2216 2394 Cor.

217 2415 293 2481 ditis
320 2415 597 2480 observationibus
631 2435 690 2479 ceu
715 2414 854 2479 vinculis
886 2413 1080 2496 quibusdam
1113 2411 1192 2476 ordo
1247 2421 1294 2494 ll,
1317 2415 1371 2498 16)
1382 2416 1568 2481 satisfacere
1579 2415 1688 2481 debet:
1712 2436 1772 2479 nos
1783 2416 2001 2481 contendendi
2012 2437 2138 2479 morem
2149 2435 2218 2480 non

216 2505 286 2586 ipse
307 2510 340 2564 et
361 2500 514 2566 decorum
535 2500 698 2565 consistat.
743 2499 784 2563 Id
810 2507 922 2565 tamen
948 2521 1077 2582 semper
1098 2504 1192 2563 caute
1244 2501 1374 2579 habere,
1397 2522 1501 2583 neque
1522 2501 1674 2566 ecclosias
1695 2501 1768 2566 Dei.
1814 2502 1856 2565 In
1878 2503 1980 2566 altero
2003 2509 2218 2584 generesunt

205 2590 252 2652 ’in
273 2588 345 2651 istis
368 2585 646 2651 observationibus
666 2584 895 2668 excipiendum
917 2593 980 2664 est,
1009 2607 1052 2650 ne
1071 2592 1128 2649 aut
1150 2582 1192 2647 ad
1244 2588 1352 2664 horae,
1376 2587 1514 2668 publicis
1535 2588 1789 2669 precationibus,
1812 2588 2019 2652 concionibus
2041 2595 2072 2650 et
2094 2588 2215 2668 baptis·

217 2673 356 2739 salutem
378 2672 553 2737 credantur
575 2673 785 2750 necessariae,
808 2679 865 2736 aut
886 2671 1098 2738 conscientias
1117 2669 1192 2733 reli·
1243 2693 1297 2736 mc
1325 2672 1555 2755 praescriptam
1589 2674 1626 2735 in
1652 2673 1731 2754 ipsis
1760 2674 1968 2738 concionibus
1994 2674 2082 2754 quies
2110 2694 2147 2737 ac
2169 2673 2214 2736 si-

209 2759 315 2850 0gione
337 2758 559 2841 obstringant,
588 2764 646 2820 aut
673 2755 715 2821 ad
735 2758 800 2822 Dei
822 2757 949 2823 cultum
974 2757 1192 2833 conferantur,
1244 2759 1396 2836 lentium,
1419 2758 1490 2823 loca
1509 2757 1688 2836 destinata,
1712 2760 1912 2844 hymnorum
1933 2765 2119 2835 concentus,
2143 2757 2213 2820 dics

220 2851 278 2909 aut
298 2843 419 2907 inillis
440 2852 617 2924 reponatur
642 2843 754 2924 pietas.
800 2840 893 2924 Quae
914 2864 981 2907 una
1002 2843 1084 2908 ratio
1105 2843 1194 2905 inter
1245 2843 1466 2927 suscipiendae
1491 2843 1628 2908 Domini
1652 2865 1771 2909 coenae
1800 2845 1971 2924 destinati,
1993 2843 2214 2908 excommuni-

219 2931 337 3012 impias
362 2929 436 2993 illas
464 2929 712 2994 constitutiones
734 2927 921 3013 distinguit,
943 2929 1060 3011 quibus
1081 2945 1193 2993 veram
1245 2931 1410 2996 cationum
1432 2928 1615 3011 disciplina,
1644 2939 1677 2994 et
1697 2931 1725 2996 si
1747 2952 1813 3013 qua
1834 2931 1899 2995 aha
1919 2938 2005 2994 sunt.
2051 2930 2131 3007 Dies
2153 2930 2217 3012 ipsi

220 3015 387 3081 obscurari
408 3014 597 3098 religionem
619 3021 652 3078 et
673 3015 887 3080 conscientias
904 3015 1048 3081 subverti
1071 3012 1194 3078 dictum
1245 3017 1300 3098 qui
1321 3017 1395 3094 sint,
1419 3022 1453 3079 et
1475 3016 1584 3094 horae,
1605 3036 1687 3098 quac
1708 3017 1853 3081 locorum
1874 3021 2054 3095 structura,
2077 3016 2134 3098 qui
2152 3035 2218 3098 quo
2276 3089 2278 3093 y

222 3108 284 3180 est,
313 3107 347 3164 et
372 3100 535 3184 legitimas
563 3100 717 3165 ecclesiae
743 3100 977 3179 ordinationes,
1007 3100 1123 3183 quibus
1150 3119 1192 3162 ex
1245 3101 1299 3167 dio
1319 3109 1482 3167 canantur
1504 3101 1630 3184 psalmi,
1652 3101 1735 3166 nihil
1755 3103 1900 3167 interest.
1944 3103 2071 3166 Verum
2093 3108 2127 3166 et
2147 3121 2219 3167 ccr-

222 3187 274 3251 his
301 3186 440 3250 alterum
469 3207 597 3268 semper
618 3207 688 3250 esse
714 3187 915 3269 propositum
941 3207 1046 3268 nuper
1067 3184 1194 3250 monui·
1245 3195 1296 3253 tos
1318 3187 1387 3252 dies
1408 3197 1443 3251 et
1464 3194 1567 3252 statas
1590 3208 1660 3252 csse
1681 3188 1778 3252 horas
1800 3189 1960 3268 convenit,
1983 3187 2146 3253 stlocum
2167 3208 2219 3250 re·

222 3293 304 3348 mus,
326 3283 382 3336 aut
402 3279 440 3335 ut
461 3271 503 3336 ad
525 3271 678 3336 decorum
700 3270 861 3336 duntaxat
878 3274 1063 3355 pertineant
1079 3292 1142 3353 quo
1158 3270 1194 3333 in
1245 3273 1402 3357 cipiendis
1423 3271 1573 3337 omnibus
1594 3272 1765 3351 idoneum,
1789 3274 1817 3337 si
1840 3295 1905 3358 qua
1927 3273 2107 3340 servandae
2129 3274 2220 3355 pacis

221 3357 367 3423 fidelium
388 3367 481 3422 coetu
507 3364 707 3440 peragantur
727 3359 840 3423 omnia
866 3379 931 3441 quo
953 3357 1045 3423 decet
1069 3356 1192 3434 ordine,
1244 3361 1328 3424 ratic
1350 3359 1498 3424 habetur.
1537 3358 1626 3424 Nam
1644 3368 1842 3441 quantarum
1863 3361 2011 3424 rixarum
2033 3380 2146 3424 semen
2167 3360 2220 3422 fu·

222 3450 280 3509 aut
301 3453 338 3507 ut
366 3444 471 3526 ipsam
500 3444 670 3507 hominum
692 3446 957 3509 communitatem
977 3443 1070 3508 velut
1093 3463 1193 3526 quae·
1246 3451 1320 3510 tura
1346 3446 1390 3510 sit
1416 3466 1530 3509 earum
1551 3466 1665 3509 rerum·
1684 3445 1843 3523 confinio,
1873 3446 1902 3511 si
1923 3453 2019 3528 prout
2041 3445 2158 3526 cuique
2179 3443 2220 3507 li-

222 3529 299 3594 dam
328 3530 542 3594 humanitatis
565 3529 697 3594 vincula
723 3531 896 3595 retineant.
941 3530 1042 3611 Atqui
1064 3528 1120 3592 ubi
1143 3549 1193 3592 se-
1245 3532 1350 3597 bitum
1372 3531 1416 3596 sit
1435 3538 1564 3596 mutare
1585 3531 1682 3596 liceat
1700 3553 1783 3614 quae
1806 3531 1847 3595 ad
1869 3551 2074 3596 communem
2095 3537 2221 3595 statum

222 3615 288 3680 mel
308 3615 457 3697 publicae
477 3616 659 3680 honestatis
676 3636 774 3680 eausa
795 3616 901 3698 posita
917 3616 972 3680 lex
989 3614 1192 3697 intelligitur,
1244 3615 1430 3700 pertinent?
1464 3614 1604 3697 Quando
1625 3638 1795 3699 nunquam
1816 3617 1963 3681 firtruum
1984 3625 2035 3681 est
2054 3622 2092 3680 ut
2113 3617 2220 3679 omni-

222 3703 288 3766 iam
320 3700 449 3766 sublata
479 3708 529 3765 est
556 3701 744 3783 superstitio
775 3701 812 3765 iu
843 3723 942 3784 quam
968 3700 1118 3766 incidunt
1138 3700 1195 3781 qui
1245 3704 1306 3768 bus
1338 3703 1426 3767 idem
1457 3703 1597 3784 placeat,
1627 3704 1654 3767 si
1681 3724 1749 3779 res,
1777 3702 1923 3767 velutin
1950 3702 2057 3767 medio
2084 3703 2219 3783 positae,

223 3786 376 3851 humanis
402 3787 543 3866 inventis
569 3788 634 3851 Dei
655 3786 780 3852 cultum
805 3789 992 3853 metiuntur.
1037 3786 1193 3863 Rursum,
1245 3788 1448 3872 singulorum
1471 3788 1604 3853 arbitrio
1625 3788 1757 3853 relictae
1777 3788 1936 3853 fuerint·

222 3872 279 3937 ubi
305 3871 347 3936 ad
374 3893 579 3938 communem
601 3871 764 3938 duntaxat
788 3873 960 3937 hominmn
980 3893 1076 3937 usum
1103 3892 1194 3955 spec·
1263 3940 1268 3949 ,
1338 3870 1509 3957 ¹)Summa
1535 3893 1613 3957 ergo
1635 3873 1803 3973 diligentia
1829 3872 2084 3940 incumbendum
2106 3881 2156 3938 est
2177 3895 2221 3938 ne

223 3968 293 4022 tare
315 3952 665 4041 cognoscitur,'eversa
686 3968 736 4023 est
757 3958 839 4023 falsa
859 3958 916 4023 illa
938 3958 1143 4042 cbhgationis
1162 3964 1196 4021 et
1267 3962 1332 4045 uisx
1350 3960 1473 4040 irrepat
1505 3980 1596 4024 error
1621 3980 1677 4041 qur
1702 3981 1823 4042 pamm
1851 3961 1939 4025 hunc
1966 3981 2061 4024 usum
2090 3958 2141 4022 vel
2168 3961 2221 4022 in-

221 4044 424 4110 necessitatis
442 4045 560 4126 opinio,
580 4064 663 4126 quac
675 4045 843 4128 ingentem
856 4053 1014 4110 terrorem
1030 4045 1194 4110 conscien·
1246 3982 1335 4111 hciat
1366 4045 1419 4111 vel
1451 4045 1609 4110 obscuret.
1655 4044 1751 4126 Quod
1783 4045 1915 4128 quidem
1946 4044 2158 4118 obtinebitur,
2192 4045 2222 4108 si

146 4163 153 4169 ·
220 4131 274 4194 tiis
295 4130 459 4194 iniioiebat
480 4152 580 4212 quum
611 4136 806 4211 putarentur
826 4130 1017 4196 traditiones
1039 4130 1081 4194 ad
1107 4129 1194 4196 salu·
1247 4152 1456 4215 quaecunque
1478 4140 1576 4195 erunt
1601 4131 1841 4197 observationes
1868 4131 2075 4196 manifestam
2098 4130 2222 4194 utilita-

220 4225 287 4281 tem
315 4217 531 4294 necessariae;
559 4214 718 4297 siquidem
747 4216 801 4281 hic
828 4215 910 4280 nihil
938 4217 1105 4299 quaeritur
1132 4216 1194 4279 nisi
1247 4224 1314 4282 tem
1335 4238 1414 4300 prae
1435 4238 1470 4282 se
1491 4217 1613 4295 ferant;
1641 4218 1668 4281 si
1695 4219 1883 4300 parcissime
1905 4217 2136 4295 admittantur3
2162 4235 2222 4298 po·

220 4309 258 4365 nt
272 4303 442 4367 ‘communi
465 4302 569 4367 officio
592 4301 699 4366 alatur
720 4302 807 4366 inter
827 4323 888 4367 nos
909 4303 1035 4368 oaritae.
1247 4304 1409 4368 tissimum
1441 4323 1519 4367 vero
1552 4304 1580 4367 si
1611 4303 1735 4368 accedit
1764 4302 1869 4369 fidelis
1901 4303 2040 4386 pastoris
2073 4302 2222 4367 doctrina

314 4387 469 4471 ¹)Prioris
496 4388 626 4470 generis
654 4386 805 4470 exempla
832 4396 910 4453 sunt
941 4388 1028 4472 apud
1053 4384 1195 4452 Paulum
1247 4410 1330 4472 quae
1351 4389 1462 4471 pravis
1479 4389 1683 4470 opinionibus
1704 4390 1793 4454 viam
1814 4387 2012 4471 praecludat.
2051 4387 2143 4452 Haec
2161 4407 2222 4450 au·

220 4495 262 4538 ne
288 4473 441 4538 mulieres
468 4474 503 4536 in
529 4473 666 4538 ecclesia
687 4472 824 4539 doceant
845 4474 877 4559 (l
900 4474 973 4540 Oor.
996 4480 1044 4552 14,
1064 4472 1135 4556 34),
1158 4479 1196 4536 ut
1247 4484 1315 4541 tem
1347 4475 1488 4557 cognitio
1519 4475 1598 4540 facit
1628 4482 1666 4538 ut
1698 4496 1757 4539 sua
1782 4475 1898 4558 cuique
1925 4482 2072 4538 nostrum
2100 4474 2135 4536 in
2168 4471 2223 4537 his

220 4559 346 4623 velatae
373 4558 550 4641 procedant
571 4559 662 4642 (ibid.
685 4564 733 4638 11,
752 4565 770 4622 2
790 4561 901 4645 seqq).
951 4561 998 4625 m
1023 4560 1059 4623 in
1079 4578 1194 4640 perpe·
1248 4562 1346 4626 rebus
1368 4560 1518 4625 omnibus
1540 4559 1673 4625 libertas
1694 4568 1828 4639 constet,
1861 4568 1895 4624 et
1915 4559 2079 4642 quandam
2102 4557 2225 4623 nihilo·

221 4655 278 4708 tuo
300 4646 386 4710 vitae
419 4667 481 4710 usu
513 4647 654 4726 spectari
677 4654 830 4728 possunt:
866 4655 904 4712 nt
930 4646 1025 4711 flexis
1057 4644 1194 4728 genibus
1247 4648 1358 4711 minus
1379 4667 1457 4711 suae
1480 4647 1615 4728 quisque
1641 4646 1783 4711 libertati
1804 4647 2031 4713 necessitatem
2052 4645 2138 4709 ultro
2159 4646 2223 4708 im·

222 4729 372 4813 nudoque
394 4732 499 4814 capite
524 4731 652 4813 publice
673 4753 818 4812 oremus;
845 4738 888 4796 ne
915 4731 1005 4795 nuda
1025 4730 1196 4795 hominum
1248 4741 1364 4816 ponat,
1395 4741 1555 4815 quatenus
1581 4720 1639 4797 adt
1664 4731 1746 4796 illud
1768 4731 1853 4814 quod
1875 4732 2018 4797 diximus
2043 4729 2075 4793 zo*
2098 4737 2223 4813 πρέπον,

222 4816 381 4881 cadavera
403 4818 438 4881 in
460 4817 589 4882 foveam
609 4817 837 4899 proiiciantur;
867 4838 908 4881 ne
929 4817 1065 4908 Domini
1086 4837 1195 4882 saera·
1249 4825 1307 4883 aut
1334 4818 1480 4884 cantans
1505 4819 1589 4882 ratio
1611 4819 1728 4902 exiget.
1773 4818 1916 4896 Deinde,
1941 4827 1979 4882 ut
2000 4823 2033 4882 et
2053 4817 2088 4881 in
2109 4837 2225 4881 earum

206 4911 333 4967 *menta
361 4903 495 4985 profane
522 4912 556 4967 et
584 4903 713 4968 sordide
742 4902 1025 4981 administrentur,
1054 4910 1088 4967 et
1113 4923 1195 4984 quae
1249 4904 1473 4970 observatione
1499 4903 1592 4969 nulla
1619 4904 1847 4987 superstitione
1866 4925 2036 4969 versemur
2063 4904 2140 4985 ipsi,
2162 4923 2226 4967 nec

224 5042 426 5051 μὴ,
1249 5011 1376 5055 morose
1403 4990 1541 5054 nimium
1567 4991 1671 5073 ipsam
1693 4991 1734 5055 ab
1758 4989 1830 5055 aliis
1857 4991 2076 5073 requiramus,
2104 5009 2147 5052 ne
2165 5007 2225 5070 po-

291 5124 320 5193 1)
343 5125 421 5181 Haec
442 5126 525 5179 molto
545 5125 638 5190 saaca
661 5125 823 5194 modo
844 5125 986 5179 mutatam
1009 5121 1197 5194 proctamet

227 5191 265 5247 Oa
287 5236 292 5246 .
313 5193 404 5247 XIII.
423 5193 458 5249 30
475 5210 544 5264 seqq.
569 5196 619 5248 ubi
640 5196 722 5248 cerba
741 5195 848 5258 prioris
869 5194 998 5248 aaron
1023 5211 1084 5250 cum
1105 5194 1196 5248 aredio
2048 5214 2050 5219 ⁴

223 5264 246 5327 §.
316 5269 373 5315 tam
389 5264 412 5328 §.
432 5262 466 5315 32
483 5271 551 5318 extr.
568 5264 686 5332 reperies
703 5263 751 5318 ced
772 5263 852 5317 aliter
868 5263 1009 5331 degente.
1321 5263 1349 5329 1)
1369 5263 1500 5316 Eiusdem
1523 5263 1629 5330 Capitis
1647 5263 1772 5318 clausula
1789 5262 1895 5330 (XIII.
1913 5263 1954 5316 33.
1974 5261 2029 5329 34).
