4770 6030
208 344 271 407 303
780 335 1046 404 INSTITUTIO
1068 338 1173 403 REL.
1196 335 1377 405 CHRIST.
1404 341 1635 404 lese—1554.
2149 341 2212 402 304

1914 451 2212 520 ιιι;ιιι;οιι

206 530 309 628 Filios
337 536 424 596 certe
445 529 510 593 Dei
536 528 633 610 longe
661 527 727 590 alia
754 525 846 591 decet
867 526 1038 591 sobrietas:
1067 527 1124 609 qui
1145 535 1184 590 ut
1233 529 1344 610 petito,
1363 527 1560 610 praedicari;
1583 440 1958 594 deindecommemoiari
1974 529 2045 593 eius
2062 528 2212 606 virtutes,

206 617 296 682 omni
316 615 464 680 veritatis
486 614 572 691 luce,
594 614 666 678 sine
685 613 751 677 Dei
772 613 901 694 spiritu,
925 612 1055 677 orbatos
1076 634 1111 677 se
1133 615 1182 677 vi-
1235 612 1352 696 quibus
1373 614 1466 679 nobis
1489 614 1697 692 describitur,
1725 635 1793 678 non
1814 615 1887 712 quis
1909 615 1952 678 sit
1972 613 2060 696 apud
2082 635 2130 692 se,
2155 579 2213 678 sed

206 701 300 780 dent,
329 703 377 765 ita
398 721 464 764 non
485 665 655 783 ignoiant,
683 698 822 763 verbum
844 719 914 764 esse
936 719 1097 780 organum
1120 720 1182 780 quo
1234 699 1339 783 qualis
1362 721 1441 783 erga
1462 721 1530 776 nos,
1554 706 1592 763 ut
1612 700 1676 764 ista
1693 701 1762 764 eius
1780 700 1903 783 agnitio
1920 700 1996 765 vivo
2013 701 2120 783 magis
2137 721 2213 765 sen·

207 789 341 871 spiritus
367 787 418 850 sui
445 785 717 850 illuminationem
748 783 899 849 fidelibus
925 785 1088 849 Dominus
1117 783 1181 850 dis·
1235 807 1288 864 su,
1317 806 1415 866 quam
1443 806 1548 851 vacua
1574 793 1608 849 et
1633 786 1808 851 meteon’ca
1834 785 2054 868 speculatione
2075 794 2210 852 constet.

206 881 329 974 pensat
380 872 494 936 Alium
522 873 611 936 enim
639 871 791 953 spiritum
812 871 976 947 nesciunt,
1006 891 1105 952 quam
1126 871 1182 953 qui
1234 837 1384 936 Viitutes
1405 893 1501 954 porro
1523 870 1655 936 easdem
1672 870 1726 937 hic
1743 872 1930 936 enumerari
1947 871 2107 949 eudimus,
2130 893 2212 954 quas

205 961 324 1042 inapo
325 959 416 1025 stolis
437 957 600 1022 habitavit
621 964 654 1020 et
673 957 827 1039 loquutus
846 962 909 1035 est;
932 956 1024 1021 cuius
1043 956 1183 1022 oraculis
1235 957 1465 1023 notabamus
1456 980 1491 1022 m
1518 957 1606 1023 coelo
1632 964 1665 1020 et
1687 963 1776 1022 terra
1808 957 1965 1023 relucere:
1975 923 2211 1057 'clemehtiana

209 1045 339 1111 assidue
360 1044 403 1110 ad
424 1044 518 1109 verbi
539 1043 739 1108 audientiam
761 1049 964 1107 revocantur.
1234 1043 1427 1120 bonitatem,
1450 1042 1719 1121 misericordiam,
1742 1044 1914 1120 iustitiam,
1937 1042 2103 1122 iudicium,
2125 1045 2213 1109 veri·

295 1136 345 1197 37
390 1130 458 1197 Sed
479 1130 566 1195 euim
579 1130 745 1228 quoniam
766 1128 1016 1205 Deinotitiam,
1043 1130 1184 1210 quaein
1234 1136 1344 1193 tatem.
1389 1129 1477 1193 Nam
1498 1131 1603 1194 virtus
1630 1136 1664 1193 et
1690 1130 1851 1211 potentia,
1879 1130 1941 1195 sub
1962 1129 2057 1194 titulo
2077 1130 2213 1195 Elohim

206 1219 321 1284 mundi
343 1218 506 1293 machina,
528 1216 754 1296 universisque
777 1215 935 1279 creaturis
956 1236 1024 1279 non
1046 1214 1182 1280 obscure
1235 1216 1427 1280 continetur.
1472 1215 1595 1280 Iisdem
1616 1216 1716 1279 etiam
1737 1215 1889 1297 epithetis
1910 1215 2004 1280 illum
2028 1215 2212 1314 insigniunt

207 1305 328 1386 alioqui
352 1304 559 1386 proponitur,
586 1300 780 1365 familiarius
808 1308 918 1364 tamen
947 1301 1129 1364 etiamnum
1149 1309 1184 1364 et
1235 1300 1428 1383 prophetae,
1462 1298 1626 1382 quemad
1656 1300 1791 1382 plenum
1819 1301 1936 1365 volunt
1962 1309 2113 1398 sanctum
2140 1303 2211 1368 eius

205 1390 327 1456 elarius
348 1390 448 1454 verbo
470 1387 638 1453 docuimus
666 1386 839 1469 exphcari,
872 1387 939 1450 iam
961 1407 1078 1468 operae
1104 1407 1179 1468 pre-
1235 1407 1353 1451 nomen
1392 1386 1566 1451 illustrare,
1618 1385 1669 1450 Ne
1702 1386 1807 1451 multa
1838 1385 2013 1472 congerere
2045 1408 2211 1470 cogamur,

208 1470 292 1541 ιιιιιιι
319 1483 369 1541 ιιι
395 1473 593 1556 expendere,
625 1471 741 1554 ecquid
769 1493 803 1535 se
831 1471 931 1535 talem
956 1472 1155 1535 Dominus'
1146 1494 1182 1535 ιιι
1236 1473 1481 1555 inpraesentia
1506 1471 1764 1537 nobrsPsalmus
1785 1495 1870 1538 unus
1887 1473 2027 1539 sufficiat
2048 1473 2119 1558 (Ps
2136 1472 2212 1559 145)

208 1564 370 1644 scriptura
387 1561 480 1625 nobis
497 1565 727 1658 repraesentet,
746 1556 902 1639 qualem
893 1578 929 1621 ιιι
947 1557 1099 1639 operibus
1116 1559 1184 1622 suis
1234 1558 1270 1622 in
1297 1579 1360 1640 quo
1393 1565 1462 1622 tam
1490 1565 1603 1622 exacte
1630 1579 1760 1623 summa
1780 1559 1927 1623 omnium
1954 1560 2023 1624 eius
2051 1560 2214 1624 virtutum

208 1647 365 1713 delineari
387 1648 479 1729 prius
500 1646 608 1710 visum
630 1651 688 1709 est.
722 1645 842 1742 Longa
863 1649 949 1709 certe
972 1644 1124 1719 materia,
1154 1645 1182 1709 si
1235 1650 1432 1721 recensetur,
1454 1650 1493 1707 ιιι
1513 1644 1595 1708 nihil
1619 1645 1775 1709 omissum
1794 1643 1898 1710 videri
1920 1652 2025 1743 queat
2059 1645 2107 1709 Et
2128 1645 2213 1710 nihil

207 1735 280 1817 quis
301 1735 337 1797 in
359 1755 398 1797 ca
420 1731 608 1814 diligentius
629 1729 831 1794 tractanda
822 1730 991 1799 immorari
1011 1729 1099 1795 velit
1137 1729 1185 1794 At
1235 1737 1347 1794 tamen
1376 1729 1443 1794 illio
1476 1731 1622 1812 ponitur,
1656 1729 1741 1812 quod
1773 1751 1840 1794 non
1866 1729 1997 1795 liceat
1989 1753 2024 1795 ιιι
2051 1732 2227 1801 creaturis.

207 1841 268 1903 ego
296 1819 387 1885 velut
417 1817 558 1882 indicem
586 1816 792 1899 proposuisse
817 1822 989 1881 contentus
1015 1836 1085 1892 ero,
1120 1837 1184 1898 quo
1235 1816 1457 1915 contemplari
1490 1815 1583 1880 Adeo
1605 1816 1705 1880 talem
1726 1817 1893 1893 sentimus,
1916 1817 2119 1899 experientia
2139 1838 2212 1881 ma-

207 1906 349 1969 monitae
371 1905 444 1987 piae
465 1909 606 1979 mentes,
633 1901 711 1984 quid
732 1902 936 2000 potissimum
957 1902 992 1966 in
1014 1902 1183 1984 scripturis
1236 1902 1348 1999 gistra,
1369 1889 1487 1979 Deum,
1511 1900 1641 1983 qualem
1663 1923 1698 1966 so
1711 1899 1818 1967 verbo
1840 1901 1992 1967 declarat
2037 1900 2137 1985 Apud
2158 1902 2212 1967 Ie-

209 1991 249 2056 de
270 1992 343 2055 Deo
364 1953 640 2088 investigandum
645 1989 696 2086 sit,
718 1988 838 2066 norint,
861 1993 894 2052 et
880 1987 953 2051 tad
970 1995 1096 2053 certum
1114 1989 1183 2052 eins
1235 1987 1372 2052 remiam
1405 1984 1455 2070 (9,
1470 1987 1554 2070 23),
1606 1987 1662 2052 ubi
1693 1988 1897 2069 pronuntiat,
1939 1988 2044 2070 qualis
2078 1989 2211 2072 agnosci

207 2075 427 2159 inquisitionis
455 2095 588 2156 scopum
664 2074 803 2137 '.antur
847 2073 947 2138 Initio
969 2095 1046 2157 ergo
1068 2074 1183 2137 Domi·
1236 2095 1256 2138 a
1282 2072 1376 2137 nobis
1403 2073 1499 2149 velit,
1470 2072 1779 2155 tdescriptionem
1803 2074 1960 2155 proponit
1980 2094 2048 2138 non
2073 2075 2121 2140 ita
2142 2074 2212 2156 ple·

208 2183 370 2227 nuscum
392 2182 462 2226 esse
484 2181 519 2224 se
540 2159 651 2223 Deum
695 2159 824 2235 celarat,
847 2160 903 2240 qui
922 2167 1094 2241 postquam
1111 2179 1183 2224 coe-
1235 2180 1322 2235 nam,
1346 2157 1403 2222 sed
1425 2157 1539 2222 eodem
1560 2179 1689 2241 semper
1709 2158 1916 2224 recidentem
1952 2158 2020 2241 Qui
2042 2159 2209 2243 gloriatin,

207 2242 278 2312 lum
303 2255 336 2312 et
361 2253 484 2311 terram
505 2245 643 2321 creavit,
671 2245 864 2309 universum
887 2245 1058 2309 hominum
1080 2266 1184 2342 genus
1234 2245 1350 2343 inquit,
1373 2245 1408 2307 in
1430 2243 1492 2309 hoo
1514 2243 1679 2327 glorietur,
1702 2244 1788 2326 quod
1804 2265 1857 2308 me
1875 2246 2005 2310 noverit
2021 2245 2211 2346 Dominum,

207 2335 371 2398 immensa
392 2331 605 2397 beneficentia
625 2330 814 2412 complexus
827 2352 865 2395 ac
882 2338 1098 2413 prosequutus
1112 2331 1183 2413 qui·
1235 2331 1291 2412 qui
1318 2330 1401 2394 facio
1428 2329 1700 2408 misericordiam,
1733 2329 1954 2396 iudiciumtet
1985 2331 2186 2396 iustitiam
2176 2355 2213 2396 m

208 2419 283 2484 dem
304 2419 416 2498 fuerit;
439 2416 497 2482 sed
517 2415 673 2499 peculiari
694 2417 800 2514 gratia
820 2417 890 2498 pios
908 2437 1036 2515 semper
1054 2438 1091 2482 ac
1108 2437 1183 2499 per·
1235 2423 1332 2480 terra
1379 2416 1457 2481 Tria
1478 2423 1565 2480 certe
1588 2416 1668 2481 haec
1691 2417 1836 2499 apprime
1866 2416 1959 2481 nobis
1981 2418 2113 2517 cognitu
2136 2426 2214 2482 simt

207 2513 321 2604 petua·
334 2505 417 2569 serie
446 2503 577 2577 aluerit,
607 2502 813 2579 sustentarit,
844 2503 999 2580 servarit,
1023 2511 1119 2585 atque
1142 2502 1182 2567 ab
1235 2501 1428 2567 necessaria.
1479 2501 1718 2580 Misericordia,
1747 2524 1812 2584 qua
1837 2502 1907 2567 sola
1933 2503 2080 2568 consistit
2100 2511 2214 2569 nostra

206 2591 272 2656 illis
290 2591 434 2655 vicissim
452 2589 585 2672 agnitus
601 2588 709 2665 fuerit,
728 2609 766 2653 ac
784 2553 934 2686 rdligiose
952 2553 1068 2653 cultus
1097 2588 1183 2652 Tum
1236 2588 1383 2652 omnium
1404 2588 1507 2666 salus;
1529 2588 1694 2666 indicium,
1717 2587 1834 2670 quod
1824 2612 1859 2653 m
1875 2589 2052 2688 flagitiosos
2069 2588 2212 2670 quotidie

206 2677 351 2742 historiis
373 2676 520 2740 omnium
541 2639 745 2738 saeculorum
766 2674 859 2755 quasi
880 2674 968 2758 typis
989 2673 1184 2755 quibusdam
1236 2680 1406 2739 exercetur
1434 2681 1467 2738 et
1496 2675 1630 2773 gravius
1651 2675 1750 2738 etiam
1771 2694 1826 2739 eos
1852 2684 1965 2739 manet
1984 2674 2020 2738 in
2042 2685 2212 2740 aeternius
2302 2754 2307 2762 Ι

207 2762 248 2827 ob
270 2762 380 2827 oculos
402 2762 502 2843 ponit,
524 2767 648 2843 quanta
669 2761 712 2824 sit
733 2759 886 2826 bonitatis
909 2781 987 2823 snae
1007 2781 1086 2843 erga
1102 2759 1182 2824 fide·
1236 2760 1391 2838 exitium3
1412 2759 1545 2844 iustitia,
1568 2781 1633 2842 qna
1646 2767 1889 2830 conservantur·
1910 2759 2022 2826 fideles
2044 2768 2077 2824 et
2098 2761 2213 2825 be·

207 2848 255 2913 les
273 2849 466 2924 constantia,
489 2854 613 2928 quanta
629 2845 853 2928 providentiae
871 2843 1036 2923 sedulitas,
1058 2852 1183 2945 quanta
1236 2846 1370 2910 nissime
1382 2811 1504 2910 fovent
1491 2852 1552 2909 ι.ιιι
1597 2844 1724 2925 Quibus
1747 2845 2004 2946 comprehensis,
2026 2854 2060 2911 ιι
2084 2847 2213 2911 abune

207 2934 440 3000 beneficentiae
479 2931 715 3014 promptitudo,
753 2938 877 3013 quanta
914 2931 1028 2996 auxilii
1068 2933 1182 3009 virtus,
1236 2931 1357 2996 habere
1386 2931 1579 2997 vaticinium
1600 2939 1753 3009 testatur,
1783 2951 1847 3014 quo
1868 2933 1972 3014 possis
1994 2933 2030 2996 in
2051 2933 2123 2997 Deo
2144 2933 2213 3032 'glo-

207 3026 349 3102 quantus
372 3017 552 3082 dilectionis
575 3017 685 3095 ardor,
714 3038 813 3098 quam
834 3016 1053 3082 indefessam
1074 3018 1183 3101 ignos-
1236 3018 1323 3081 riari.
1357 3015 1471 3099 Neque
1493 3024 1603 3081 tamen
1625 3018 1672 3083 ita
1693 2982 1889 3082 omittimtur
1911 3026 1969 3082 aut
1988 3018 2110 3083 veritas
2133 3019 2212 3095 eius,

208 3104 320 3170 condis
349 3104 475 3168 delictis
501 3104 671 3185 patientia,
700 3124 799 3184 qnam
826 3104 1019 3185 paternam
1045 3070 1185 3185 ιιιιιιιιιι-
1237 3111 1294 3167 aut
1315 3102 1474 3184 potantia,
1505 3111 1562 3166 aut
1581 3104 1752 3182 sanctitas,
1781 3111 1839 3168 aut
1859 3104 1996 3169 bonitas.
2042 3070 2213 3203 Quomodo

209 3189 259 3255 dis
281 3189 464 3272 castigatio,
488 3209 587 3271 quam
608 3196 784 3270 perpetuus
805 3190 953 3255 veritatis
974 3195 1104 3269 tenor3
1110 3211 1183 3253 rur-
1237 3189 1326 3253 enim
1347 3193 1525 3265 constaret,
1548 3210 1631 3270 quae
1653 3189 1706 3253 hic
1728 3190 1920 3271 requiritur,
1943 3191 2094 3268 iustitiae,
2117 3191 2215 3255 mise-

209 3297 298 3354 sum,
322 3281 446 3357 quanta
466 3275 503 3337 in
523 3281 708 3356 peccatores
730 3274 863 3340 ultionis
885 3275 1057 3354 severitas,
1085 3296 1184 3356 quam
1236 3273 1408 3352 ricordiae,
1432 3273 1542 3338 iudicii
1564 3275 1634 3339 eius
1657 3275 1806 3353 scientia,
1828 3275 1891 3341 nisi
1912 3276 2050 3341 veritate
2073 3276 2142 3341 eius
2162 3277 2214 3340 in-

208 3361 382 3440 horrenda,
400 3367 474 3442 post
489 3361 623 3442 longam
639 3359 855 3439 tolerantiam,
874 3361 942 3425 irae
960 3383 1038 3425 suae
1055 3361 1184 3425 inflam-
1236 3359 1372 3425 flexibili
1398 3359 1579 3424 niteretur?
1623 3360 1671 3424 Et
1698 3359 1857 3442 quomodo
1884 3360 2071 3427 crederetur
2092 3369 2216 3427 terram

208 3449 316 3526 matio,
340 3453 462 3529 quanta
479 3468 596 3511 manus
615 3467 701 3523 suae,
721 3444 763 3509 ad
780 3468 834 3511 eos
844 3446 1096 3528 prosternendos
1109 3468 1184 3529 pro·
1237 3446 1355 3511 iudicio
1377 3453 1411 3511 et
1431 3446 1556 3510 iustitia
1577 3445 1755 3545 moderari,
1783 3447 1849 3511 nisi
1869 3447 2035 3514 intellecta
2057 3447 2127 3513 eius
2147 3449 2215 3513 ιιι-

208 3499 423 3616 terendosque
439 3533 593 3615 potentia
623 3531 793 3596 Hactenus
805 3532 941 3614 pulchre
958 3534 1111 3600 convenit
1121 3534 1185 3598 1sta
1237 3532 1330 3596 tute?
1375 3531 1471 3597 Unde
1493 3539 1617 3609 autem,
1640 3532 1703 3597 nisi
1725 3554 1767 3596 ex
1789 3532 1949 3611 bonitate,
1971 3532 2214 3599 misericordia?

207 3619 272 3683 Dei
289 3620 413 3703 effigies
431 3641 507 3684 eum
523 3619 696 3701 illaquam
714 3619 748 3683 in
765 3617 880 3682 mundi
899 3620 1110 3685 universitate
1128 3641 1185 3702 ap-
1238 3616 1276 3683 Si
1299 3618 1438 3716 denique
1459 3620 1532 3683 viae
1554 3639 1667 3683 omnes
1689 3619 1760 3683 eius
1782 3625 1860 3684 sunt
1878 3617 2107 3696 misericordia,
2129 3618 2215 3682 iudi·
2255 3689 2258 3695 ¹

207 3724 322 3785 parere
344 3726 449 3787 nuper
471 3704 682 3770 ostendimus.
1238 3704 1334 3782 oium,
1357 3704 1490 3782 iustitia,
1518 3705 1553 3768 in
1574 3704 1641 3768 illis
1663 3726 1788 3787 qnoque
1810 3712 1843 3770 et
1863 3705 2019 3770 sanctitas
2040 3705 2217 3797 conspicua

296 3793 344 3853 38.
389 3790 498 3856 Certis
526 3798 638 3856 tamen
664 3791 743 3857 locis
767 3790 976 3857 dilucidae
949 3812 1020 3855 erus
1041 3790 1184 3875 deserip-
1238 3797 1295 3855 est.
1340 3790 1445 3854 Porro
1473 3811 1540 3856 non
1561 3791 1597 3853 in
1611 3789 1722 3854 alium
1749 3812 1882 3890 scopum
1904 3790 2103 3869 destinatur,
2131 3811 2216 3873 quae

208 3874 312 3938 tiones
341 3876 434 3940 nobis
461 3883 700 3975 proponuntur,
728 3878 845 3959 quibus
875 3877 1028 3951 ιικοιικῶς
1050 3878 1186 3942 visenda
1237 3877 1273 3939 in
1300 3876 1385 3974 scrip
1387 3877 1469 3941 turis
1503 3876 1597 3941 nobis
1630 3877 1823 3976 proponitur
1853 3877 1918 3942 Dei
1951 3875 2083 3954 notitia,
2116 3897 2217 3958 quam

208 3960 342 4027 exhibet
329 3967 383 4024 tur
405 3983 563 4044 germana
584 3964 654 4026 eius
675 3964 788 4042 iacies3
813 3963 900 4028 unde
923 3963 1039 4031 melius
1060 3966 1184 4046 perspi·
1238 3984 1321 4045 quae
1347 3962 1384 4025 in
1409 3962 1566 4027 creaturis
1599 3962 1761 4052 impressa
1788 3964 1880 4028 nitet.
1929 3963 2055 4044 Nempe
2083 3961 2125 4027 ad
2151 3963 2217 4028 Dei

209 4046 313 4112 cietur
330 4047 393 4110 ista
410 4048 644 4112 convenientia.
673 4050 761 4113 Nam
778 4044 879 4131 quum
897 4071 970 4113 eam
987 4049 1186 4114 describeret
1237 4050 1389 4112 timorem
1416 4049 1574 4129 primum,
1603 4042 1739 4113 deinde
1750 4049 1792 4113 ad
1817 4048 1971 4114 fiduciam
1992 4069 2054 4113 nos
2082 4049 2215 4147 invitat:

209 4131 329 4210 Moses,
348 4131 479 4196 videtur
491 4154 569 4196 sane
587 4133 727 4199 voluisse
744 4135 888 4199 breviter
900 4135 1184 4218 comprehendere
1237 4155 1301 4217 quo
1330 4133 1454 4199 scilieet
1480 4140 1513 4198 et
1537 4134 1681 4215 perfecta
1707 4135 1796 4199 vitae
1821 4134 2009 4201 innocentia
2030 4141 2063 4199 et
2085 4156 2152 4199 non
2172 4135 2217 4199 si·

210 4182 367 4300 quidqiiid
397 4218 472 4282 de'
464 4239 533 4300 ipso
559 4219 698 4302 intelligi
733 4221 773 4284 ab
801 4221 987 4285 hominibus
1015 4223 1065 4288 fas
1092 4230 1185 4285 esset.
1164 4218 1363 4284 tmulata
1389 4219 1573 4285 obedientia
1606 4219 1711 4285 colere
1743 4221 1838 4285 illum
1868 4220 2045 4298 discamns;
2076 4227 2147 4285 tum
2176 4220 2217 4285 ab

210 4303 367 4380 Iehovah,
390 4304 497 4385 inquit
517 4301 636 4386 (Exod
658 4308 707 4382 34,
728 4305 772 4388 6),
796 4305 952 4385 Iehovah,
975 4308 1068 4372 Deus
1090 4308 1186 4371 mise-
1238 4307 1308 4370 eius
1330 4305 1475 4371 bonitate
1503 4307 1562 4370 toti
1585 4305 1775 4406 dependere.
1821 4306 1964 4385 Verum,
1993 4307 2070 4390 quia
2091 4328 2126 4371 se
2147 4306 2217 4369 Do-

209 4390 311 4455 ricors
345 4396 378 4454 et
404 4389 561 4467 clemens,
583 4391 724 4471 patiens,
748 4398 782 4455 et
808 4391 932 4455 multae
959 4393 1186 4468 miserationis,
1237 4392 1347 4456 minus
1368 4392 1597 4474 propinquiore
1618 4393 1739 4457 intuitu
1761 4357 2053 4491 contemplaridum
2071 4413 2137 4456 non
2158 4413 2217 4456 ex·

211 4496 249 4541 ac
269 4497 387 4554 verax,
415 4476 470 4558 qui
492 4440 634 4541 eusiodis
655 4476 941 4541 misericordiam
932 4501 967 4542 m
989 4479 1108 4557 millia,
1131 4480 1186 4561 qni
1238 4477 1343 4556 hibet,
1377 4498 1476 4559 quam
1502 4477 1538 4541 in
1565 4477 1647 4543 facie
1676 4478 1800 4543 Christi
1830 4480 1896 4556 sui,
1932 4500 2016 4576 quae
2043 4478 2116 4560 ipsa
2140 4477 2217 4544 fidei

211 4561 319 4626 aufers
346 4526 551 4644 iniquitatem
579 4569 612 4626 et
633 4561 769 4640 scelera,
803 4561 889 4662 apud
912 4585 1010 4645 quem
1030 4566 1186 4629 innocens
1236 4528 1369 4627 tantuin
1396 4563 1498 4629 oculis
1525 4565 1734 4646 conspicitur:
1764 4562 1850 4646 quod
1877 4530 1918 4628 de
1946 4564 2061 4628 notitia
2080 4564 2145 4629 Dei
2166 4563 2217 4628 di·

210 4667 277 4710 non
300 4648 392 4712 erit
383 4669 547 4726 innocens,
569 4649 625 4730 qui
646 4647 754 4712 reddis
776 4648 981 4730 iniquitatem
998 4651 1185 4733 patrumfi-
1238 4648 1376 4714 cendum
1400 4650 1568 4727 restat,1n
1591 4671 1665 4714 eum
1686 4649 1794 4714 locum
1809 4650 1932 4714 melius
1951 4648 2129 4728 differetur,
2152 4669 2216 4733 quo
2291 4652 2299 4673 ⁸

210 4731 264 4795 liis
286 4756 323 4799 ιι
345 4734 525 4816 nepotibus
570 4734 635 4799 Ubi
662 4733 963 4801 animadvertamus
991 4736 1059 4801 eius
1081 4742 1184 4801 aeter-
1238 4735 1433 4800 tractabitur
1455 4735 1531 4800 fidei
1553 4734 1780 4818 intelhgentia

211 4818 348 4882 nitatem
369 4817 614 4892 relaberetur,
636 4821 809 4904 magnifico
831 4820 887 4885 illo
909 4823 1040 4886 nomine
1062 4823 1111 4888 bis
1133 4844 1184 4887 le-
