4770 6030
183 380 246 443 sn
604 391 608 404 =
733 372 834 440 ane.
850 372 956 439 vm.
978 372 1070 459 (w.)
1114 369 1328 438 smenon
1349 368 1646 438 nxnnronnro.
1687 404 1692 411 -
2129 377 2192 438 sn

184 491 297 559 131743
316 487 418 544 0175.

184 568 220 631 in
247 564 377 648 coiieqas
401 472 539 643 hbberet5
568 563 622 627 scd
648 583 729 642 quas
749 568 858 644 partes
886 562 974 627 habet
1000 561 1104 626 cmnul
1129 562 1165 624 in
1215 580 1281 623 rem
1306 560 1423 641 refero:
1459 561 1613 641 Quidem
1645 581 1683 624 ne
1719 562 1863 644 Greyorii
1900 562 2023 642 quidem
2054 567 2195 644 tenpore,

185 655 308 729 senatu,
336 656 371 715 ut
392 651 508 732 referat
529 648 567 712 de
588 649 729 732 nequitis,
752 650 919 713 sententias
939 653 1036 731 royet,
1059 667 1165 711 omnu-
1217 665 1276 726 quo
1302 645 1428 710 ccclesia
1454 647 1520 710 iom
1547 648 1613 728 tere
1635 647 1772 727 collapsa
1793 653 1875 726 erat,
1906 653 1983 712 certe
2003 648 2135 711 multum
2156 647 2195 712 ab

185 737 282 818 lenda,
303 737 459 814 morundo,
488 733 638 820 ξιανὶααάα
659 734 736 797 aliis
755 739 899 816 praeeat,
923 734 1086 799 autoritate
1105 753 1166 797 sua
1218 731 1348 811 annua
1363 732 1504 813 puritate
1525 733 1770 816 deyeneraoerat,
1793 733 1949 798 tolerabile
1968 734 2094 814 suisset,
2117 734 2196 814 epis·

186 828 280 888 iotam
301 823 449 886 actionum
470 825 570 902 repat,
600 820 730 900 etquod
750 821 903 884 decretum
924 820 1079 885 communi
1100 839 1166 883 con·
1218 836 1326 898 copum
1349 818 1484 897 aliquem
1504 839 1526 881 a
1548 818 1742 883 concionibus
1762 819 1920 884 abstinere.
1967 818 2126 897 Sacerdos,
2149 819 2196 883 in

187 909 260 973 silio
287 907 384 989 fuerit
410 905 612 986 exsequatur:
639 906 674 969 id
700 906 839 970 muneris
859 905 1029 970 sustinebat
1055 905 1167 992 episco
1218 903 1285 984 quit
1306 904 1375 984 ipse
1396 903 1518 982 alicubi,
1533 903 1557 987 ¹)
1584 905 1730 983 moritur,
1753 907 1784 970 si
1805 905 1841 970 de
1863 927 1896 970 eo
1918 906 2037 970 sonitus
2056 925 2119 969 non
2140 925 2197 969 au·

183 1016 249 1077 pus
270 995 305 1057 in
321 992 571 1075 presbyterorum
592 996 682 1055 coetu.
712 991 815 1073 Atque
835 993 871 1055 id
890 993 997 1073 ipsum
1012 1011 1074 1072 pro
1096 995 1167 1054 iem
1218 989 1344 1067 diaiur,·
1372 990 1449 1069 qnia
1476 990 1560 1053 iram
1588 995 1692 1055 contra
1718 1012 1751 1054 se
1771 990 1878 1056 occulti
1898 992 2014 1056 iudicis
2035 991 2144 1073 eeiyit,
2166 991 2197 1056 si

184 1100 300 1162 parum
327 1080 503 1143 necessitate
529 1078 630 1159 fuisse
662 1076 796 1141 humano
825 1098 970 1142 caesaraea
998 1077 1166 1152 inductum,
1216 1075 1286 1138 sine
1306 1076 1409 1138 sonitu
1431 1076 1678 1155 praedicationis
1705 1078 1823 1141 incedit.
1868 1077 1913 1142 Ei
1934 1076 2027 1142 aiiii:
2041 1075 2070 1161 2)
2100 1097 2197 1157 quum

186 1167 325 1248 fatentur
353 1166 419 1246 ipsi
445 1169 566 1228 ueteres.
617 1162 671 1225 Ita
698 1162 910 1245 Hieronymus
940 1163 975 1226 in
1007 1162 1166 1244 epistolam
1219 1164 1346 1225 testatur
1370 1159 1495 1225 Paulus
1515 1183 1548 1226 se
1569 1163 1720 1227 mundum
1741 1184 1806 1228 esse
1828 1185 1848 1227 a
1874 1165 2027 1246 sanquine
2048 1164 2196 1243 amnium,

189 1252 232 1316 ad
258 1253 382 1316 Titum:
409 1250 505 1327 idem,
533 1249 649 1328 irrqrrit,
671 1248 829 1330 presbyter
855 1250 910 1329 qui
936 1250 1111 1330 episcopus,·
1140 1252 1168 1311 et
1220 1246 1254 1309 in
1279 1246 1336 1310 hac
1363 1266 1431 1310 voce
1459 1267 1515 1312 nos
1542 1249 1765 1328 convincimur,
1787 1270 1843 1314 nos
1864 1250 2117 1331 cmntrinyimur,
2140 1269 2197 1313 nos

189 1343 355 1417 antequam
381 1335 496 1400 diaboii
517 1335 665 1398 instinctu
694 1335 800 1398 studia
828 1335 863 1398 in
888 1335 1034 1418 rdiyionc
1051 1334 1166 1415 fierent,
1219 1331 1267 1395 rei
1287 1351 1352 1396 esse
1369 1333 1566 1413 osieudimm,
1588 1335 1643 1414 qui
1662 1336 1830 1400 sacerdotes
1852 1355 2004 1413 vocamur,
2026 1336 2081 1415 qui
2103 1355 2197 1415 super
2330 1340 2332 1348 '

188 1428 217 1486 et
242 1425 277 1486 in
300 1422 427 1504 populis
448 1422 614 1511 dicerene,
637 1439 689 1502 eqo
713 1419 825 1497 Pauli,
853 1440 904 1502 eya
928 1418 1063 1502 Orphae,
1091 1438 1169 1483 com·
1220 1438 1257 1481 ca
1277 1417 1364 1482 maia
1383 1439 1463 1499 qnae
1483 1421 1618 1500 propria
1639 1419 1785 1484 habemus
1806 1421 1926 1485 alienas
1947 1440 2064 1502 qnoque
2085 1425 2197 1484 mortes

189 1509 280 1572 muni
311 1506 438 1572 consilio
458 1505 708 1588 presbyterorum
741 1505 883 1569 ecdesiaa
907 1504 1166 1589 yubernabantur.
1221 1503 1383 1581 addimus;
1405 1505 1481 1584 quia
1502 1510 1543 1570 tot
1564 1506 1739 1585 occidimus,
1761 1511 1832 1587 quot
1854 1507 1896 1570 ad
1912 1511 2039 1570 moriem
2060 1506 2196 1585 irequo-

192 1593 305 1659 Postea
326 1599 361 1656 nt
382 1593 608 1655 dissensionum
630 1592 750 1654 semina
771 1591 981 1670 metiamtur,
1007 1591 1050 1656 ad
1070 1611 1169 1654 unum
1220 1589 1296 1654 tidie
1322 1590 1419 1670 tepidi
1445 1595 1472 1654 et
1498 1595 1627 1656 tacentes
1654 1592 1802 1656 uidemus.
1850 1592 1994 1657 Tacentes
2015 1613 2047 1655 se
2068 1596 2096 1655 et
2117 1591 2198 1655 alios

193 1681 295 1744 omnis
311 1678 483 1743 sollicitudo
501 1683 546 1741 est
562 1676 671 1741 delata.
701 1677 788 1741 Sicut
804 1698 873 1759 crya
884 1676 1057 1760 presbyteri
1068 1677 1169 1741 sciunt
1219 1680 1317 1764 ooqai,
1340 1677 1416 1756 qaia
1443 1677 1549 1741 urinus
1570 1677 1695 1742 assidui
1716 1684 1814 1743 essent
1834 1679 1869 1742 in
1891 1699 1992 1760 apere,
2014 1693 2108 1758 quam
2131 1697 2198 1741 con-

193 1789 235 1845 se,
264 1786 302 1829 ee
323 1764 463 1828 ecelesiae
490 1759 774 1841 mnueuttmset
794 1765 850 1843 qui
867 1769 991 1844 praeest
1012 1763 1167 1840 subiectos,
1220 1762 1343 1825 veniret.
1392 1763 1493 1842 &rum
1514 1783 1552 1826 ne
1573 1764 1616 1827 iis
1636 1765 1759 1843 quidem
1776 1770 1898 1847 parcat,
1921 1765 1976 1845 qui
1993 1763 2129 1846 officinm
2151 1763 2198 1827 di-

193 1853 240 1916 ita
261 1851 397 1933 episcopi
417 1850 555 1912 noverint
574 1869 607 1912 se
632 1849 735 1931 mayis
754 1849 981 1928 consuetudine,
1002 1869 1097 1930 quam
1118 1848 1168 1912 do
1219 1846 1320 1910 midia
1348 1867 1386 1910 erc
1408 1851 1500 1928 perte
1526 1849 1666 1932 ayebani,
1696 1850 1773 1931 quid
1791 1851 1950 1932 faciurum
1974 1850 2075 1931 fuisse
2091 1853 2198 1930 putas,

195 1938 329 2002 minicae
351 1935 565 2017 dispositionis
585 1934 710 1998 cordate
731 1933 920 2016 presbyteris
940 1954 1006 1999 esse
1026 1936 1168 2012 maiores,
1220 1933 1250 1996 si
1272 1933 1344 2013 quis
1363 1933 1398 1996 iu
1418 1937 1512 1996 totum
1533 1937 1704 2000 cessasset?
1753 1933 1861 2000 V'rduit
1886 1955 1956 2018 erqo
1984 1937 2040 2000 diu
2061 1935 2141 1999 illud
2161 1935 2199 1998 in

195 2030 222 2089 et
248 2025 283 2087 in
310 2041 467 2086 commune
493 2019 597 2085 debere
622 2019 778 2084 ecclesiam
810 2041 920 2103 repere.
969 2020 1059 2085 Alibi
1072 2019 1095 2105 ¹)
1124 2025 1170 2083 ta-
1220 2017 1372 2096 emsa,
1387 2023 1422 2082 ui
1445 2020 1574 2101 primae
1600 2021 1734 2102 episcopi
1761 2027 1871 2102 paries
1904 2026 2016 2100 esseni,
2044 2019 2199 2103 popncium

193 2129 262 2174 men
289 2108 385 2186 docet,
414 2127 509 2189 quam
533 2105 630 2186 fuerit
658 2106 822 2185 antiquum
849 2106 1031 2170 institutum.
1081 2105 1171 2170 Dicit
1220 2103 1309 2168 uerbo
1329 2103 1394 2168 Dei
1409 2124 1552 2186 pascere,
1579 2126 1634 2169 seu
1655 2107 1819 2188 aedificare
1841 2108 1995 2172 ecclesiam
2017 2106 2140 2188 publice
2161 2125 2199 2170 uc

192 2195 276 2260 enim
298 2192 520 2269 Alexandriae,
543 2212 564 2255 α
586 2190 698 2256 Marco
719 2191 905 2274 evanqoiista
926 2212 1024 2273 usque
1045 2193 1088 2257 ad
1106 2191 1170 2255 He·
1215 2190 1371 2272 priuatim
1392 2210 1472 2254 sana
1493 2191 1640 2255 doctrina.
2224 2197 2228 2205 '

192 2280 312 2345 ruciam
332 2285 360 2343 et
381 2278 586 2360 Dionysium,
603 2276 797 2360 presbyteros
818 2298 938 2359 semper
958 2299 1057 2342 unum
1078 2299 1116 2342 ee
1137 2297 1171 2341 se
1309 2279 1358 2339 54.
1413 2276 1500 2357 Quod
1525 2281 1627 2341 autem
1654 2277 1802 2360 sinyuiae¹
1817 2279 1998 2359 provinciae
2024 2298 2123 2341 unum
2143 2276 2198 2341 ha·

192 2366 316 2431 electum
337 2367 372 2427 in
393 2363 552 2429 excelsiori
571 2364 674 2446 yradn
695 2362 862 2440 collocasse,
885 2383 974 2444 quem
995 2365 1170 2447 episcopum
1221 2359 1327 2424 bebant
1352 2361 1432 2425 inter
1459 2362 1615 2443 episcopos
1645 2361 1923 2444 arehiepiscopum;
1958 2364 2039 2444 quod
2065 2365 2137 2428 item
2163 2364 2198 2427 in

192 2450 399 2516 nmninabant.
445 2448 607 2513 Habebunt
633 2468 702 2531 eryo
729 2449 869 2532 sirryuiae
890 2450 1027 2514 cimiaies
1043 2448 1170 2533 presby-
1220 2447 1351 2511 nicaena
1372 2447 1486 2528 mnodo
1509 2448 1664 2512 merum
1685 2453 1757 2512 sunt
1772 2448 1988 2530 patriarchae,
2018 2450 2072 2530 qui
2101 2454 2198 2514 essunt

192 2543 326 2602 muna
357 2535 529 2618 coiieyium,
569 2535 624 2615 qui
656 2539 799 2615 pastores
835 2540 924 2598 erant
960 2556 997 2599 ac
1028 2536 1170 2600 doctores.
1221 2532 1327 2597 ordine
1360 2537 1387 2597 et
1416 2534 1565 2615 diyniiate
1595 2534 1835 2617 archiepiscopis
1866 2536 2055 2616 superiores,
2088 2536 2123 2598 id
2156 2535 2199 2600 ad
2310 2590 2312 2592 .

194 2623 281 2687 Nam
303 2627 330 2687 et
350 2621 436 2720 apud
458 2619 612 2703 papulum
633 2640 750 2717 munus
770 2620 910 2719 docendi,
936 2621 1170 2719 enhartarrdiet
1222 2618 1407 2716 disciptinae
1436 2622 1691 2720 conservationem
1717 2619 1898 2703 pertinebat.
1951 2621 2145 2718 <quanquam¹
2162 2621 2198 2685 in

191 2705 1171 2874 nicomediensi..
1221 2703 1895 2788 nnn...
1936 2705 2199 2875 terte-nn

191 2900 300 2945 sacrae
325 2879 457 2943 militiae
490 2898 597 2942 nonren
630 2879 777 2942 dederant
806 2879 984 2944 mudmndis
1015 2879 1170 2945 narrabant
1221 2875 1298 2957 quid
1326 2877 1361 2940 in
1387 2877 1512 2942 ecclesia
1539 2879 1673 2960 qualibet
1697 2879 1858 2957 incideret,
1891 2878 1972 2960 quod
2004 2898 2065 2942 nan
2092 2881 2197 2958 posset

191 2986 326 3046 operam.
378 2963 549 3045 Unicuique
570 2964 687 3028 civitati
714 2969 781 3028 erat
799 2965 947 3030 attributa
968 2971 1049 3031 ceria
1076 2967 1168 3049 reyio,
1221 2961 1293 3027 bene
1313 2984 1334 3026 a
1359 2966 1477 3044 paucis
1496 2965 1650 3046 erpediri,
1678 2964 1720 3028 ad
1740 2965 1891 3048 synodum
1906 2963 2131 3047 provincialem
2151 2980 2198 3029 re

191 3072 272 3134 quae
292 3049 485 3132 presbyteros
512 3050 584 3114 inde
610 3055 756 3129 sumeret,
782 3056 809 3114 et
833 3051 915 3116 uelut
941 3052 1062 3133 corpori
1084 3051 1169 3116 ecde-
1218 3049 1361 3132 ferretrrr.
1408 3048 1446 3113 Si
1471 3051 1650 3132 maynitudo
1677 3056 1733 3115 aut
1764 3051 1935 3134 difficultas
1962 3069 2076 3114 causae
2100 3049 2198 3115 maio-

190 3139 259 3201 siae
280 3136 369 3199 iliius
391 3140 604 3200 accenseretur.
651 3135 794 3219 Stupuia,
816 3137 949 3217 uldini,
972 3138 1097 3221 colimne
1112 3157 1170 3220 po-
1219 3155 1285 3199 rem
1307 3155 1424 3217 quoque
1445 3136 1669 3201 discussionem
1684 3137 1876 3219 postularet,
1900 3136 2124 3202 adhibebantur
2138 3156 2199 3217 pa·

191 3223 280 3288 litiae
308 3226 428 3285 tantum
455 3226 483 3285 et
508 3223 602 3303 pacis
630 3223 854 3287 conseruandae
878 3225 985 3306 qratia
1010 3225 1067 3288 uni
1089 3224 1169 3306 epis
1220 3220 1376 3286 triarchae
1395 3242 1461 3286 una
1482 3242 1552 3286 cum
1573 3222 1715 3304 synodis,
1738 3245 1760 3288 α
1780 3223 1892 3305 quibus
1912 3244 1973 3287 non
1996 3227 2072 3287 esset
2087 3241 2199 3303 prone

191 3329 263 3391 copo
285 3307 445 3384 suberant,
475 3308 531 3387 qui
559 3308 606 3371 sic
633 3307 713 3371 aiios
740 3309 889 3391 diqniiate
909 3310 1113 3389 annaeum,
1134 3315 1169 3374 ut
1220 3308 1315 3386 catio,
1350 3308 1415 3372 nisi
1441 3308 1483 3372 ad
1509 3308 1684 3373 universale
1716 3310 1887 3375 mmiiium.
1940 3309 2199 3376 Gubernationcm

190 3397 328 3476 fratrum
361 3394 456 3457 coetui
488 3392 695 3458 subiicereiur.
749 3394 836 3475 Quod
872 3396 903 3459 si
941 3397 1075 3478 anmlior
1102 3401 1170 3461 erat
1220 3394 1266 3458 sic
1287 3394 1480 3457 constitutam
1501 3394 1642 3459 nonnulli
1662 3393 1872 3461 hierarchiam
1889 3399 2044 3470 uocarunt,
2066 3393 2197 3470 nomme,

73 3478 76 3483 ’
191 3502 277 3562 ayer,
306 3481 362 3561 qui
381 3478 439 3543 sub
460 3480 529 3544 eius
554 3481 731 3578 episcopatu
751 3487 831 3560 erat,
861 3502 956 3562 quam
974 3488 1010 3546 ni
1029 3483 1170 3564 sufficere
1220 3485 1255 3543 ut
1274 3478 1355 3544 mihi
1376 3480 1510 3558 uidetm,
1537 3482 1723 3563 improprio,
1752 3486 1826 3545 certe
1853 3479 2018 3562 scripturis
2039 3477 2197 3542 inusitato.

191 3566 333 3630 munibus
365 3566 498 3648 episcopi
530 3568 649 3630 mumis
686 3565 797 3647 rubique
817 3573 945 3649 posset,
972 3590 1034 3650 per
1064 3570 1169 3651 ipsum
1223 3564 1337 3630 Gaocre
1361 3566 1444 3629 enim
1470 3567 1567 3631 noluit
1592 3567 1726 3648 spiritus
1751 3572 1890 3645 sanctus,
1920 3586 1958 3629 ne
1984 3564 2055 3645 quis
2076 3562 2198 3645 princi-

122 3702 132 3720 .
191 3673 302 3735 aprum
334 3651 578 3735 desipiebantur
609 3653 700 3716 certis
730 3652 804 3717 locis
829 3652 1016 3736 presbyteri,
1049 3655 1104 3736 qui
1134 3655 1169 3719 in
1214 3656 1328 3733 patum
1350 3657 1405 3716 aut
1424 3651 1663 3717 dominationem
1683 3654 1858 3731 somniaret,
1880 3672 1977 3731 quum
2000 3650 2036 3714 de
2057 3648 2199 3714 emlesiae

192 3738 364 3802 minoribus
391 3739 520 3820 neyatiis
547 3739 615 3802 eius
641 3740 722 3802 uices
749 3738 872 3803 obirerd
922 3739 990 3805 Eas
1024 3740 1169 3805 vocabant
1218 3736 1437 3821 yubcncatione
1457 3739 1571 3820 ayitm.
1622 3738 1749 3817 Verum,
1777 3740 1808 3802 si
1834 3759 1899 3802 rem
1920 3738 2033 3803 omisso
2055 3733 2199 3800 cuman

193 3823 432 3906 chorepiscopos,
460 3824 542 3905 quod
562 3844 622 3903 per
649 3826 754 3905 ipsam
770 3826 967 3906 prouinciam
992 3828 1169 3910 episcopum
1220 3823 1392 3903 iutuemur,
1420 3825 1609 3906 reperiemus
1635 3829 1748 3889 ueteres
1774 3825 1930 3906 episcopos
1950 3843 2010 3887 nan
2032 3821 2132 3885 aliam
2152 3841 2199 3886 rc·

194 3910 470 3991 repraesentabant.
1218 3909 1336 3991 pendae
1357 3907 1498 3974 ecciesiae
1521 3911 1657 3992 immam
1679 3910 1812 3975 noluisse
1831 3911 1960 3993 Jinqere,
1983 3907 2023 3971 ab
2045 3929 2082 3972 ea
2103 3927 2198 3988 quam

281 4000 330 4058 53.
378 3994 440 4059 Sed
470 3999 620 4077 quantum
651 3995 694 4057 ad
726 3995 862 4077 officium
889 3999 1009 4077 attinet,
1042 3999 1079 4063 de
1110 4018 1169 4079 quo
1221 3994 1379 4059 Dominus
1399 3995 1487 4059 aerbo
1507 4017 1563 4062 suo
1579 3996 1794 4078 praescripsit.

192 4101 274 4144 nunc
302 4082 439 4164 aqimus,
470 4088 534 4144 term
556 4081 730 4161 episcopum
758 4103 852 4163 quam
872 4084 1066 4166 presbyteros
1086 4083 1169 4149 uerbi
1309 4085 1358 4144 55.
1405 4080 1470 4145 Nec
1491 4083 1557 4146 alia
1579 4088 1650 4146 tunc
1675 4083 1740 4164 suit
1766 4082 1965 4147 diaconorum
1986 4085 2081 4160 ratio,
2104 4101 2199 4163 quam

192 4171 221 4230 et
260 4172 519 4230 sacramentorum
557 4166 781 4247 dispensationi
819 4170 990 4235 incumbere
1028 4171 1168 4252 oportuit.
1222 4165 1279 4230 sub
1305 4166 1459 4248 apostolis.
1513 4168 1685 4233 Oblationes
1713 4169 1796 4232 enim
1820 4168 1962 4250 fidelium
1990 4168 2197 4248 quotidianas,

194 4252 282 4316 Nam
305 4250 519 4318 Alexandriae
543 4257 678 4329 tanturn,
706 4255 851 4332 quoniam
872 4256 937 4336 illic
958 4256 1062 4321 Arius
1083 4256 1170 4321 eccle
1222 4258 1249 4317 et
1270 4273 1391 4318 annuos
1412 4254 1554 4319 eodmiae
1569 4259 1739 4337 moreius
1759 4254 1952 4337 recipiebant,
1975 4260 2010 4318 ut
2031 4253 2199 4334 coniurent

192 4340 276 4402 siam
304 4336 492 4418 turbaverat,
521 4340 696 4402 institutum
716 4338 794 4418 suit,
822 4362 860 4405 ne
877 4341 1037 4426 presbyter
1057 4343 1170 4407 concio
1221 4340 1257 4403 in
1274 4360 1362 4403 ueros
1387 4360 1481 4418 usus,
1504 4341 1539 4405 id
1561 4347 1619 4419 est,
1642 4342 1765 4422 partim
1786 4342 1957 4419 ministris,
1980 4340 2098 4422 partim
2113 4359 2197 4418 pau-

192 4445 261 4487 nem
283 4424 326 4488 ad
348 4424 501 4504 populum
521 4425 656 4503 haberet,
678 4428 713 4487 ut
734 4426 781 4488 ait
803 4426 942 4494 Socrates
962 4429 1039 4494 libra
1064 4434 1092 4494 9.
1114 4429 1188 4493 iri·
1217 4425 1347 4506 peribus
1367 4425 1488 4491 alendis
1514 4427 1744 4506 distribuerent,
1769 4428 1904 4510 episcopi
1930 4432 2030 4489 tannen
2051 4423 2197 4503 arbitrio;

186 4511 321 4590 peritiae
348 4508 503 4574 historiae.
551 4510 637 4592 Quod
665 4515 767 4574 tamen
793 4513 899 4593 ipsum
921 4514 1169 4599 Hieronymus²)
1222 4513 1273 4575 cui
1299 4516 1327 4576 et
1352 4514 1538 4578 oeconomiae
1565 4534 1641 4578 suae
1670 4515 1806 4578 rationes
1831 4512 1996 4595 quotannis
2024 4508 2196 4573 reddebant.

192 4594 253 4660 sibi
281 4594 445 4676 displicere
471 4617 532 4661 non
559 4596 747 4660 dissimulat.
793 4596 878 4663 (tene
908 4602 1010 4665 instar
1034 4603 1170 4683 portenti
1224 4598 1311 4661 Nam
1331 4599 1413 4679 quod
1433 4619 1562 4664 canorus
1583 4599 1760 4682 episcopum
1780 4599 1890 4679 ubique
1910 4596 2030 4678 sumunt
2051 4595 2198 4659 bonorum

192 4681 333 4745 habitum
355 4687 439 4759 esset,
461 4684 491 4746 si
513 4683 585 4762 quis
605 4703 638 4747 se
654 4703 715 4764 pro
736 4683 874 4765 episeopo
895 4689 1091 4765 uenditasset,
1114 4689 1170 4768 qui
1221 4683 1362 4749 ecciesiae
1379 4685 1630 4767 dispensatorem,
1647 4706 1707 4749 non
1724 4687 1770 4749 ita
1787 4683 2015 4765 inteiiiqendum
2032 4686 2085 4759 est,
2103 4681 2198 4762 qnasi

191 4788 253 4831 non
279 4767 371 4831 eiiam
397 4769 529 4850 reipsa
550 4768 735 4833 exhibuisset
762 4790 869 4833 verum
890 4772 1072 4851 mucymus.
1116 4772 1169 4836 Ea
1220 4770 1364 4850 ipseper
1385 4791 1418 4834 se
1438 4770 1908 4853 eamsoliiciiudinemqesserit,
1929 4767 1983 4831 sed
1999 4767 2076 4847 quia
2092 4768 2197 4848 ipsius

52 4871 65 4879 “
191 4859 290 4936 nyrtrrr
322 4854 386 4935 snit
416 4859 587 4936 tempmum
619 4855 746 4919 iliorum
772 4857 932 4933 seueritas,
966 4863 1001 4920 ut
1031 4858 1171 4920 ministri
1221 4859 1286 4918 erat
1312 4857 1524 4937 praescribere
1554 4858 1697 4935 diacona,
1730 4858 1784 4936 qui
1813 4857 1855 4929 in,
1869 4852 2029 4934 publicam
2057 4853 2198 4917 ecciesiae
2325 4875 2331 4897 =

192 4959 294 5003 omues
316 4941 571 5024 adimplendum
591 4961 715 5019 munus,
740 4943 831 5022 quale
847 4942 890 5005 ‘ab
911 4943 991 5022 ipsis
1011 4941 1170 5006 Dominus
1221 4940 1405 5004 alimoniam
1438 4944 1607 5026 recipiendi
1639 4947 1752 5019 essent,·
1791 4941 1828 5005 de
1861 4960 1893 5004 eo
1925 4938 2007 5020 quod
2036 4939 2197 5003 residuum

193 5026 338 5103 requirit,
368 5027 574 5109 adipererrtnr.
621 5027 686 5090 Nec
711 5029 808 5091 rrrrius
834 5033 955 5092 tantum
977 5029 1087 5093 aetatis
1108 5049 1170 5093 mo
1220 5031 1295 5103 erat,
1318 5026 1431 5107 quibus
1452 5035 1480 5094 et
1499 5034 1650 5109 quantum
1671 5029 1779 5106 crriqae
1799 5026 1987 5109 eroyandnm
2009 5029 2099 5089 esset:
2120 5023 2197 5106 quia

261 5298 291 5365 1)
308 5300 433 5368 Epistola
451 5301 485 5351 ad
503 5299 659 5367 Evagrium.
729 5299 759 5364 2)
775 5300 901 5371 Epistola
918 5304 953 5356 sd
970 5301 1125 5371 Evugrium.
1293 5299 1322 5368 1)
1339 5300 1427 5368 Epist.
1446 5300 1488 5355 24.
1559 5300 1590 5371 2)
1607 5301 1707 5355 Homil.
1726 5301 1754 5353 in
1772 5301 1869 5354 Enoch.
1888 5299 1929 5352 11.
