4732 6030
240 353 304 414 903
814 345 1081 414 INSTITIJHO
1103 347 1208 412 RDL.
1230 345 1411 412 OHRIST.
1436 349 1666 413 lesa-1554.
2182 351 2251 412 904

1877 461 2120 531 A272;13375;
2140 459 2252 515 0377.

209 538 357 622 'quibus
385 538 493 601 oculos
521 537 648 619 aperuit
675 537 781 615 Deus,
808 543 847 600 ut
873 538 910 600 in
940 557 998 601 suo
1020 536 1144 599 lumine
1166 535 1217 600 lu·
1355 537 1384 598 3.
1431 533 1617 614 Sedenim,
1640 448 1920 619 dicetquispidm,
1951 557 2060 602 annon
2082 539 2152 603 sino
2174 558 2251 602 mo-

241 645 317 688 men
349 623 492 687 videant.
523 624 722 704 ‘Postquam
758 643 836 686 vero
868 622 933 687 fide
965 622 1071 686 edocti
1103 643 1216 685 sumus
1268 621 1374 684 nitore
1396 621 1495 684 etiam
1516 623 1616 699 novit,
1639 628 1673 685 et
1693 643 1757 703 qua
1777 630 1871 705 parte
1891 644 2082 706 urgeamur,
2111 622 2251 705 etquid

158 758 160 762 .
240 729 425 792 agnoscere,
447 706 605 791 quidquid
625 709 720 773 nobis
736 728 868 773 necesse
885 715 936 772 est
951 708 1107 789 nobisque
1129 706 1216 789 apud
1268 705 1361 771 nobis
1383 706 1542 789 expediat,
1565 715 1602 770 ut
1624 728 1860 788 supervacuum
1882 708 2118 790 quodammodo
2137 708 2252 774 videri

239 816 298 858 nos
321 793 425 872 deest,
453 793 487 857 id
509 794 545 858 in
571 794 644 858 Deo
671 815 742 859 esse
770 814 807 858 ao
834 794 977 858 Domino
1005 799 1116 857 nostro
1139 793 1216 856 Iesu
1268 798 1374 873 queat,
1397 793 1505 874 ipsum
1527 793 1676 874 precibus
1698 795 1818 858 nostris
1840 794 2015 872 sollicitari,
2037 794 2172 876 perinde
2195 801 2250 859 at

240 878 390 958 Christo,
420 880 457 942 in
478 900 542 961 quo
570 880 693 944 scilicet
714 900 844 943 omnem
864 901 942 944 suae
962 878 1125 961 largitatis
1146 878 1216 960 ple·
1268 898 1330 959 que
1352 879 1589 955 conniventem,
1609 880 1783 943 autetiam
1801 879 2025 956 dormientem,
2045 881 2147 945 donee
2165 903 2250 946 voce

239 964 423 1030 nitudinem
449 973 543 1047 pater
564 964 708 1029 residere
731 965 848 1043 voluit,
879 971 916 1029 ut
934 964 1026 1042 inde,
1057 963 1148 1029 velut
1174 985 1216 1027 ex
1267 970 1380 1027 nostra
1402 964 1649 1046 expergefactus
1668 965 1786 1028 fuerit?
1832 966 1974 1045 Verum,
1997 967 2052 1048 qui
2076 967 2122 1031 sie
2144 969 2249 1032 ratio-

238 1050 405 1115 uberrimo
430 1050 519 1115 fonte
551 1051 741 1115 hauriamus
774 1071 899 1114 omnes:
933 1058 1082 1132 superest
1116 1050 1216 1112 utin
1267 1050 1430 1125 ninantur,
1458 1070 1554 1130 quem
1575 1050 1612 1112 in
1632 1051 1732 1114 finem
1755 1047 1829 1116 subs
1852 1051 1892 1115 ad
1914 1052 2073 1115 orandum
2094 1052 2249 1118 institue-

238 1137 310 1220 ipso
337 1157 546 1219 quaeramus,
581 1143 615 1201 et
647 1136 688 1200 ab
720 1138 790 1219 ipso
821 1137 972 1218 precibus
1004 1135 1214 1218 postulemus,
1267 1135 1313 1198 rit
1339 1134 1517 1212 Dominus,
1545 1156 1611 1198 non
1640 1136 1914 1201 animadvertunt..
1959 1138 2072 1218 Neque
2100 1139 2188 1202 onim
2211 1138 2249 1202 id

240 1221 327 1304 quod
353 1222 390 1285 in
417 1223 488 1303 ipso
513 1243 583 1287 esse
612 1222 791 1287 didicimus.
836 1222 969 1304 Alioqui
996 1222 1078 1286 scire
1105 1220 1216 1285 Deam
1268 1221 1449 1301 meipsius,
1469 1219 1525 1284 sed
1547 1229 1659 1284 nostra
1676 1224 1784 1303 potius
1802 1243 1901 1287 causa
1917 1224 2089 1287 ordinavit.
2122 1223 2247 1305 Quare,

239 1309 400 1373 bonorum
419 1309 565 1372 omnium
592 1306 761 1371 dominum
781 1329 819 1372 ao
844 1307 1050 1391 largitorem,
1079 1307 1135 1388 qui
1156 1327 1216 1370 uos
1268 1306 1398 1369 tametsi
1420 1304 1513 1369 nobis
1536 1305 1576 1370 ad
1599 1307 1746 1372 miserias
1767 1317 1895 1373 nostras
1918 1308 2055 1390 stupidis
2077 1318 2111 1374 et
2128 1311 2247 1375 hebes·

240 1393 283 1458 ad
305 1413 340 1458 se
361 1393 560 1476 poscendum
580 1393 706 1470 invitet,
735 1394 844 1475 ipsum
865 1414 943 1459 vero
964 1414 1025 1457 neo
1044 1391 1134 1456 adire
1155 1413 1216 1456 nec
1269 1390 1417 1455 centibus
1439 1391 1508 1471 ipse
1529 1411 1589 1472 pro
1609 1393 1703 1457 nobis
1725 1393 1841 1477 vig'lat
1862 1402 1895 1457 et
1916 1395 2064 1472 excubat,
2088 1393 2126 1461 ac
2143 1397 2247 1461 inter-

239 1499 381 1562 poscere,
405 1478 484 1542 adeo
507 1500 574 1563 non
595 1478 771 1560 prodesset,
798 1486 837 1542 ut
857 1478 991 1561 perinde
1011 1477 1046 1541 id
1068 1479 1216 1541 futurum
1268 1475 1347 1539 dum
1364 1497 1490 1558 quoque
1508 1477 1669 1541 succurrit
1685 1500 1752 1541 non
1769 1480 1947 1558 invocatus,
1963 1483 1987 1563 ¹)
2004 1488 2117 1546 nostra
2133 1489 2247 1548 tamen

240 1566 291 1642 sit,
311 1586 349 1630 ao
370 1565 397 1629 si
419 1565 492 1646 quis
513 1564 694 1629 indicatum
716 1564 917 1642 thesaurum,
941 1564 1033 1628 humi
1051 1564 1215 1645 sepultum
1266 1562 1445 1643 plurimum
1466 1563 1615 1640 interest,
1639 1564 1768 1628 assidue
1785 1565 1893 1647 ipsum
1915 1566 2045 1631 anobis
2066 1567 2245 1650 implorari,

240 1672 277 1715 ac
305 1649 470 1715 defossum
496 1651 652 1733 negligat
700 1649 840 1714 Proinde
860 1651 1032 1729 apostolas,
1059 1654 1096 1712 ad
1120 1654 1216 1714 osten·
1266 1657 1305 1711 ut
1326 1649 1409 1712 serio
1432 1647 1623 1729 ardentique
1643 1650 1712 1714 eius
1735 1671 1863 1732 semper
1883 1651 2074 1733 quaerendi,
2101 1654 2246 1732 amandi,

239 1736 322 1801 aare
342 1737 472 1801 otiosam
493 1758 515 1800 a
536 1735 601 1800 Dei
621 1736 811 1799 invocatione
832 1756 896 1800 ease
916 1756 978 1799 aare
992 1754 1087 1814 posse
1108 1755 1215 1799 cerem
1267 1733 1408 1811 colendi,
1444 1732 1602 1798 desiderio
1635 1755 1690 1798 cor
1721 1744 1870 1800 nostrum
1898 1738 2130 1818 inflammetur,
2164 1740 2248 1804 dum

229 1822 339 1906 fidens,
362 1820 443 1885 Isaac
465 1822 604 1886 ordinem
619 1822 743 1900 posca:
769 1823 850 1885 sieta
877 1841 916 1886 ea
937 1820 1092 1902 aeaeae
1113 1821 1215 1884 nosci-
1267 1820 1483 1884 assuescimus
1509 1818 1551 1883 ad
1576 1820 1700 1901 ipsum,
1734 1822 1825 1886 velut
1851 1821 1893 1886 ad
1926 1821 2052 1888 sacram
2078 1845 2246 1905 ancoram,

237 1913 290 1972 tar
315 1906 409 1986 fides,
442 1909 488 1971 sic
513 1927 569 1988 per
596 1926 679 1983 eam,
713 1908 755 1971 ad
781 1907 987 1971 lacesendum
1006 1905 1070 1969 Dec'
1096 1926 1213 1983 aenea,
1267 1905 1302 1968 in
1335 1905 1424 1968 omni
1455 1905 1649 1970 necessitate
1687 1907 1870 1990 confugere.
1922 1908 2051 1972 Deinde
2082 1919 2119 1974 ut
2151 1911 2248 1976 nulla

238 1993 333 2058 corda
360 1997 469 2056 ababa
493 1992 630 2074 fermari
657 1991 923 2075 (Rem.10,14).
967 1991 1070 2073 Atque
1091 1992 1145 2056 bec
1166 1993 1216 2071 ip
1267 1989 1435 2072 cupiditas,
1458 1990 1649 2072 nullumque
1666 1993 1797 2056 omnino
1814 2001 1927 2058 votum
1939 1995 2085 2059 animum
2096 2003 2247 2062 nostrum

238 2098 310 2144 aaa
332 2082 390 2156 est,
424 2078 506 2158 qaod
534 2078 693 2158 clamato
722 2083 792 2142 arcte
817 2078 926 2161 (Rom.
946 2082 975 2156 8,
995 2075 1051 2159 26)
1079 2079 1212 2154 damet,
1267 2076 1395 2153 subeat,
1424 2077 1517 2141 cuius
1545 2097 1611 2139 non
1638 2077 1746 2158 ipsum
1774 2086 1890 2143 testem
1920 2080 2027 2145 lacere
2049 2081 2245 2162 audeamus;

238 2164 389 2244 spiritam
410 2163 598 2242 adeptionis,
627 2164 682 2243 qai
711 2164 917 2228 admonium
942 2162 1095 2245 evangelli
1116 2163 1214 2226 corde
1267 2160 1346 2225 dum
1372 2169 1449 2226 vota
1476 2167 1589 2226 nostra
1616 2164 1725 2227 omnia
1751 2185 1859 2228 coram
1887 2167 1956 2229 eius
1990 2166 2091 2231 oculis
2120 2169 2245 2247 sistere,

238 2250 297 2314 tas
317 2249 434 2313 nostris
455 2249 607 2331 stagnat,
636 2249 753 2331 crc'pere
775 2251 909 2330 spallas
928 2255 1062 2326 noeros,
1088 2254 1124 2312 at
1144 2244 1215 2312 cote
1267 2246 1410 2328 adeoque
1430 2254 1534 2311 toturn
1556 2268 1611 2312 cor
1632 2248 1800 2314 effimdere
1822 2249 1985 2315 discimus.
2031 2253 2117 2316 'Pum
2143 2263 2183 2317 ut
2203 2255 2247 2318 ad

238 2355 300 2399 saa
321 2354 468 2414 emonem
489 2333 557 2398 Deo
579 2335 729 2416 aadeoat,·
748 2336 881 2399 arctare
899 2335 1033 2418 pambas
1049 2335 1214 2398 iaeaarra
1266 2332 1425 2398 beneficia
1452 2334 1521 2397 eius
1546 2353 1626 2397 vera
1654 2335 1756 2399 animi
1778 2336 1992 2418 gratitudine,
2021 2345 2118 2420 atque
2146 2341 2247 2406 etiam

238 2420 330 2499 biles,
357 2419 492 2483 demere
512 2439 583 2483 cam
607 2419 741 2501 fiducia:
766 2420 870 2501 Acca,
894 2426 993 2503 poter.
1042 2421 1116 2485 Hoc
1137 2440 1215 2503 ergo
1267 2419 1449 2501 gratiarum
1470 2419 1595 2484 actione
1618 2420 1809 2503 excipienda
1831 2442 2071 2504 comparemur,
2098 2446 2182 2507 quae
2205 2426 2247 2491 ab

238 2513 453 2588 postremum,
489 2506 565 2586 quia
590 2505 695 2570 obiter
723 2505 884 2571 duntaxat
910 2513 986 2571 ante
1014 2505 1152 2583 dictum,
1182 2512 1217 2569 et
1268 2504 1337 2568 eius
1358 2525 1459 2568 manu
1480 2505 1573 2569 nobis
1594 2507 1766 2585 provenire
1787 2514 1899 2571 nostra
1924 2510 2111 2590 precatione
2133 2511 2247 2576 admo-

239 2592 332 2674 quasi
350 2590 467 2656 leviter
488 2598 647 2657 attactum
669 2598 727 2669 est,
750 2614 840 2657 nunc
860 2593 963 2657 fusius
985 2591 1120 2656 tractari
1137 2611 1215 2656 con·
1267 2610 1392 2653 namur.
1428 2589 1483 2653 Ad
1502 2590 1593 2668 haec,
1617 2591 1703 2672 quod
1725 2593 1915 2673 petebamus
1938 2597 2134 2677 consequuti,
2158 2598 2246 2662 votis

238 2678 338 2743 venit.
1267 2676 1388 2740 nostris
1421 2676 1529 2757 ipsum
1565 2676 1770 2759 respondisse
1802 2680 1994 2762 cogitemus,
2033 2680 2166 2763 ideoque
2199 2683 2246 2746 ad

324 2765 353 2832 2.
399 2762 489 2845 Ergo
517 2761 552 2825 id
579 2762 735 2827 orationis
770 2764 954 2828 obtinemus
980 2763 1150 2840 beneficio,
1178 2769 1217 2826 ut
1267 2760 1490 2825 meditandam
1523 2762 1593 2826 eius
1622 2761 1856 2846 benignitatem
1893 2763 2061 2831 ardentius
2087 2767 2246 2847 feramur,

238 2848 281 2913 ad
302 2869 367 2926 eas,
390 2868 472 2929 quac
494 2848 588 2912 nobis
610 2848 697 2930 apud
717 2848 889 2915 coelestem
906 2855 1034 2931 patrem
1054 2848 1215 2930 repositae
1268 2853 1302 2910 et
1329 2846 1427 2911 simul
1453 2847 1569 2911 maiori
1595 2869 1670 2912 cum
1702 2848 1869 2931 voluptate
1902 2851 2125 2933 amplexemur
2160 2875 2248 2934 quae

239 2941 327 3012 sunt,
354 2954 432 3016 opes
458 2940 675 3015 penetremus.
719 2936 782 3000 Est
809 2934 897 2999 enim
924 2939 1090 3016 quaedam,
1109 2933 1215 2997 homi-
1266 2932 1416 3013 precibus
1438 2933 1644 3016 agnoscimus
1665 2934 1763 2999 fuisse
1789 2935 1972 3016 impetrata
2015 2938 2186 3003 Postremo
2208 2947 2249 3004 ut

238 3041 319 3084 num
340 3040 416 3085 cum
436 3019 509 3083 Deo
530 3020 789 3097 communicatio,
812 3041 878 3103 qua
893 3020 1115 3085 sanctuarium
1133 3018 1215 3084 coeli
1267 3018 1337 3082 eius
1363 3017 1568 3100 providentia
1601 3020 1718 3084 animis
1743 3022 1863 3085 nostris
1889 3022 1983 3086 iuxta
2012 3023 2247 3090 imbecillitatis

238 3105 379 3188 ingressi
406 3103 446 3167 de
473 3105 541 3169 suis
571 3106 740 3187 promissis
772 3105 868 3170 illum
894 3127 1004 3176 coram
1032 3105 1213 3192 appellant:
1266 3110 1397 3168 nostrae
1424 3102 1559 3167 modum
1586 3106 1814 3182 confirmetur,
1847 3105 1926 3170 dum
1952 3109 2167 3192 intelligimus
2194 3112 2246 3193 ip-

239 3198 277 3254 ut
298 3189 384 3271 quod
405 3189 505 3254 verbo
527 3189 688 3255 duntaxat
714 3192 872 3256 annuenti
894 3191 1118 3268 crediderunt,
1146 3211 1214 3254 non
1267 3210 1340 3253 sum
1362 3210 1429 3253 non
1450 3189 1545 3252 modo
1567 3190 1719 3271 polliceri,
1747 3212 1782 3255 se
1804 3213 1972 3275 nunquam
1994 3195 2087 3259 nobis
2115 3195 2246 3260 defutu-

238 3276 339 3340 fuisse
361 3296 493 3354 vanum,
516 3276 572 3340 ubi
592 3279 768 3343 necessitas
789 3279 836 3343 ita
856 3277 1013 3360 postulat,
1041 3277 1214 3359 experiari·
1266 3296 1355 3352 rum,
1384 3274 1442 3339 sed
1471 3274 1598 3339 aditum
1624 3275 1711 3339 ultro
1739 3276 1781 3340 ad
1808 3298 1843 3342 se
1866 3278 2096 3360 appellandum
2117 3281 2248 3364 inipso

238 3368 301 3426 tur.
346 3361 462 3443 Itaque
484 3362 577 3426 nobis
603 3364 740 3447 proponi
767 3363 850 3426 nihil
879 3362 1028 3429 videmus
1057 3363 1214 3427 aDomi-
1267 3360 1471 3425 necessitatis
1493 3360 1630 3425 articulo
1651 3363 1843 3444 patefacere.
1888 3365 1956 3430 Eas
1974 3365 2014 3430 ob
2031 3387 2084 3432 res
2103 3367 2248 3432 clemen-

238 3469 281 3512 no
307 3447 577 3529 exspectandum,
611 3448 697 3531 quod
725 3470 793 3513 non
814 3457 848 3513 et
869 3449 1019 3531 precibus
1044 3448 1214 3513 iubeamur
1266 3446 1413 3510 tissimus
1433 3452 1536 3528 pater,
1560 3453 1723 3529 uteunque
1744 3470 1914 3530 nunquam
1933 3450 1987 3514 vel
2009 3451 2159 3530 dormiat,
2190 3454 2247 3519 vol

238 3533 412 3615 postulare.
456 3533 549 3597 Adeo
568 3555 684 3599 verum
704 3542 766 3612 est,
795 3536 940 3599 oratione
962 3533 1059 3599 effodi
1080 3534 1214 3598 thesau-
1266 3538 1401 3612 torpeat,
1426 3531 1616 3597 dormientis
1637 3539 1747 3597 tamen
1769 3536 1990 3617 torpentisquc
2011 3539 2153 3620 speciem
2175 3540 2246 3621 ple

237 3640 308 3695 ros,
340 3640 420 3700 quos
447 3620 616 3703 evangelio
640 3621 775 3684 Domini
809 3620 967 3686 indicatos
993 3619 1075 3684 fides
1101 3627 1215 3684 nostra
1265 3637 1403 3699 rumque
1423 3617 1565 3699 praebet,
1588 3639 1651 3700 quo
1672 3619 1720 3683 ita
1735 3618 1777 3682 ad
1795 3640 1830 3684 se
1846 3621 2033 3702 petendum,
2051 3623 2246 3708 rogandum,

237 3703 358 3767 intuita
390 3704 496 3769 fuerit.
541 3707 614 3770 Iam
642 3727 721 3770 vero
754 3728 852 3789 quam
880 3707 1065 3771 necessaria
1091 3706 1147 3784 sit,
1182 3713 1215 3769 et
1265 3702 1480 3786 flagitandum
1499 3724 1619 3786 magno
1640 3711 1750 3769 nostro
1771 3705 1864 3783 bono,
1891 3728 1953 3771 nos
1975 3708 2095 3791 alioqui
2116 3709 2247 3776 desides

238 3795 319 3870 quot
348 3788 453 3853 modis
487 3791 578 3856 utilis
611 3792 654 3857 sit
686 3792 841 3874 precandi
874 3792 1076 3868 exercitatio,
1113 3791 1214 3855 nullis
1266 3797 1299 3854 et
1317 3790 1455 3871 ignavos
1477 3797 1634 3853 exerceat.
1679 3790 1829 3854 Nimium
1856 3813 1933 3874 ergo
1961 3794 2085 3859 insulse
2106 3795 2155 3859 illi
2178 3798 2246 3879 qui,

239 3873 348 3939 verbis
369 3875 448 3939 satis
459 3884 565 3957 potest
582 3877 746 3959 explicari.
791 3878 866 3942 Non
884 3879 924 3943 ab
942 3898 978 3942 re
995 3885 1046 3941 ost
1061 3876 1213 3959 profecto,
1265 3882 1303 3938 ut
1324 3874 1494 3938 hominnm
1515 3875 1641 3939 animos
1663 3876 1703 3940 ab
1726 3877 1871 3943 oratione
1893 3888 2054 3957 revocent,
2082 3880 2147 3945 Dei
2169 3904 2247 3965 pro-

240 3958 327 4040 quod
348 3959 511 4025 Dominus
541 3962 676 4027 unicum
703 3964 739 4027 in
768 3965 819 4028 sui
847 3963 987 4027 nominis
1010 3963 1213 4027 invocatione
1265 3960 1459 4037 videntiam,
1492 3981 1603 4024 rerum
1638 3963 1782 4024 omnium
1820 3963 1985 4028 custodiae
2017 3966 2246 4046 excubantem,

239 4044 356 4109 salutis
377 4046 576 4127 praesidium
593 4070 663 4113 esse
686 4055 834 4128 testatur,
857 4070 921 4132 qua
934 4049 957 4134 ¹)
980 4048 1104 4113 scilieet
1119 4068 1213 4130 prae·
1265 4045 1388 4109 frustra
1421 4046 1542 4110 nostris
1569 4046 1886 4127 interpellationibus
1914 4049 2046 4132 fatigari
2073 4054 2246 4134 garriunt;

239 4131 389 4208 sentiam,
412 4138 445 4195 et
465 4133 688 4214 providentiae
715 4135 798 4214 eius,
826 4156 885 4217 per
910 4156 1009 4218 quam
1037 4134 1134 4198 rebus
1156 4155 1213 4197 no-
1265 4152 1366 4213 quum
1387 4153 1452 4196 non
1473 4132 1596 4196 frustm
1616 4132 1778 4197 Dominus
1802 4141 1915 4198 contra
1940 4142 2087 4216 testetur,
2111 4159 2145 4202 se
2167 4161 2247 4222 pro-

239 4217 315 4282 stris
344 4217 497 4282 curandis
525 4218 695 4303 advigilat,
727 4231 760 4284 et
786 4221 918 4286 virtutis
945 4241 1004 4303 per
1030 4240 1129 4302 quam
1154 4239 1213 4283 nos
1265 4217 1424 4299 pinquum
1451 4237 1522 4282 esse
1555 4218 1706 4282 omnibus
1733 4219 1963 4286 invocantibus
1992 4240 2113 4288 nomen
2145 4247 2247 4290 suum

238 4303 400 4367 sustineat
426 4303 604 4369 imbecilles
630 4312 664 4369 et
683 4306 816 4371 iamiam
838 4306 1039 4383 deficientes,
1068 4312 1101 4369 et
1120 4304 1213 4368 boni·
1264 4303 1300 4367 in
1319 4302 1760 4387 vcritatc(Psal.145,18).
1806 4304 1917 4369 Nihilo
1947 4307 2051 4373 secius
2078 4311 2248 4392 estquod

237 4389 315 4453 tatis
336 4409 395 4470 per
414 4408 513 4470 quam
541 4391 659 4455 misere
680 4392 821 4473 peccatis
842 4400 992 4457 oneratos
1013 4392 1050 4456 in
1072 4391 1213 4473 gratiam
1266 4389 1322 4452 alii
1349 4397 1533 4472 nugantur,
1566 4390 1767 4471 superfluam
1795 4411 1866 4455 esse
1896 4412 2008 4456 eorum
2040 4394 2245 4476 petitionem,

236 4474 381 4557 recipiat,
404 4472 614 4541 advocamus:
641 4498 706 4558 qua
732 4477 871 4561 denique
898 4485 1003 4542 totum
1023 4477 1146 4557 ipsum,
1176 4482 1214 4539 ut
1265 4495 1348 4556 quae
1372 4474 1459 4538 ultro
1485 4474 1600 4556 largiri
1627 4481 1762 4557 paratus
1791 4476 1835 4540 sit
1860 4477 2040 4558 Dominus,
2073 4501 2176 4562 quum
2204 4504 2247 4547 aa

236 4581 272 4624 se
304 4559 398 4625 nobis
429 4568 635 4642 praesentem
667 4562 835 4643 exhibeat,
869 4563 1072 4629 accersimus.
1124 4560 1213 4626 Hine
1264 4560 1344 4642 ipsa,
1363 4581 1483 4642 quaea
1505 4568 1685 4642 spontanea
1707 4562 1776 4625 eius
1798 4561 1998 4645 benignitate
2015 4565 2108 4630 nobis
2124 4568 2244 4646 fluunt,

236 4646 357 4710 eximia
384 4649 592 4712 conscientiis
625 4650 745 4713 nostris
772 4649 900 4731 requies
928 4669 966 4712 ao
993 4645 1212 4727 tranquillitas
1264 4645 1414 4727 precibus
1435 4647 1556 4711 nostris
1577 4667 1730 4712 concessa
1750 4646 1831 4711 velit
1851 4651 1992 4731 agnosci.

236 4732 390 4796 nascitur.
435 4729 605 4816 Siquidem
626 4734 831 4813 necessitate,
853 4755 937 4815 quae
957 4753 1018 4796 nos
1034 4732 1211 4813 premebat,
1350 4737 1380 4795 4.
1425 4734 1529 4797 Porro
1558 4733 1621 4796 rita
1649 4733 1812 4815 probeque
1837 4733 2058 4801 instituendae
2085 4741 2245 4806 orationis

235 4815 379 4880 Domino
410 4819 574 4900 exposita,
613 4820 668 4884 vel
698 4820 736 4882 in
768 4840 806 4883 eo
844 4818 972 4883 abunde
1005 4818 1211 4900 quiescimus,
1264 4823 1334 4882 esto
1355 4817 1437 4883 haee
1457 4819 1565 4901 prima
1585 4819 1652 4882 lex:
1675 4825 1805 4882 utnon
1827 4819 1929 4898 aliter,
1952 4841 2052 4903 quam
2073 4844 2128 4889 eos
2149 4823 2246 4891 decet

235 4901 321 4983 quod
340 4902 434 4966 illum
462 4905 510 4968 nil
539 4905 700 4969 malorum
727 4912 915 4969 nostrorum
936 4903 1029 4982 latet,
1059 4924 1156 4986 quem
1178 4910 1212 4969 et
1263 4904 1320 4985 qui
1345 4903 1386 4967 ad
1408 4904 1473 4969 Dei
1494 4904 1690 4986 colloquium
1710 4902 1950 4986 ingrediuntur,
1981 4915 2093 4972 menta
2116 4911 2244 4975 animo-

235 4988 371 5086 optime·
385 4989 479 5054 nobis
504 4991 588 5056 velle
617 4998 651 5054 et
676 4991 797 5073 optime
824 4990 992 5056 consulere
1016 5011 1110 5074 posse
1136 5010 1211 5072 per·
1263 5009 1326 5071 qua
1359 4990 1527 5072 compositi
1562 4991 1673 5055 simus.
1717 4987 1815 5071 Quod
1837 4990 1972 5070 seilicet,
2006 5001 2167 5075 quantum
2199 4997 2245 5062 ad

235 5092 323 5136 suasi
346 5094 456 5138 srmus.

235 5186 440 5195 ——m

304 5257 334 5317 ll
351 5261 415 5322 quia
432 5258 509 5314 1553.
528 5260 602 5347 leet.
1081 5226 1090 5241 ο
1332 5261 1362 5331 1)
1379 5269 1489 5333 rogatus
1508 5260 1575 5316 1563
1594 5277 1647 5332 aeq.
