4770 6030
164 366 227 426 soe
569 359 578 371 ·'
703 354 1641 444 onr.x1.(vn)vnrosarnovuurusa
1818 322 1825 327 ’
2049 332 2180 455 'sio

165 459 624 630 ixliileluimirdniigeintus
656 545 788 625 ismael,
830 568 867 618 ac
899 566 958 628 pro
989 546 1142 611 derelicto
1195 545 1284 608 mine
1306 543 1430 609 crudeli
1452 553 1485 608 et
1505 546 1636 610 inimico
1664 546 1772 627 parari
1802 550 1930 625 queant
1975 546 2067 610 Diris
2097 569 2174 632 ergo
2233 534 2235 538 Α

165 657 268 720 paene
291 635 452 699 hostiliter
474 633 669 714 proiioiatur.
714 632 781 696 Ubi
809 632 898 697 solus
934 633 1067 697 relictus
1094 639 1144 695 est
1196 631 1374 694 terroribus
1397 651 1497 711 supra
1518 631 1651 695 modum
1674 631 1889 695 discrucietur
1910 651 1947 695 ao
1970 625 2185 714 discerpitur,
2269 710 2272 715 y

165 721 270 799 Isaac,
300 721 420 802 inquo
447 719 630 800 acquiescat
652 717 779 782 defessa
800 718 876 782 boni
899 719 960 782 viri
983 727 1142 790 senectus,
1196 715 1352 797 quamdiu
1375 715 1557 780 adventum·
1582 718 1651 781 eius
1679 723 1862 797 exspectat;
1890 716 1944 779 ubi
1966 717 2000 779 in
2023 738 2175 800 conspee-

166 808 263 891 paulo
310 813 384 888 post
422 812 565 868 mactare
604 804 712 885 ipsum
751 804 958 885 praecipitur.
976 803 999 888 ¹)
1056 801 1145 882 Quid
1197 810 1268 865 tum
1296 802 1365 865 eius
1399 801 1520 883 prodit,
1555 811 1709 884 tanquam
1747 803 1975 867 semimortuus
2009 802 2049 867 ad
2077 803 2175 885 pedes

167 893 386 959 calamitosius
408 891 570 973 excogitet
591 889 737 952 humana
758 910 867 966 mens,
896 910 994 970 quam
1016 896 1145 970 patrem
1197 887 1396 968 procumbit,
1420 887 1522 952 donec
1544 888 1754 969 placatiorem
1776 889 1888 965 sentit,
1917 909 2014 969 quam
2044 910 2175 970 sperare
2250 935 2254 941 -

167 981 239 1044 fieri
256 979 315 1042 filii
328 974 535 1042 camificem?
559 972 597 1038 si
615 975 727 1038 morbo
745 975 936 1056 absumptus
958 975 1049 1052 foret,
1073 974 1145 1055 quis
1198 994 1296 1036 ausus
1319 972 1433 1036 fuerat.
1478 973 1531 1037 Ad
1560 974 1640 1038 haee
1661 973 1821 1050 Rachele,
1845 975 1940 1037 unice
1962 973 2079 1039 dilecta
2100 996 2176 1040 eon-

167 1087 233 1129 non
256 1071 402 1146 putasset
427 1060 647 1125 miserrimum
669 1081 739 1125 esse
761 1081 888 1136 senem,
918 1061 969 1123 cui
997 1061 1032 1122 in
1061 1059 1145 1122 ludi·
1197 1059 1285 1140 iuge,
1339 1059 1443 1138 primo
1491 1066 1597 1125 terrae
1640 1061 1790 1142 ingressu
1834 1060 1992 1140 privatur,
2047 1060 2206 1140 Postea„

168 1151 275 1216 brium
298 1149 394 1214 datus
416 1153 510 1214 esset
523 1145 619 1223 lilius,
653 1147 693 1210 ob
714 1166 811 1227 quem
834 1145 982 1209 orbitatis
1003 1145 1095 1208 dolor
1116 1145 1146 1207 ei
1198 1164 1296 1224 quem
1318 1144 1359 1207 ab
1382 1165 1420 1207 ea
1441 1141 1750 1222 filiurn'sustulerat,
1774 1166 1874 1226 eoque
1896 1167 1974 1226 prae
1996 1145 2068 1210 aliis
2086 1168 2175 1211 ama·

169 1233 413 1320 geminaretur?
459 1230 497 1296 Si
536 1232 576 1295 ab
613 1238 768 1295 extraneo
807 1231 914 1312 aliquo
947 1231 1145 1308 interfectus,
1198 1229 1269 1306 bat,
1299 1229 1409 1293 afera
1431 1230 1608 1295 laceratum
1631 1230 1735 1308 audit;
1764 1232 1856 1295 cuius
1879 1251 1919 1294 ex
1947 1240 2051 1295 morte
2073 1253 2175 1314 quan-

169 1322 364 1403 indignitate
382 1318 523 1382 multum
540 1323 626 1380 esset
643 1327 738 1381 aucta
755 1317 936 1381 calamitas:
960 1316 1047 1381 istud
1069 1336 1147 1380 vero
1199 1321 1270 1379 tum
1302 1336 1483 1379 moerorem
1515 1318 1670 1398 coeperit,
1703 1316 1847 1382 declarat
1879 1317 1962 1397 ipse,
1991 1317 2076 1399 quod
2104 1325 2177 1401 post

170 1408 281 1471 omnia
313 1405 506 1486 calamitatis
539 1402 690 1484 exempla
723 1409 871 1484 superat,
910 1403 1013 1483 patris
1046 1423 1147 1474 manu
1199 1398 1372 1464 diuturnas
1392 1400 1553 1485 lacrymas
1582 1402 1705 1466 solatiis
1736 1403 1885 1468 omnibus
1907 1404 1995 1467 viam
2016 1404 2176 1469 obstinate

171 1491 335 1557 trucidari.
380 1488 436 1554 Sic
459 1488 596 1568 denique
619 1495 686 1551 toto
713 1489 799 1552 vitae
828 1488 987 1552 curriculo
1009 1489 1148 1552 iactatus
1200 1485 1336 1564 claudit3
1364 1485 1447 1550 nihil
1470 1487 1532 1551 sibi
1551 1488 1712 1569 reliquum
1734 1488 1872 1565 faciens,
1903 1489 1964 1552 nisi
1985 1499 2022 1552 ut
2044 1489 2176 1554 descon-

172 1585 359 1643 acvexatus
376 1576 446 1652 fuit,
468 1581 505 1638 ut
526 1574 647 1655 siquis,
670 1573 760 1637 velut
781 1574 815 1636 in
837 1573 957 1651 tabula,
981 1572 1148 1655 exemplar
1201 1569 1258 1635 dat
1281 1570 1322 1635 ad
1343 1562 1458 1635 filiuni
1470 1573 1586 1655 lugens
1608 1575 1643 1637 in
1665 1573 1858 1655 sepulcrum.
1903 1573 2041 1638 Interim
2064 1585 2176 1656 raptus
2256 1618 2264 1623 -

173 1663 378 1729 calamitosae
401 1661 488 1725 vitae
511 1659 686 1742 depingere
708 1659 796 1735 velit,
819 1658 902 1722 nihil
919 1659 1061 1740 reperiat
1078 1679 1148 1721 ma·
1201 1664 1235 1720 et
1256 1655 1423 1721 defloratio
1444 1658 1545 1736 filiae,
1566 1660 1602 1722 in
1624 1660 1664 1724 iis
1686 1658 1890 1723 vindicandis
1912 1660 2054 1724 filiorum
2076 1660 2176 1724 auda

173 1751 223 1832 gis
256 1748 456 1829 appositum.¹
503 1746 617 1826 Neque
656 1745 786 1810 obiiciat
818 1745 979 1826 quispiam
1012 1765 1050 1807 eo
1082 1764 1149 1807 non
1202 1743 1264 1818 eia,
1279 1763 1362 1824 quae
1381 1742 1478 1806 illum-
1492 1765 1559 1808 non
1576 1745 1697 1820 foetere
1714 1744 1810 1809 modo
1827 1745 1947 1810 fecerat
1967 1745 2053 1828 apud
2064 1767 2176 1810 omnes

171 1834 271 1899 fuisse
291 1854 424 1914 prorsus
445 1830 621 1906 infelicem,
650 1830 778 1911 quoda
806 1839 854 1893 tot
882 1831 1045 1912 tantisque
1066 1836 1149 1893 tem-
1202 1829 1344 1911 regionis
1366 1829 1504 1908 incolas,
1534 1830 1591 1895 sed
1620 1831 1920 1912 praesentissimum
1946 1832 2176 1896 internecionis

172 1919 350 2002 pestatibus
380 1937 534 1999 prospere
566 1915 699 1979 tandem
732 1917 908 1980 emerserit.
954 1916 1029 1980 Non
1062 1916 1150 1978 enim
1201 1913 1381 1997 periculum
1399 1914 1446 1977 illi
1468 1928 1651 1991 creaverat,
1681 1925 1822 1999 quantae
1844 1919 2032 1996 anxietatis,
2060 1918 2175 1996 luctus,

171 2006 301 2070 beatam
322 2007 425 2068 vitam
447 2002 565 2067 ducere
586 2000 680 2065 illum
702 2001 860 2079 dicemus,
883 2003 939 2084 qui
959 2022 1018 2084 per
1040 2001 1150 2064 infini-
1203 1999 1302 2063 taedii
1340 2021 1457 2065 causae
1494 2001 1613 2065 erant?
1668 2001 1825 2084 Sequitur
1865 2003 2064 2068 horrendum
2095 2002 2176 2067 illud

173 2097 224 2155 tas
246 2089 452 2154 difficultates
475 2087 517 2152 ad
537 2087 671 2170 longum
691 2089 833 2168 spatium
854 2086 1012 2152 laboriose
1030 2087 1150 2151 elucte·
1202 2085 1363 2168 flagitium
1385 2085 1505 2150 Ruben
1521 2089 1737 2171 primogeniti,
1760 2109 1824 2169 quo
1842 2089 1924 2153 nihil
1943 2091 2076 2172 gravius
2094 2088 2176 2154 acci-

174 2184 242 2255 tur;
281 2175 337 2239 sed
375 2175 429 2255 qui
471 2174 540 2237 sine
585 2172 747 2236 malorum
787 2194 885 2238 sensu
925 2172 1150 2255 praesentibus
1203 2171 1280 2235 dere
1308 2178 1443 2253 poterat.
1488 2172 1574 2236 Nam
1599 2193 1701 2254 quum
1728 2174 1815 2237 inter
1844 2196 1972 2239 summa
1999 2175 2177 2239 infortunia

173 2262 267 2325 bonis
288 2259 413 2342 placide
433 2260 571 2323 fruatur.
706 2264 710 2270 '
1203 2268 1379 2339 reponatur
1400 2259 1511 2322 uxoris
1533 2258 1683 2339 pollutio;
1706 2258 1783 2340 quid
1806 2259 1978 2324 dicendum
2000 2262 2056 2336 sit,
2080 2261 2135 2324 ubi
2157 2281 2177 2324 a

262 2351 309 2410 12.
354 2346 455 2423 Isaac,
478 2346 533 2426 qui
554 2343 733 2407 minoribus
754 2344 850 2409 malis
872 2344 1067 2420 afflictatur,
1093 2345 1163 2407 vix'
1202 2343 1333 2424 proprio
1353 2342 1420 2407 lilio
1446 2350 1668 2426 perpet-ratum
1697 2352 1747 2408 est
1773 2343 1807 2408 id
1829 2345 1955 2410 scelus?
2000 2346 2177 2429 Aliquanto

175 2441 285 2497 tamen
319 2432 491 2495 minimum
527 2430 696 2494 suavitatis
728 2437 861 2512 gustum
892 2431 1037 2512 percipit
1082 2430 1150 2494 Eas
1202 2437 1284 2510 post,
1307 2429 1408 2493 altero
1425 2429 1552 2494 incestu
1569 2430 1810 2494 contaminatur
1828 2430 1960 2508 familia,
1978 2439 2016 2495 ut
2026 2440 2177 2496 constan·

174 2520 243 2601 ipse
266 2538 391 2599 quoque
413 2516 602 2581 vexationes
624 2516 791 2596 experitur
817 2536 901 2596 quae
919 2516 1051 2580 beatum
1079 2536 1150 2580 esse
1203 2514 1364 2578 tissimum
1387 2513 1507 2596 alioqui
1528 2523 1561 2579 et
1577 2516 1753 2579 infractum
1770 2515 2008 2581 calamitatibus
2031 2518 2177 2581 animum

175 2605 349 2671 hominem,
368 2604 403 2666 in
430 2608 520 2666 terra
547 2622 613 2664 non
636 2601 753 2664 sinant.
798 2601 898 2665 Illum
927 2602 1030 2666 fames
1058 2603 1151 2684 fugat
1203 2606 1251 2664 tot
1284 2599 1441 2665 dedecora
1473 2601 1667 2666 labefactare
1698 2600 1844 2666 debeant.
1889 2599 1960 2667 Sub
1994 2611 2178 2667 extremum

174 2698 303 2755 eterra
325 2689 469 2753 Oanaan.
513 2687 607 2751 Uxor
642 2708 660 2750 e
688 2687 763 2751 sinu
784 2686 832 2750 illi
860 2688 1011 2769 eripitur;
1051 2686 1149 2751 vicini
1202 2686 1299 2762 vitae,
1323 2685 1400 2749 dum
1418 2708 1496 2752 suae
1518 2709 1556 2752 ao
1574 2708 1707 2752 suorum
1723 2685 1851 2752 inediae
1874 2708 2062 2753 succurrere
2080 2709 2177 2770 quae·

174 2775 267 2838 illum
285 2774 421 2839 subinde
440 2774 616 2855 exagitant,
641 2794 679 2837 ac
697 2771 801 2837 modis
818 2773 969 2837 omnibus
985 2787 1148 2855 premunt,
1203 2772 1255 2849 rit,
1278 2772 1355 2836 novi
1377 2772 1546 2836 infortunii
1575 2773 1689 2838 nuntio
1711 2773 1913 2854 percellitur,
1941 2774 1995 2856 qui
2023 2773 2178 2857 intelligit

174 2869 212 2924 ut
234 2860 273 2924 de
296 2882 380 2942 aqua
401 2860 500 2924 etiam
526 2868 662 2941 cogatur
688 2857 862 2923 decertare.
908 2859 1007 2922 Domi
1030 2879 1108 2922 suae
1131 2879 1151 2921 a
1203 2857 1309 2920 filium
1334 2857 1474 2921 alterum
1501 2859 1537 2922 in
1563 2859 1703 2923 vinculis
1732 2858 1883 2936 detineri;
1912 2881 2008 2942 quem
2037 2867 2075 2922 ut
2096 2861 2177 2926 reci-

175 2947 310 3010 nuribus
332 2945 474 3009 multum
495 2943 717 3008 molestiarum
740 2945 893 3021 sustinet,
921 2945 1061 3008 filiorum
1085 2942 1150 3007 dis·
1202 2943 1279 3024 piat,
1302 2943 1476 3007 Beniamin
1498 2945 1631 3009 unicum
1655 2966 1751 3009 suum
1773 2943 1968 3010 desiderium
1989 2946 2177 3027 permittere

175 3031 256 3095 sidio
284 3033 415 3113 angitur
422 3055 430 3110 ;
462 3052 521 3095 nec
549 3029 672 3093 mederi
699 3035 791 3093 tanto
819 3030 905 3095 malo
931 3037 1051 3111 potest,
1086 3030 1150 3093 nisi
1204 3028 1276 3093 aliis
1305 3030 1439 3111 cogitur.
1490 3028 1574 3109 Quis
1604 3038 1698 3111 putet
1724 3031 1759 3094 in
1793 3038 1886 3095 tanta
1912 3030 2074 3095 malorum
2102 3051 2177 3096 oon·
2212 3080 2215 3087 .

175 3138 233 3198 per
255 3118 406 3180 exsilium
433 3118 502 3181 eius
524 3117 576 3181 cui
612 3114 831 3180 benedixerat.
876 3116 923 3178 At
950 3137 1027 3181 vero
1055 3114 1149 3179 Iacob
1203 3116 1292 3197 gerie
1324 3121 1526 3178 momentum
1558 3115 1607 3178 illi
1638 3116 1778 3193 datum,
1805 3137 1868 3199 quo
1905 3118 2021 3182 saltem
2065 3137 2178 3182 secure

175 3202 259 3266 nihil
281 3224 378 3283 quam
401 3211 566 3266 extremae
592 3201 792 3265 infelicitatis
818 3202 947 3284 insigne
969 3209 1019 3265 θεῖ
1040 3222 1150 3265 exem·
1203 3199 1399 3282 respiraret?
1445 3199 1556 3282 ltaque
1575 3201 1645 3283 ipse
1666 3202 1807 3284 optimus
1830 3202 1870 3266 de
1887 3224 1922 3267 se
1940 3204 2031 3266 testis
2049 3224 2178 3267 asseve-

175 3288 255 3370 plar.
301 3289 481 3352 Pueritiam
505 3287 592 3351 domi
613 3287 848 3367 inquietissimo
871 3288 1036 3370 transigit,
1065 3287 1151 3350 inter
1184 3294 1255 3360 „rat
1275 3286 1450 3362 Pharaoni,
1474 3285 1543 3350 dies
1561 3307 1636 3352 suos
1653 3287 1769 3352 breves
1786 3309 1823 3353 ac
1840 3289 1944 3352 malos
1960 3289 2059 3352 fuisso
2081 3309 2178 3370 super

175 3375 286 3438 fratris
304 3374 509 3456 primogeniti
528 3374 635 3437 minas
654 3394 691 3436 ac
709 3380 859 3451 terrores,
885 3374 1001 3455 quibus
1019 3371 1149 3436 demum
1203 3379 1333 3435 terram.
1379 3369 1445 3451 Qui
1467 3392 1525 3453 per
1546 3374 1717 3438 continuas
1734 3375 1881 3438 miserias
1898 3374 2001 3437 vitam
2018 3395 2053 3437 se
2070 3382 2178 3437 trans·

175 3459 289 3525 cedere
306 3459 440 3540 cogitur.
485 3459 628 3540 Profugo
646 3480 666 3521 a
684 3459 875 3539 parentibus
893 3480 930 3523 ac
948 3458 1050 3522 natali
1073 3457 1149 3534 solo,
1201 3458 1307 3540 egisse
1335 3458 1533 3538 pronuntiat,
1560 3466 1663 3541 negat
1678 3459 1820 3541 profecto
1838 3480 1911 3523 eam
1929 3460 2177 3541 prosperitatem

175 3552 402 3626 praeterquam
424 3543 509 3626 quod
531 3545 683 3608 acerbum
706 3552 756 3608 est
777 3544 944 3621 exedere,
972 3543 1062 3626 'apud
1084 3544 1161 3613 La,
1204 3564 1239 3606 se
1266 3543 1419 3621 sensisse,
1453 3564 1536 3624 quae
1568 3543 1617 3607 illi
1649 3567 1669 3609 a
1696 3545 1838 3609 Domino
1870 3545 2030 3626 promissa
2061 3545 2176 3608 fuerat

176 3631 239 3694 ban
263 3629 459 3694 avunculum
480 3629 584 3692 nihilo
600 3630 712 3693 mitius
731 3651 768 3695 ac
786 3630 961 3694 humanius
985 3629 1159 3711 accipitur„
1203 3629 1293 3711 Ergo
1321 3636 1379 3692 aut
1405 3628 1569 3711 malignus
1601 3631 1813 3713 ingratusque
1839 3631 1903 3694 Dei
1931 3631 2055 3714 gratiae
2072 3630 2178 3694 'aesti-

175 3716 300 3779 Parum
328 3724 378 3779 est
413 3715 618 3779 durissimam
658 3723 755 3796 atque
791 3716 1046 3780 austerissimam
1080 3736 1152 3797 sep-
1204 3723 1311 3777 mator
1332 3722 1402 3779 erat
1423 3714 1531 3794 lacob;
1554 3723 1611 3779 aut
1633 3737 1709 3780 vere
1731 3737 1766 3779 se
1787 3717 1944 3780 miserum
1961 3716 2060 3780 fuisse
2081 3737 2180 3798 super

175 3809 243 3866 tem
277 3803 371 3865 annis
404 3801 527 3889 servire
558 3801 765 3879 servitutem,
799 3803 863 3866 nisi
896 3800 969 3865 dolo
1002 3801 1088 3864 malo
1115 3802 1152 3864 in
1204 3808 1326 3863 terram
1347 3802 1567 3882 profitebatur.
1613 3799 1652 3865 Si
1673 3822 1752 3865 vera
1772 3803 1835 3866 fuit
1857 3802 2043 3880 affirmatio,
2072 3801 2178 3883 seqni-

175 3908 277 3951 uxore
311 3887 469 3951 eludatur.
514 3885 661 3949 Alterius
688 3888 799 3953 uxoris
832 3888 939 3969 gratia
970 3887 1005 3950 in
1032 3906 1152 3951 novam
1204 3891 1356 3949 tur·non
1389 3885 1541 3950 habuisse
1573 3887 1682 3969 ipsum
1715 3908 1806 3969 spem
1836 3889 1871 3952 in
1909 3887 2007 3952 rebus
2040 3887 2178 3952 terrenis

176 3974 366 4037 servitutem
387 3970 637 4055 ingrediendum
659 3981 723 4049 est,
756 3974 811 4038 ubi
835 3983 939 4037 totum
967 3972 1053 4036 diem
1076 3972 1152 4036 solis
1204 3970 1355 4035 defixam.

177 4066 269 4121 aestu
291 4067 462 4134 torreatur,
485 4063 583 4122 noctu
605 4058 743 4140 pervigil
765 4068 922 4142 urgeatur
942 4058 1018 4142 gelu
1040 4079 1078 4122 ac
1095 4046 1152 4121 fri-
1294 4061 1342 4120 13.
1387 4055 1425 4122 Si
1447 4058 1551 4121 sancti
1573 4059 1628 4122 isti
1649 4065 1759 4140 patres
1787 4059 1888 4143 (quod
1909 4060 2021 4141 utique
2049 4058 2178 4123 indubi-

176 4164 263 4225 gore,
276 4142 549 4224 quemadmodum
566 4144 636 4223 ipse
654 4146 869 4224 conqueritur.
914 4145 1055 4208 Tantam
1064 4144 1153 4207 vitae
1204 4149 1310 4206 tatum
1331 4141 1395 4226 est)
1422 4142 1551 4207 beatam
1572 4144 1674 4209 vitam
1697 4152 1927 4226 exspectarunt
1948 4166 1966 4209 e
1988 4166 2088 4209 manu
2109 4144 2178 4208 Do-

177 4229 386 4309 aspcritatem
419 4229 497 4292 dum
531 4250 635 4293 annos
669 4230 786 4311 viginti
819 4231 974 4307 sustinet,
1010 4227 1152 4310 quotidie
1203 4229 1299 4306 mini,
1321 4227 1434 4306 aliam,
1452 4249 1550 4310 quam
1571 4231 1735 4295 terrestris
1761 4231 1848 4295 vitae
1869 4230 2115 4306 beatitudinem,
2145 4236 2179 4293 et

176 4315 269 4378 novis
291 4315 393 4378 soceri
414 4314 541 4377 iniuriis
564 4315 729 4397 affligitur.
774 4316 843 4380 Nec
861 4316 946 4380 domi
967 4335 1046 4379 auae
1063 4315 1152 4397 quie-
1205 4315 1389 4396 cogitarunt
1421 4326 1455 4377 et
1484 4313 1646 4379 viderunt
1702 4314 1798 4395 Quod
1830 4317 1928 4380 etiam
1961 4315 2178 4398 pulcherrime

176 4407 229 4463 tus
251 4408 313 4463 cst:
336 4419 435 4480 quam
453 4399 543 4463 videt
563 4421 704 4463 uxorum
726 4400 822 4476 odiis,
851 4401 980 4484 iurgiis,
1010 4399 1153 4464 aemula-
1205 4398 1347 4464 ostendit
1368 4398 1540 4481 apostolus.
1585 4400 1683 4480 Fide,
1711 4402 1819 4483 inquit
1840 4403 1956 4487 (Hebr.
1980 4406 2026 4477 ll,
2047 4400 2098 4482 9),
2122 4401 2177 4466 de·
2260 4471 2265 4480 ,

176 4486 317 4557 tionibus
334 4484 522 4550 distractam
541 4506 579 4549 ac
596 4506 700 4567 paene
718 4485 914 4569 dissipatam.
956 4486 1023 4552 Ubi
1043 4487 1079 4549 in
1096 4506 1153 4567 pa-
1205 4492 1351 4549 moratus
1380 4492 1430 4549 θεῖ
1457 4485 1628 4549 Abraham
1655 4488 1691 4551 in
1716 4495 1806 4552 terra
1832 4487 2069 4570 promissionis,
2104 4495 2178 4551 tan·

178 4571 275 4633 triam
292 4571 423 4635 iubetur
440 4592 474 4635 se
492 4571 644 4652 recipere,
668 4572 792 4636 abitum
811 4580 941 4653 captare
958 4573 1006 4635 illi
1023 4591 1153 4636 necesso
1205 4591 1303 4652 quam
1332 4569 1455 4647 aliena;
1486 4572 1522 4634 in
1554 4572 1673 4637 casulis
1705 4573 1896 4650 habitando,
1931 4593 2005 4637 cum
2030 4571 2124 4637 Isaac
2145 4579 2179 4638 et

178 4664 235 4732 est,
259 4657 493 4739 ignominiosae
523 4657 619 4738 fugae
641 4657 794 4736 similem;
824 4678 885 4721 nee
912 4667 1023 4721 tamen
1052 4656 1154 4721 soceri
1204 4656 1311 4735 Iacob,
1334 4655 1537 4722 consortibus
1564 4658 1709 4723 ciusdem
1737 4659 1954 4723 haereditatis.
1999 4657 2178 4740 Exspecta·

178 4742 381 4824 iniquitatem
403 4743 450 4806 ita
472 4748 579 4823 potest
600 4743 752 4826 effugere,
775 4744 854 4825 quin
876 4745 946 4807 eius
967 4743 1094 4826 probris
1116 4763 1153 4806 ae
1205 4742 1370 4805 batonim
1392 4743 1474 4806 beno
1495 4742 1665 4808 fundatam
1687 4746 1867 4822 civitatem,
1896 4745 1988 4808 emus
2010 4744 2119 4824 opifex
2141 4766 2178 4811 ao

179 4828 382 4892 contumeliis
403 4829 438 4891 in
460 4826 567 4891 medio
593 4829 710 4892 itinere
731 4835 878 4892 vexetur.
922 4829 1056 4910 Excipit
1076 4848 1153 4890 mox
1206 4826 1353 4891 eonditor
1378 4828 1478 4892 Deus.
1523 4829 1566 4892 In
1597 4830 1662 4893 fide
1695 4830 1837 4894 defuncti
1865 4835 1943 4893 sunt
1975 4850 2086 4894 omncs
2113 4830 2177 4911 isti,

179 4933 253 4976 eum
269 4914 372 4977 multo
392 4915 519 4977 saevior
535 4912 718 4978 difficultas.
762 4914 848 4978 Nam
866 4913 944 4977 dum
961 4913 1003 4978 ad
1018 4913 1154 4978 fratrem
1206 4933 1273 4975 non
1302 4913 1441 4994 acceptis
1468 4915 1750 4995 promissionibus;
1779 4914 1835 4979 sed
1863 4913 1975 4997 procul
1996 4935 2051 4979 eas
2077 4916 2178 4997 inspi⁴

180 4998 311 5076 accedit,
335 5006 383 5063 tot
404 5009 526 5063 mortes
549 4998 649 5063 habet
669 5001 704 5063 in
726 5006 908 5082 conspectu,
932 5006 1011 5083 quot
1032 4999 1073 5064 ab
1095 4998 1154 5061 ho·
1206 5000 1336 5075 cientes,
1360 5019 1397 5062 ac
1420 4999 1601 5077 eredentes,
1625 5003 1893 5082 confitentesque,
1922 5000 2007 5082 quod
2035 5000 2178 5083 hospites

1206 5090 1240 5146 et
1266 5083 1416 5165 inquilini
1446 5085 1554 5149 forent
1581 5106 1678 5168 super
1705 5094 1835 5150 terram
1881 5084 1955 5166 Quo
1984 5086 2178 5169 significant,

212 5173 382 5179 ““”
1207 5190 1241 5233 εθ
1269 5170 1409 5250 patriam
1442 5171 1613 5251 inquirere.
1658 5172 1705 5236 At
1736 5172 1764 5237 si
1793 5171 1951 5237 desiderio
1979 5172 2048 5237 eius
2080 5194 2179 5254 quam

249 5270 278 5338 1)
295 5271 404 5324 inusta
422 5271 491 5325 leco
506 5287 576 5342 seqq.
1206 5254 1419 5336 reliquerant,
1440 5257 1519 5320 tacti
1537 5257 1691 5337 fuissent,
1713 5264 1785 5323 erat
1809 5257 1947 5324 facultas
1978 5257 2177 5325 revertendi:
