4770 6030
10 2098 97 2339 b

196 1697 542 1767 romarissmo
565 1698 1028 1782 mnusrnrssmoouu
1056 1699 1368 1778 noviacum,
1394 1646 1658 1764 vamcisoo
1685 1634 1979 1765 uninoosuir
2000 1697 2118 1763 aner

287 1817 713 1899 ouumvmmssmo,
735 1819 945 1886 remorer
966 1819 1027 1887 Ao
1049 1819 1236 1888 nonme
1259 1817 1349 1886 suo
1373 1817 1467 1884 sim
1489 1815 1807 1884 cusnavnuno
1829 1816 2034 1884 romnus

504 1924 509 1937 '
652 1938 889 2006 osuvnvus
910 1941 1072 2007 secun
1093 1940 1154 2006 no
1177 1939 1398 2006 saturum
1419 1938 1470 2003 nv
1491 1935 1687 2004 uonmvo

255 2125 295 2214 [p.
309 2125 342 2214 3]
361 2127 447 2194 Cum
462 2128 539 2194 huic
555 2129 645 2212 operi
668 2151 804 2194 manum
821 2130 965 2211 primum
983 2129 1136 2195 admove-
1188 2129 1334 2194 omnium
1352 2127 1504 2193 ordinum
1519 2126 1652 2193 calculis
1663 2126 1861 2206 damnatam,
1882 2124 1922 2212 [p.
1931 2125 1963 2214 ὁ]
1981 2127 2093 2192 multis
2103 2126 2164 2192 lori

152 2262 241 2320 rem,
263 2239 346 2304 nihil
368 2241 477 2306 minus
499 2241 696 2324 cogitabam,
721 2241 796 2306 Rex
817 2239 1009 2321 clarissime,
1037 2263 1136 2324 quam
1186 2239 1393 2323 praeiudiciis
1405 2237 1896 2305 confossamiamdudnmfuisse
1909 2246 2068 2317 causetur,
2081 2240 2163 2304 nibil

152 2352 569 2434 scriberequaeMaiestati
580 2360 655 2416 tuae
672 2352 875 2431 offerrentu.
904 2353 1047 2417 Tantum
1064 2360 1136 2419 erat
1187 2352 1276 2417 aliud
1292 2351 1420 2429 dixerit,
1443 2371 1542 2433 quam
1558 2351 1678 2432 partim
1698 2349 1959 2415 adversariorum
1975 2350 2114 2416 factione
2131 2359 2165 2416 et

152 2465 283 2528 animus
309 2462 495 2527 rudimenta
517 2463 676 2545 quaedam
704 2463 848 2541 tradere,
875 2465 992 2547 quibus
1013 2467 1133 2529 forma
1185 2440 1329 2547 potentia
1351 2463 1509 2528 violenter
1530 2461 1701 2538 deiectam,
1722 2462 1843 2544 partim
1864 2461 2050 2542 mendaciis,
2072 2463 2164 2528 tech-

151 2575 333 2640 rentrn.ad
355 2596 466 2638 veram
494 2577 649 2656 pietatem
671 2576 726 2657 qui
749 2574 855 2657 aliquo
877 2576 1042 2659 religionis
1065 2584 1133 2641 stu-
1186 2577 1246 2651 nis,
1264 2575 1457 2666 calumniis,
1480 2573 1632 2639 insidioso
1653 2572 1940 2656 fraudulenterque
1965 2594 2162 2657 oppressam

80 2687 85 2696 '
151 2686 206 2752 dio
229 2695 417 2769 tanguntur.
469 2688 578 2768 Atque
605 2686 693 2751 hunc
720 2687 864 2751 laborem
886 2686 993 2752 Gallis
1015 2689 1134 2753 nostris
1185 2687 1247 2752 Vis
1270 2695 1333 2766 est,
1362 2687 1448 2769 quod
1468 2685 1591 2751 indicta
1612 2707 1711 2751 causa
1732 2686 1962 2768 sanguinariae
1984 2688 2164 2752 sententiae

10 5348 12 5357 ἱ
144 5382 228 5428 nam
250 5360 348 5439 hanc,
375 5362 466 5427 ouius
488 5384 576 5428 nunc
603 5363 762 5428 rationem
783 5363 844 5428 tibi
864 5363 1000 5430 reddere
1020 5385 1127 5444 conor,
1178 5367 1273 5432 istius
1295 5365 1468 5432 docuinae.
1512 5366 1560 5430 At
1581 5385 1643 5447 quo
1664 5364 1736 5428 iure
1758 5363 1913 5429 damnata
1933 5360 2003 5429 est?
2036 5360 2077 5427 Id
2098 5381 2157 5426 au-
2277 5373 2283 5385 '

150 2799 357 2881 potissimum
376 2798 583 2874 desudabam,
604 2818 743 2879 quorum
763 2798 942 2880 permultos
960 2801 1083 2864 esurire
1101 2808 1134 2864 et
1186 2799 1342 2864 adversus
1370 2799 1460 2862 illam
1492 2800 1663 2876 ferrmtury
1688 2798 1791 2869 fraus,
1825 2795 1911 2878 quod
1937 2796 2104 2862 seditionis
2130 2805 2165 2862 et

151 2909 243 2975 sitire
261 2908 432 2974 Christum
441 2909 601 2986 videbam,
620 2911 840 2991 paucissimos,
863 2911 918 2992 qui
935 2911 989 2975 vel
1006 2912 1133 2977 modica
1184 2911 1350 2988 maleficii,
1382 2917 1513 2993 praeter
1543 2911 1710 2986 meritum,
1743 2908 1958 2972 insimulatur.
2008 2910 2060 2973 Ne
2091 2910 2163 2991 quis

150 3022 222 3087 eius
244 3022 425 3104 cognitione
442 3021 558 3084 imbuti
576 3029 694 3085 essent.
729 3021 825 3086 Hanc
843 3022 925 3086 mihi
942 3023 1041 3087 fiiissc
1058 3044 1133 3105 pro-
1185 3023 1266 3087 haec
1292 3023 1413 3086 iniuria
1438 3044 1497 3087 nos
1527 3022 1619 3103 queri
1644 3022 1823 3097 existimet,
1856 3021 1924 3103 ipse
1951 3020 2044 3085 nobis
2071 3020 2163 3084 testis

148 3133 290 3216 positam
315 3133 474 3196 rationem
501 3131 584 3196 liber
609 3134 679 3215 ipse
705 3133 861 3215 loquitur,
890 3133 931 3198 ad
954 3133 1133 3216 simplicem
1184 3156 1255 3199 esse
1276 3141 1381 3217 potes,
1410 3134 1486 3199 Rex
1506 3132 1728 3210 Nobilissime,
1756 3153 1856 3214 quam
1876 3131 2087 3198 mendacibus
2109 3152 2162 3196 ca-

149 3243 275 3310 soilioet
296 3244 474 3327 rudemque
497 3243 632 3309 docendi
655 3244 793 3308 formam
816 3249 990 3327 appositus.
1184 3247 1317 3312 lumniis
1338 3245 1481 3329 quotidie
1503 3244 1590 3328 apud
1607 3251 1640 3309 te
1656 3244 1856 3323 traducatu,
1879 3245 1965 3327 quod
1982 3265 2048 3309 non
2067 3243 2163 3308 alior-

237 3356 363 3419 Verum
374 3378 449 3420 cum
457 3356 683 3438 *perspicerem
703 3352 742 3441 [p.
757 3353 792 3442 4]
810 3378 912 3439 nsque
929 3378 1132 3440 eoquorum-
1185 3380 1257 3424 sum
1279 3365 1403 3440 spectet
1423 3358 1487 3423 nisi
1508 3365 1546 3420 ut
1566 3359 1669 3440 regna
1690 3358 1800 3421 omnia
1821 3365 1855 3422 et
1874 3357 2005 3439 politiae
2028 3357 2163 3422 subver-

149 3467 228 3532 dam
245 3467 466 3549 improborum
483 3469 626 3531 furorem
643 3467 820 3532 invaluisse
837 3469 872 3532 in
889 3489 991 3552 regno
1008 3480 1072 3547 tuo,
1096 3476 1134 3532 ut
1184 3476 1310 3548 tantm,
1344 3491 1410 3552 pax
1441 3469 1663 3551 perturbetur,
1696 3468 1785 3552 leges
1817 3489 1929 3532 omnes
1956 3469 2161 3549 abrogentur,

148 3579 261 3643 nullus
290 3600 388 3643 sanae
406 3577 571 3643 doctrinae
598 3580 641 3643 sit
664 3579 736 3643 istic
760 3579 858 3658 locus,
881 3581 1025 3646 factunm
1050 3580 1132 3644 mihi
1185 3581 1328 3646 dominia
1349 3587 1382 3646 et
1407 3581 1625 3664 possessiones
1647 3579 1858 3662 dissipentur,
1887 3580 1996 3642 omnia
2025 3577 2162 3660 denique

149 3711 268 3773 operae
290 3691 432 3772 pretium
442 3691 533 3754 visus
557 3712 640 3769 sum,
659 3692 686 3755 si
703 3689 818 3755 eadem
836 3713 935 3774 opera
953 3699 986 3756 et
1001 3694 1131 3758 institu-
1184 3715 1315 3759 sursum
1332 3692 1483 3757 deorsum
1500 3693 1683 3757 volvantur.
1710 3689 1756 3755 Et
1772 3697 1883 3754 tamen
1901 3691 2071 3754 minimam
2086 3711 2162 3772 por·

148 3803 272 3867 tionem
299 3804 339 3866 iis
367 3801 494 3878 darom,
523 3823 603 3884 quos
631 3802 824 3868 erudiendos
851 3825 1071 3887 susceperam,
1099 3814 1133 3869 et
1183 3805 1363 3869 tiunoulam
1385 3804 1491 3882 audis;
1514 3803 1680 3867 horrenda
1700 3803 1789 3866 enim
1806 3800 1966 3884 quaedam
1984 3802 2020 3865 in
2042 3800 2162 3885 vulgus

149 3913 384 3980 confessionem
406 3913 492 3995 apud
514 3923 547 3976 te
568 3913 698 3979 oderem
717 3914 804 3979 unde
833 3915 938 3981 discas
962 3917 1067 3999 qualis
1089 3918 1132 3982 sit
1184 3923 1395 4000 spargimtur,
1421 3937 1504 3998 quae
1532 3917 1559 3978 si
1583 3935 1662 3978 vera
1684 3920 1806 3991 essent,
1836 3914 1953 3977 merito
1975 3913 2066 3976 illam
2088 3934 2164 3978 cum

150 4023 298 4089 doctrina
319 4025 472 4106 inquam
489 4031 581 4088 tanta
602 4026 692 4090 rabie
709 4026 926 4093 exardescunt
943 4029 1056 4092 firriosi
1072 4028 1129 4107 illi,
1183 4029 1250 4092 suis
1283 4028 1449 4092 autoribus
1484 4026 1574 4090 mille
1611 4026 1742 4110 ignibus
1775 4046 1813 4090 ac
1845 4025 1995 4090 crucibus
2029 4025 2162 4110 dignam

148 4137 205 4219 qui
237 4137 323 4200 ferro
350 4143 383 4200 et
409 4135 540 4219 ignibus
569 4158 708 4220 regnum
737 4145 830 4202 tuum
857 4138 953 4203 hodie
986 4139 1128 4204 turbant.
1182 4139 1325 4207 muudus
1347 4138 1474 4204 iudicet.

148 4247 263 4330 Neque
295 4248 383 4311 enim
408 4248 546 4312 verebor
575 4249 683 4325 fateri,
713 4248 767 4314 hio
795 4271 847 4313 me
874 4272 1036 4315 summam
1062 4252 1130 4316 fere
1268 4249 1351 4332 Quis
1372 4251 1438 4314 iam
1458 4250 1597 4313 miretur
1616 4249 1784 4333 publicum
1805 4248 1916 4314 odium
1936 4250 1972 4313 in
1996 4249 2087 4314 illam
2109 4268 2161 4311 ac·

149 4359 220 4424 eius
241 4360 343 4441 ipsius
366 4358 531 4424 doctrinae
549 4359 755 4442 complexum
773 4382 852 4440 esse,
876 4384 975 4445 quam
991 4363 1040 4426 illi
1059 4385 1130 4429 car-
1182 4385 1315 4428 censum
1342 4383 1422 4438 esse,
1447 4358 1487 4447 [p.
1500 4359 1535 4448 6]
1560 4362 1615 4427 ubi
1640 4361 1851 4443 iniquissimis
1871 4362 1943 4427 istis
1963 4359 2159 4426 criminatio·

149 4491 232 4550 cere,
245 4469 367 4547 exsilio,
380 4471 777 4553 proscriptione,incendio
787 4472 1018 4552 mulctandam,
1030 4496 1130 4557 quam
1182 4476 1278 4541 nibus
1299 4473 1380 4540 fides
1403 4471 1563 4539 habetur?
1597 4474 1652 4539 En
1669 4495 1728 4538 cur
1744 4474 1780 4537 in
1799 4480 1953 4550 nostram,
1977 4471 2157 4538 decumae

147 4589 239 4647 terra
253 4583 401 4664 marique
412 4582 695 4646 exterminandam
711 4585 938 4648 vociferantur.
966 4585 1129 4668 Equidem
1181 4609 1243 4671 que
1254 4594 1385 4679 nostrae
1396 4585 1638 4651 damnationem
1649 4605 1761 4650 omnes
1773 4585 1902 4650 ordines
1912 4581 2115 4649 consentiant
2125 4585 2160 4645 et

148 4681 340 4775 scio'quam
368 4694 529 4758 atrocibus
557 4693 771 4760 delationibus
797 4715 892 4759 aures
919 4697 1129 4780 animumque
1180 4700 1374 4781 conspirent.
1402 4689 1487 4763 ‘Hoc
1510 4697 1629 4762 affectu
1651 4699 1790 4780 correpti
1812 4697 1866 4779 qui
1888 4690 2158 4759 adiudicandum

146 4812 243 4870 tuum
259 4804 475 4886 impleverint,
494 4811 532 4869 ut
548 4827 681 4871 causam
692 4813 838 4871 nostram
854 4807 912 4871 tibi
928 4829 1027 4890 quam
1039 4809 1128 4874 odio·
1180 4810 1308 4889 sedent,
1337 4808 1536 4892 praeiudicia
1557 4829 1639 4891 quae
1662 4809 1756 4873 domo
1779 4807 1971 4881 attulerunt,
1999 4824 2060 4886 pro
2083 4823 2157 4867 sen-

147 4917 312 4981 sissimam
337 4915 518 4980 redderent.
560 4914 628 4982 Sed
651 4917 685 4981 id
706 4919 766 4983 tibi
786 4940 845 5001 pro
866 4926 924 4983 tua
944 4918 1128 4985 Clementia
1179 4923 1290 4986 tentiis
1311 4921 1537 5004 pronunciant
1581 4921 1628 4984 Et
1648 4941 1683 4984 se
1704 4912 1766 4983 rite
1787 4919 1972 5010 perfunctos
1993 4915 2060 4980 suis
2082 4935 2157 4997 par-

147 5026 417 5110 perpendendum
439 5034 502 5107 est,
525 5028 650 5093 nullam
672 5051 776 5112 noque
795 5031 830 5094 in
852 5030 946 5097 dictis
967 5053 1072 5114 neque
1093 5033 1129 5096 in
1180 5034 1267 5098 tibus
1291 5038 1422 5115 putant,
1451 5033 1479 5096 si
1509 5032 1673 5096 neminem
1700 5030 1742 5095 ad
1771 5028 1964 5112 supplicium
1990 5027 2078 5090 trahi
2107 5028 2157 5090 iu-

146 5139 243 5204 factis
263 5140 482 5203 innocentiam
502 5141 580 5219 fore,
603 5141 631 5204 si
653 5162 820 5206 accusasse
840 5143 988 5208 sufficiat
1178 5145 1266 5223 bont,
1289 5145 1353 5208 nisi
1375 5150 1433 5207 aut
1453 5165 1513 5209 sua
1533 5142 1740 5220 confessione,
1764 5147 1821 5205 aut
1838 5139 1948 5205 solidis
1965 5138 2158 5204 testimoniis

236 5248 339 5328 Sane,
367 5250 488 5332 siquis
513 5251 681 5316 faciendae
704 5251 848 5317 invidiae
868 5274 980 5332 causa,
1008 5253 1128 5320 doctri·
1179 5257 1371 5322 convictum.
1420 5255 1468 5319 At
1494 5255 1586 5321 ouius
1612 5251 1778 5319 criminis?
1827 5252 2027 5332 Damnatae,
2055 5250 2156 5329 aiunt,
