4732 6030
172 344 234 407 333
637 344 644 354 ·
763 296 932 409 oran
975 343 1040 408 33
1063 339 1352 408 0003333033
1374 339 1586 409 soumis.
1733 304 1737 311 ’
2114 348 2176 411 333
2266 407 2276 417 ,

168 453 468 523 sequentes.

169 531 279 608 nobis,
307 551 349 594 ne
376 442 529 614 putenius
555 532 591 594 in
617 538 761 595 mentem
783 531 896 596 venire
923 532 1016 597 nobis
1042 553 1145 614 posse,
1200 530 1276 595 illae
1307 532 1390 596 bene
1418 530 1480 595 sibi
1509 551 1579 596 esse
1607 532 1756 613 cupiunt,
1785 540 1819 596 et
1849 533 1906 597 ubi
1939 534 2062 614 species
2089 535 2175 615 boni,
2207 543 2210 569 ²

168 614 328 700 quomodo
355 618 418 680 rite
439 615 605 699 quidpiam
628 616 791 700 agendum
818 617 868 681 sit.
913 615 1009 682 Itane
1031 616 1146 700 depra-
1200 637 1282 699 quae
1303 637 1436 682 sensum
1458 625 1596 696 moveat,
1620 625 1765 700 apparet,
1789 639 1826 682 eo
1848 626 2037 699 sequuntur.
2067 619 2177 687 Homo

167 709 248 769 vata
268 710 318 767 est
340 703 446 767 omnis
467 701 638 780 industria,
659 702 897 784 perspicientia,
919 702 1145 787 intelligentia,
1199 723 1278 769 vero
1299 724 1359 767 nec
1385 700 1420 766 id
1441 702 1528 784 quod
1548 724 1625 768 vere
1647 704 1709 769 sibi
1729 704 1851 770 bonum
1873 705 1929 782 sit,
1957 726 2017 788 pro
2038 712 2177 772 33333333

167 809 258 867 cura,
280 797 319 853 ut
340 799 466 853 rectum
488 788 704 854 nihileoram
721 789 864 853 Domino
881 791 1067 872 excogitare
1090 796 1147 854 aut
1200 809 1279 853 suae
1305 788 1499 853 immortalis
1528 789 1737 869 excellentia,
1760 790 1893 854 ratione
1921 789 2048 874 deligit,
2077 800 2115 855 ut
2142 792 2175 857 id

167 874 321 940 meditari
341 873 461 957 queat?
505 874 607 939 Nobis
635 874 793 938 nimirum
820 873 891 959 (qui
912 875 1047 940 rationis
1069 896 1146 940 acu·
1200 874 1307 939 studio
1329 882 1556 956 persequatur;
1586 897 1648 940 nec
1670 877 1831 941 rationem
1856 875 1989 941 adhibet
2011 877 2047 941 in
2069 879 2174 942 consi-

167 961 267 1040 mine,
290 981 388 1042 33333
410 960 679 1042 pretiosissimam
700 959 808 1024 dotem
825 969 1025 1042 reputamus,
1049 981 1146 1044 aegre
1198 960 1295 1038 lium,
1324 982 1386 1026 330
1407 967 1552 1024 mentem
1574 960 1716 1025 intendit
1721 985 1730 1041 ;
1758 961 1814 1026 sed
1837 963 1908 1026 3133
1936 963 2076 1040 ratione,
2104 965 2175 1029 sine

167 1047 312 1130 patimur
338 1045 486 1130 spoliari)
515 1045 635 1110 durum
663 1046 699 1109 id
725 1047 823 1110 nimis
843 1046 989 1125 videtur3
1019 1047 1146 1128 spiritui
1199 1046 1341 1121 consilio,
1364 1054 1501 1111 3333333
1523 1047 1769 1112 inclinationem
1788 1049 1893 1112 instar
1914 1047 2047 1130 pecudis
2069 1050 2175 1131 sequi-

167 1138 279 1198 autem
301 1140 414 1197 sancto
436 1133 679 1214 aequissimum,
702 1133 757 1213 qui
779 1132 872 1197 novit
890 1154 1003 1197 omnes
1025 1133 1146 1215 cogita
1199 1140 1261 1196 tur.
1295 1132 1388 1217 Nihil
1410 1153 1488 1215 ergo
1509 1132 1571 1198 hoc
1593 1133 1784 1198 331331313311
1805 1134 1998 1212 libertatem,
2018 1135 2176 1202 anhomo

167 1219 273 1284 30303
290 1219 477 1300 sapientum
494 1238 598 1282 vanas
616 1239 696 1296 esse,
716 1223 749 1282 33
765 1218 821 1300 331
839 1218 926 1283 clare
945 1218 1144 1301 pronuntiat,
1199 1239 1297 1282 sensu
1328 1225 1466 1282 naturae
1494 1217 1536 1282 ad
1556 1219 1678 1284 bonum
1706 1220 1924 1302 appetendum
1950 1221 2088 1300 feratur;
2118 1220 2175 1286 sed

167 1325 264 1369 omne
285 1305 482 1387 figmenmm
500 1303 637 1368 humani
655 1303 761 1369 cordis
778 1304 1004 1369 tantummodo
1021 1303 1146 1368 malum
1198 1302 1260 1369 hoc
1292 1304 1482 1386 requiritur,
1517 1311 1555 1369 ut
1584 1306 1706 1370 bonum
1741 1312 1830 1372 recta
1858 1307 1982 1371 ratione
2010 1305 2174 1385 diiudicet,

167 1390 342 1475 (Ρ33194,
364 1394 411 1453 11.
447 1389 531 1454 Gen.
553 1395 581 1468 6,
602 1394 620 1452 3
639 1397 673 1454 33
690 1396 719 1468 8,
741 1388 806 1475 21).
852 1388 890 1455 Si
911 1389 1069 1473 quidquid
1095 1391 1146 1454 in·
1198 1390 1365 1473 cognitum
1392 1390 1505 1473 eligat,
1536 1391 1675 1456 electum
1704 1399 1924 1474 persequatur.
1976 1393 2027 1456 Ae
2053 1414 2096 1456 33
2123 1393 2176 1458 331

167 1476 302 1559 genium
328 1482 479 1543 nostrum
507 1475 661 1557 concipit,
682 1477 801 1560 agitat,
824 1476 978 1554 instituit,
1001 1476 1144 1554 molitur,
1198 1475 1369 1558 scrupulus
1395 1475 1579 1556 inhaereat,
1609 1477 1827 1542 advertendus
1855 1484 1904 1542 est
1932 1477 2052 1560 duplex
2079 1499 2176 1560 para-

166 1582 297 1644 eemper
315 1561 441 1626 malum
462 1568 525 1639 est,
549 1562 605 1642 qui
626 1561 661 1625 in
683 1569 828 1626 mentem
848 1562 942 1627 nobis
962 1563 1073 1628 veniat
1093 1562 1145 1625 in-
1196 1561 1362 1645 logismus.
1413 1562 1500 1626 Nam
1527 1570 1561 1626 et
1589 1563 1751 1646 appetitus
1779 1564 1832 1629 hie
1855 1584 1920 1628 non
1946 1565 2096 1646 proprius
2117 1585 2175 1629 vo-

167 1648 303 1713 stituere
324 1647 410 1730 quod
431 1647 503 1711 Deo
525 1647 666 1729 placeat,
694 1648 746 1712 eui
774 1648 843 1712 sola
863 1648 1019 1714 sanctitas
1041 1655 1073 1712 33
1095 1649 1145 1711 iu·
1197 1646 1332 1712 luntatis
1353 1654 1469 1725 motus,
1484 1647 1508 1732 ¹)
1529 1648 1587 1713 sed
1608 1649 1768 1714 naturalis
1789 1648 1966 1727 inclinatio,
1989 1655 2023 1713 ct
2043 1651 2174 1728 bonum,

167 1734 257 1799 stitia
285 1743 419 1816 accepta
446 1732 519 1798 est?
564 1733 617 1796 Itc
638 1733 750 1798 videre
778 1742 843 1812 333,
872 1734 992 1799 mentis
1014 1741 1145 1798 nostrae
1197 1755 1262 1797 303
1284 1734 1416 1798 virtutis
1438 1742 1495 1798 aut
1517 1735 1660 1800 iustitiae
1678 1733 1869 1817 appellatur,
1893 1735 1950 1800 sed
1968 1736 2173 1801 conditionis:

167 1820 336 1897 rationem,
361 1840 488 1901 330330
510 1840 545 1883 33
567 1826 684 1896 vertat,
709 1840 780 1885 3330
791 1820 931 1884 vanitati
952 1820 1070 1885 misere
1088 1821 1145 1884 ob·
1197 1826 1235 1882 33
1254 1820 1377 1884 scilicet
1406 1819 1502 1884 homo
1523 1822 1606 1886 bene
1633 1821 1761 1885 habeat.
1808 1819 1948 1901 Quando
1969 1823 2070 1904 igitur
2091 1821 2175 1885 nihil

166 1905 309 1970 noxiam.
333 1904 442 1970 Huius
455 1904 686 1970 imbecillitatis
699 1906 760 1970 sibi
782 1907 929 1971 conscius
943 1913 1015 1970 erat
1023 1905 1143 1983 David,
1198 1904 1462 1987 adprehendam
1484 1907 1610 1972 arbitrii
1637 1907 1824 1972 libertatem
1845 1907 1923 1972 facit
1944 1907 2093 1971 naturale
2115 1907 2175 1971 ho·

167 2011 268 2073 33333
274 1992 406 2073 petebat
416 1991 478 2056 sibi
485 1990 555 2055 dari
567 1991 778 2069 intellectum,
792 1991 834 2055 ad
847 1990 1144 2056 mandataDomini
1178 1992 1340 2056 minibus
1361 1992 1445 2056 bene
1467 1991 1608 2056 habendi
1631 1992 1845 2070 desiderium,
1873 2014 1940 2057 non
1961 1994 2066 2076 magis
2089 1993 2175 2058 scili·

167 2084 255 2142 recte
277 2075 431 2143 discenda
457 2076 559 2161 (Psal
583 2081 652 2152 119,
673 2078 738 2162 34).
782 2077 897 2142 Innuit
918 2079 1021 2155 33133,
1048 2099 1144 2142 suum
1196 2084 1250 2141 oet
1270 2098 1368 2159 quam
1390 2078 1426 2141 in
1446 2078 1588 2143 metallis
1610 2086 1644 2142 et
1663 2077 1835 2161 lapidibus,
1860 2078 1902 2142 ad
1919 2079 2079 2144 essentiae
2097 2099 2175 2143 suae

87 2202 93 2213 ·
166 2162 337 2246 ingenium
358 2183 563 2245 nequaquam
583 2162 741 2240 sufficere,
762 2164 819 2245 qui
836 2184 958 2229 novum
975 2164 1145 2248 obtingere
1196 2163 1427 2244 perfectionem
1443 2163 1606 2229 inclinans
1622 2164 1760 2242 affectio,
1779 2166 1815 2228 in
1833 2164 1906 2230 aliis
1923 2165 2174 2243 consideremus,

166 2249 229 2313 sibi
250 2248 348 2330 cupit.
395 2248 503 2329 Neque
522 2249 558 2312 id
578 2248 670 2312 semel
695 2249 786 2329 facit,
813 2250 923 2313 sedin
943 2269 1005 2313 uno
1021 2249 1145 2330 psalm
1197 2249 1283 2313 31333
1297 2249 1427 2330 penitus
1440 2250 1489 2313 ita
1499 2250 1589 2313 omni
1604 2271 1645 2314 ex
1657 2257 1751 2333 parte
1761 2251 1879 2315 vitiata
1890 2259 2107 2333 corruptaque
2117 2272 2175 2315 vo·

165 2334 264 2399 decies
282 2334 349 2415 sere
369 2336 476 2415 repetit
496 2334 623 2399 0033133
633 2336 848 2415 metatorem
885 2335 954 2416 Qua
970 2336 1145 2416 repetitione
1197 2334 1316 2412 luntas,
1335 2335 1466 2399 utnihil
1479 2336 1543 2400 nisi
1555 2335 1678 2399 malum
1691 2342 1839 2420 generet;
1854 2336 2104 2419 anpartieulam
2116 2336 2175 2400 ali-

165 2419 341 2485 aabiiidicat
371 2425 488 2500 3330330
520 2421 563 2484 ad
587 2421 755 2501 3033331033
785 2421 959 2485 necessitate
988 2427 1143 2505 urgeatur.
1197 2441 1295 2501 quam
1303 2419 1450 2485 illaesam
1461 2422 1609 2499 retineat,
1621 2422 1709 2486 unde
1720 2428 1898 2486 nascantur
1907 2422 1994 2486 bona
2005 2421 2173 2488 desideria.

166 2504 212 2570 Ie
231 2506 313 2586 quod
338 2506 392 2570 ille
415 2506 476 2570 eibi
496 2508 554 2570 uei
570 2507 664 2587 333113,
695 2505 820 2572 Paulus
840 2507 1038 2571 mmciuciter
1058 2507 1145 2572 00010
1283 2509 1333 2570 46.
1380 2505 1447 2586 Qui
1473 2507 1598 2590 primae
1618 2508 1683 2572 Dei
1712 2507 1836 2590 gratiae
1863 2509 2013 2573 tribuunt
2039 2515 2076 2571 ut
2104 2508 2173 2573 effi-

165 2593 226 2656 3113
240 2593 369 2677 precari
389 2591 463 2656 solet
491 2591 593 2677 (Phil.
616 2597 643 2671 1,
662 2597 691 2657 4.
721 2591 905 2675 (10139).
952 2593 1025 2657 Noc
1046 2613 1145 2658 cessa-
1197 2592 1483 2671 cacitervelimus,
1507 2592 1702 2659 econverso
1724 2594 1860 2656 innuere
1881 2591 2042 2671 videntur,
2065 2594 2173 2659 inesse

163 2697 250 2757 3333,
276 2678 390 2758 inquit,
419 2698 509 2741 orare
525 2698 586 2759 pro
606 2677 691 2742 cobis
717 2679 932 2759 apostatare,
963 2683 998 2742 at
1018 2679 1145 2760 implea-
1195 2678 1384 2743 facultatem
1411 2679 1553 2758 animae,
1580 2679 1667 2754 ultro
1694 2678 1737 2742 ad
1761 2679 1883 2742 bonum
1906 2677 2072 2760 aspirandi
2079 2701 2086 2758 ;
2116 2679 2175 2744 sed

164 2765 246 2827 mirri
268 2764 421 2847 3333133030
449 2763 514 2828 1101
541 2766 576 2828 iii
598 2766 681 2829 cinai
702 2766 875 2845 praedestin
896 2770 924 2828 et
944 2764 1144 2848 intettipeatia
1195 2764 1449 2844 imbecilliorem,
1467 2787 1567 2849 quam
1584 2786 1667 2848 quae
1684 2766 1720 2828 in
1738 2763 1879 2829 solidum
1897 2764 2051 2829 affectum
2068 2785 2173 2828 emer·

163 2849 334 2939 3313130311,
356 2854 391 2912 ut
412 2848 687 2932 ambuletisque
708 2849 783 2930 Dec,
807 2857 856 2916 ete.
898 2851 1020 2932 Quoties
1042 2855 1143 2915 aetem
1196 2870 1282 2932 gere,
1306 2856 1363 2914 333
1384 2859 1537 2916 conatum
1558 2853 1699 2916 excitare
1717 2850 1826 2932 possit.
1855 2850 1924 2915 Nec
1943 2849 2077 2914 dubium
2094 2851 2174 2932 quin

163 2956 237 3000 eam
256 2955 319 3000 rem
336 2934 401 2999 Dei
418 2935 594 3017 5330301333
609 2938 695 3018 facit,
712 2938 945 3001 remiserimus
962 2936 1144 3001 0333313331
1195 2935 1282 2999 hanc
1304 2936 1499 3018 opinionem,
1523 2937 1564 3001 ab
1586 2936 1731 3019 Origene
1753 2944 1786 3000 et
1808 2944 1957 3001 veterum
1979 2935 2174 3018 quibusdam

163 3021 288 3101 aare,
314 3041 375 3084 aon
397 3041 462 3086 esse
482 3024 517 3086 ia
544 3021 680 3086 13033310
699 3022 846 3103 facultate
862 3024 1006 3103 positam.
1050 3021 1143 3087 Adeo
1197 3028 1370 3103 sumptam,
1390 3023 1574 3088 scholastici
1586 3022 1802 3088 communiter
1815 3021 1958 3104 amplexi
1970 3023 2049 3101 sint;
2068 3043 2174 3104 quan·

162 3116 276 3172 autem
297 3107 385 3173 hunc
413 3108 549 3172 rationis
571 3107 733 3173 defectum
756 3107 799 3172 ad
825 3108 1040 3191 intelligenda
1060 3128 1143 3191 quae
1198 3107 1238 3182 de
1260 3107 1365 3172 solent
1386 3108 1553 3196 hominem
1573 3109 1608 3171 in
1625 3109 1726 3191 puris,
1749 3116 1787 3171 ut
1805 3106 2175 3258 IQQ

162 3193 229 3258 Dei
251 3200 342 3271 3333,
373 3194 508 3277 agnovit
528 3194 743 3277 Augustinus,
757 3192 781 3277 ¹)
809 3201 934 3259 utnon
954 3195 1063 3259 minus
1084 3215 1143 3259 33-
1197 3193 1439 3342 1333Ή333333.
1492 3192 1634 3276 Qualem
1661 3193 1815 3260 describit
1836 3194 2001 3277 apostolus
2122 3216 2173 3258 er-

1279 3214 1315 3257 re

162 3279 341 3346 cessariam
378 3280 542 3345 mentibus
580 3279 828 3345 illuminationis
869 3281 1009 3363 gratiam
1041 3288 1142 3362 putet,
1196 3279 1281 3363 bis(
1316 3272 1427 3358 om]
1450 3285 1487 3343 15
1507 3288 1540 3344 et
1560 3279 1628 3366 19):
1660 3302 1726 3344 non
1747 3279 1832 3362 quod
1856 3280 1929 3345 volo
1952 3280 2089 3357 bonum,
2113 3280 2174 3345 hoc

161 3385 265 3447 quam
285 3365 396 3442 003113,
419 3365 496 3430 30113
516 3367 632 3430 lucem.
662 3366 732 3432 Nec
754 3388 792 3430 30
814 3374 994 3444 contentus,
1017 3387 1143 3432 correc-
1195 3366 1294 3444 facio;
1317 3365 1374 3430 sed
1397 3365 1483 3448 quod
1505 3367 1580 3430 nolo
1601 3366 1735 3444 malum,
1759 3366 1820 3431 1300
1839 3387 1916 3448 ago;
1939 3365 2022 3430 velle
2047 3364 2174 3429 adiacet

162 3451 288 3515 tionem
316 3452 459 3529 subiicit,
489 3450 575 3534 quod
601 3452 709 3517 oculos
731 3453 793 3535 ipsi
820 3449 983 3536 aperimus
1006 3451 1047 3516 ad
1074 3473 1143 3518 cer-
1196 3451 1293 3531 mihi,
1321 3453 1477 3534 perficere
1500 3461 1609 3517 autem
1631 3474 1698 3517 non
1727 3453 1866 3518 invenio.
1912 3449 1980 3515 Sed
2001 3471 2174 3532 perperam
2251 3460 2256 3471 “

163 3535 309 3602 nondam
331 3537 450 3618 lucem;
479 3538 599 3602 mentis
621 3546 731 3602 autem
752 3538 851 3616 oculi,
874 3540 938 3603 nisi
960 3559 979 3602 a
1000 3539 1143 3603 Domino
1195 3536 1257 3602 hoc
1274 3536 1370 3603 modo
1387 3539 1563 3603 invertitur
1580 3546 1656 3618 3033,
1678 3559 1776 3620 quam
1794 3537 1861 3601 illic
1879 3537 2068 3618 exsequitur
2085 3536 2173 3600 Pau·

163 3623 365 3706 aperiantur,
389 3622 491 3688 clausi
512 3631 654 3688 manent.
805 3652 807 3656 ⁴
1196 3623 1262 3700 lus,
1289 3622 1473 3706 disputatio.
1524 3625 1659 3690 Tractat
1685 3625 1774 3687 enim
1800 3622 1840 3687 de
1867 3623 1955 3688 lucta
1985 3621 2172 3699 christiana,

250 3712 301 3772 45.
346 3709 579 3774 Examinanda
604 3731 691 3775 nunc
713 3710 879 3787 voluntas,
907 3711 942 3773 in
965 3730 1029 3791 qua
1048 3730 1143 3792 prae·
1195 3729 1294 3791 quam
1316 3711 1448 3775 brevius
1470 3711 1603 3795 attingit
1624 3709 1666 3774 ad
1689 3707 1987 3794 (13133333),
2015 3728 2114 3790 quam
2134 3708 2173 3772 fi·

162 3794 260 3876 cipue
281 3794 409 3859 arbitru
429 3785 563 3860 13533333
584 3791 733 3860 vertrr.
780 3790 1051 3877 Quandoquidem
1072 3817 1143 3861 333
1196 3793 1284 3860 313133
1311 3796 1346 3859 13
1368 3796 1521 3860 conflictu
1554 3796 1662 3861 carnis
1685 3802 1718 3858 et
1746 3795 1880 3877 spiritus
1902 3795 1938 3857 in
1960 3815 1994 3858 se
2016 3803 2173 3876 perpetuo

161 3881 216 3963 gis
249 3879 347 3945 huius
369 3902 439 3945 esse
467 3882 673 3960 electionem,
707 3902 805 3964 quum
832 3881 1032 3960 intellectus,
1067 3887 1143 3947 ante
1195 3881 1348 3945 3333333
1398 3882 1503 3946 Porro
1530 3882 1663 3964 spiritus
1690 3902 1757 3945 non
1786 3901 1806 3944 a
1833 3887 1952 3944 natura
1978 3884 2043 3956 est,
2074 3879 2173 3945 seda

160 3966 273 4031 visum
295 3973 353 4031 est
398 3967 578 4050 Principio,
608 3967 813 4049 3033131331
841 3967 1005 4031 humanae
1026 3967 1142 4032 volun·
1195 3967 1449 4050 regeneratione.
1501 3967 1608 4050 Loqui
1631 3972 1741 4032 autem
1767 3966 1948 4048 apostolum
1968 3964 2009 4030 de
2037 3987 2172 4049 regene-

162 4052 244 4116 tatis
263 4052 494 4117 rectitudinem
515 4054 678 4135 pertinere
700 4052 865 4132 videatur,
888 4052 974 4135 quod
996 4075 1016 4117 a
1036 4053 1143 4134 philo·
1194 4052 1274 4117 ratis
1301 4050 1379 4116 inde
1406 4060 1548 4131 constat,
1582 4051 1668 4135 quod
1693 4052 1749 4117 ubi
1776 4051 1905 4116 dixerat
1931 4052 1967 4115 in
1989 4073 2024 4116 se
2050 4052 2173 4117 bonum

161 4137 278 4220 sophis
316 4136 474 4202 traditum
512 4139 640 4221 publico
678 4160 838 4204 consensu
877 4147 1044 4221 receptum
1083 4146 1141 4218 est,
1195 4137 1323 4201 nullum
1350 4138 1515 4217 habitare,
1550 4139 1714 4204 subnectit
1734 4137 1985 4220 expositionem,
2015 4136 2172 4219 3303113-

161 4224 277 4289 omnia
296 4223 439 4288 natur-uli
466 4225 624 4290 instinctu
651 4224 773 4289 bonum
794 4232 960 4307 appetere:
991 4225 1141 4290 observe-
1194 4223 1322 4306 telligat
1349 4223 1389 4287 dc
1416 4246 1514 4290 earne
1541 4246 1609 4290 sua.
1661 4224 1804 4307 Ideoque
1828 4230 1930 4307 negat
1956 4245 1991 4288 33
2019 4243 2089 4287 esse
2116 4222 2173 4304 qui

162 4329 241 4375 mus
261 4309 356 4376 liberi
377 4310 504 4375 arbitrii
527 4312 595 4376 vim
617 4331 684 4375 303
710 4310 979 4376 considerandam
1000 4312 1036 4375 in
1056 4311 1142 4376 3133-
1194 4309 1319 4373 malum
1339 4310 1445 4388 faeiat,
1469 4311 1527 4375 sed
1545 4316 1715 4393 peccatum
1736 4311 1773 4374 in
1795 4332 1829 4375 se
1851 4310 2047 4374 inhabitans.
2082 4304 2171 4386 Quid

161 4394 255 4459 modi
280 4396 426 4478 appetitu
432 4419 441 4475 ;
468 4397 524 4479 qui
549 4397 655 4480 magis
683 4397 724 4461 ab
753 4398 912 4461 essentiae
932 4396 1141 4463 inclinatione
1194 4395 1256 4460 sibi
1276 4395 1349 4460 vult
1368 4395 1464 4461 illud:
1487 4396 1523 4461 in
1544 4418 1606 4475 me,
1630 4397 1691 4462 hoc
1709 4403 1759 4461 333
1775 4397 1810 4460 13
1828 4417 1927 4461 carne
1944 4393 2040 4459 mea?
2069 4392 2170 4456 Nem·

163 4500 266 4563 quam
296 4483 419 4549 333333
448 4480 681 4547 deliberatione
711 4483 935 4564 proficiscitur.
991 4482 1080 4546 Nam
1108 4489 1143 4546 et
1193 4502 1234 4563 pe
1256 4503 1294 4546 ac
1316 4483 1343 4546 si
1365 4482 1400 4545 in
1423 4482 1510 4548 hunc
1527 4482 1661 4547 modum
1682 4483 1880 4565 loquelatur:
1903 4503 1969 4545 non
1988 4478 2114 4543 habitat
2135 4478 2170 4542 in

162 4565 350 4634 scholastici
371 4568 516 4632 fatentur
537 4569 664 4633 nullam
685 4589 756 4633 3333
777 4568 872 4634 1113031
894 4568 1021 4634 arbitrii
1042 4568 1141 4632 actio·
1193 4588 1246 4632 me
1268 4567 1390 4632 bonum
1413 4589 1433 4632 a
1453 4591 1507 4634 me
1528 4569 1613 4651 ipso;
1635 4590 1714 4634 nam
1735 4570 1771 4632 in
1793 4588 1892 4633 carne
1913 4587 1987 4629 mea
2008 4562 2092 4627 nihil
2112 4563 2170 4629 bo-

161 4672 252 4733 nam,
274 4654 339 4719 nisi
361 4652 441 4718 dum
463 4675 498 4719 se
520 4655 603 4718 ratio
625 4654 725 4720 vertit
746 4653 788 4717 331
805 4656 959 4737 opposita.
993 4652 1141 4734 (13013-
1193 4653 1228 4716 31
1249 4654 1393 4735 reperire
1420 4661 1478 4720 333.
1522 4654 1611 4720 Η130
1633 4655 1779 4737 sequitur
1805 4653 1863 4717 1113
1890 4651 2012 4733 species
2034 4670 2169 4715 excusa·

162 4739 326 4824 telligunt,
345 4746 494 4821 oportere
512 4741 675 4824 appetitus
691 4740 853 4804 obiectum
869 4738 935 4803 tale
953 4760 1032 4818 esse,
1055 4738 1142 4821 quod
1193 4739 1306 4803 tionis:
1335 4761 1402 4804 303
1429 4741 1511 4811 13010
1532 4740 1657 4805 malum
1684 4742 1768 4822 ipse,
1800 4738 1857 4803 sed
1881 4736 1967 4820 quod
1988 4734 2116 4800 habitat
2134 4735 2170 4799 in

162 4824 315 4891 01303031
343 4826 521 4905 subiaceat,
536 4832 584 4891 et
604 4826 868 4892 deliberationem
885 4826 1029 4907 praeire,
1057 4845 1141 4908 quae
1193 4845 1247 4888 me
1268 4830 1453 4907 peceatum;
1480 4848 1563 4909 quae
1591 4826 1667 4891 30113
1695 4825 1895 4910 regeneratis
1918 4822 2086 4903 competit,
2113 4822 2169 4904 qui

162 4911 314 4977 electioni
340 4912 431 4977 viam
457 4919 591 4977 sternat.
634 4912 682 4977 Et
707 4932 787 4977 sane
815 4911 844 4976 31
870 4912 1024 4993 respicias
1045 4909 1141 4995 quale
1194 4910 1370 4992 praecipua
1397 4912 1525 4977 animae
1550 4920 1644 4994 parte
1677 4910 1719 4976 ad
1746 4911 1868 4975 bonum
1899 4906 2046 4972 tendunt.
2097 4907 2170 4971 Iam

163 4998 210 5062 sit
228 4997 317 5063 istud
336 4997 487 5062 naturale
505 4998 584 5063 boni
611 4999 646 5062 in
666 4998 800 5063 homine
821 4996 1026 5076 desiderium,
1048 4998 1140 5062 inve-
1193 5014 1272 5060 vero
1293 5016 1375 5078 quae
1397 4998 1567 5063 subiicitur
1587 4997 1750 5062 conclusio
1767 5001 1872 5058 totum
1891 4993 1953 5059 hoe
1974 4992 2096 5076 liquido
2113 4991 2169 5058 de-

165 5084 238 5150 nies
263 5084 312 5149 1111
339 5104 415 5150 cum
442 5081 559 5150 belluis
587 5104 658 5148 3333
684 5104 864 5150 commune.
917 5079 1087 5166 Siquidem
1108 5088 1141 5146 33
1192 5080 1304 5146 clarat.
1357 5080 1585 5162 Condelector,
1619 5083 1740 5164 inquit,
1768 5081 1833 5163 legi
1858 5080 1923 5144 Dei
1932 5081 1961 5164 ²)
1990 5078 2170 5146 secundum
2288 5138 2290 5143 .

236 5268 265 5338 1)
282 5271 341 5325 Lib.
359 5271 384 5324 2.
403 5272 438 5325 de
454 5280 587 5342 peccator.
606 5272 694 5325 merit.
713 5280 741 5325 et
757 5272 860 5325 remiss.
878 5287 900 5324 0.
918 5269 943 5324 5.
1263 5267 1293 5335 1)
1311 5270 1407 5322 modun
1426 5269 1494 5325 1550
1511 5285 1580 5340 seqq.
1639 5268 1681 5337 2)
1698 5271 1781 5324 033133.
1799 5266 1849 5322 1131
1868 5267 1937 5321 15130
1954 5275 1978 5323 et
1996 5284 2065 5339 seqq.
