4770 6030
177 343 241 405 405
953 333 1053 401 OAP.
1076 334 1141 401 HI.
1186 334 1251 403 Du
1270 333 1410 403 LEGE:
2123 345 2190 413 106

175 447 473 521 A7733743074.
1700 472 1704 479 ¹

175 531 245 594 eins
277 436 504 592 observatiorie
531 520 961 600 iudicandoe'Ohristianoe,
998 523 1075 606 quia
1089 578 1092 582 ,
1106 525 1150 589 611
1208 530 1281 588 erat
1301 525 1337 588 in
1357 524 1420 590 hcc
1442 522 1601 590 mandato
1624 522 1674 608 (id
1694 531 1813 591 vocant
1829 546 1889 591 sua
1905 525 2019 609 lingua
2036 526 2101 593 diei
2118 550 2191 613 sep·

175 615 293 680 umbra
329 613 378 676 rei
415 612 552 675 futurae.
608 610 686 674 Ideo
714 611 810 673 timet
834 631 877 674 ne
904 609 990 674 inter
1011 608 1149 674 Galatas
1207 610 1307 673 timae
1340 610 1567 694 taxationem),
1607 631 1777 677 remanere
1809 618 1921 676 autem
1947 613 2033 695 quod
2066 615 2190 685 morale

174 702 298 766 trustra
307 695 576 778 laboraritquod
596 695 702 760 adhuc
715 695 784 759 dies
797 694 1105 779 observarentfflal.
1118 701 1149 774 4,
1206 701 1270 761 est:
1293 714 1411 778 nempe
1432 696 1530 762 unius
1553 695 1618 761 diei
1641 697 1900 763 observationem
1922 698 1958 761 in
1976 697 2188 770 hebdomada

179 792 227 852 10.
249 784 312 869 11).
344 784 392 848 Et
411 781 454 846 ad
475 783 642 847 Romanos
665 779 732 865 (ld,
753 779 787 866 5)
811 782 929 846 asserit
949 782 1151 862 superstitio-
1206 780 1308 863 Atqui
1334 781 1370 845 id
1396 781 1481 847 nihil
1502 780 1593 847 aliud
1616 789 1680 859 est,
1710 804 1811 865 quam
1834 784 1871 848 in
1892 783 2091 849 Iudaeorum
2112 808 2188 854 con·

176 894 249 938 sum
271 892 355 947 esse,
385 870 415 934 si
442 869 515 951 quis
542 866 665 932 iudicat
691 868 778 932 inter
799 866 886 931 diam
902 872 943 939 et
963 864 1060 930 diem
1104 869 1153 932 Aa
1205 866 1376 931 tumeliam
1397 868 1485 932 diem
1505 875 1645 946 mutare,
1669 868 1733 933 diei
1755 870 1962 935 sanctitatem
1979 872 2088 937 animo
2110 893 2188 939 ean·

175 959 262 1041 quie,
285 962 415 1040 praeter
435 956 515 1019 istos
536 953 698 1018 duntaxat
717 953 869 1030 furiosos,
892 973 959 1017 non
979 952 1090 1018 videat
1111 952 1153 1018 de
1206 951 1280 1016 dem
1300 954 1456 1032 retinere;
1484 953 1647 1036 siquidem
1667 963 1779 1021 manet
1805 956 1897 1021 nobis
1920 957 2102 1025 etiamnum
2127 979 2189 1040 par

177 1066 240 1126 qua
261 1041 487 1108 observatione
507 1039 670 1122 intelligat
690 1038 874 1121 apostolus?
908 1037 985 1102 Nan
1006 1039 1095 1103 enim
1116 1039 1153 1103 in
1204 1040 1352 1121 mysterii
1379 1040 1416 1103 in
1443 1037 1557 1105 diebus
1588 1041 1799 1123 significatio,
1833 1062 1919 1123 quae
1940 1041 2028 1123 apud
2049 1042 2188 1113 Iudaeos

176 1132 277 1195 finem
297 1129 397 1193 istum
418 1126 587 1208 politicum
607 1132 641 1189 et
657 1124 913 1190 ecclesiasticum
930 1123 1079 1189 ordinem
1100 1146 1152 1190 re-
1204 1124 1312 1189 locum
1333 1123 1482 1192 babebat.
1517 1125 1564 1189 Et
1586 1147 1667 1191 sane
1688 1125 1838 1192 videmus
1860 1127 1939 1209 quid
1959 1128 2018 1193 tali
2039 1128 2188 1199 doctriua

177 1215 370 1299 spiciebant:
399 1211 457 1276 sed
479 1233 594 1294 quum,
623 1218 780 1293 tanquam
801 1231 913 1275 rerum
934 1210 1153 1292 spiritualium
1203 1210 1407 1291 profecerint
1452 1210 1772 1292 anomoeorum
1793 1213 2078 1279 constitutionibus
2105 1215 2184 1283 haa-

178 1303 311 1366 umbras
343 1299 538 1375 retinerent,
560 1296 757 1361 tantundem
784 1296 1001 1362 obseruabant
1026 1295 1153 1361 Obristi
1204 1301 1293 1374 rent,
1346 1317 1458 1362 cressa
1502 1297 1691 1382 carnalique
1728 1297 1919 1364 sabbatismi
1956 1300 2187 1382 superstitione

178 1387 317 1471 gloriam
337 1390 371 1449 61
392 1383 555 1466 evangelii
580 1381 695 1447 lucem.
740 1383 774 1447 A
799 1383 979 1447 manuariis
1001 1382 1152 1464 oporibus
1204 1380 1343 1446 Iudaeos
1370 1389 1421 1447 ter
1441 1389 1608 1465 superant
1652 1383 1701 1450 Ut
1723 1384 1827 1449 nihilo
1855 1385 1964 1450 minus
1986 1384 2084 1451 hodie
2104 1386 2186 1468 ipsis

177 1493 244 1537 non
263 1470 336 1535 ideo
356 1470 567 1547 feriabantrr,
589 1468 677 1550 quod
698 1476 809 1536 essent
826 1489 846 1533 a
863 1468 964 1533 saeris
980 1467 1097 1533 stadiis
1119 1475 1153 1533 ot
1205 1468 1673 1554 conveniantobiurgatienes,
1697 1491 1781 1551 qnae
1802 1469 1890 1553 apud
1906 1471 2048 1536 Iesaiam
2065 1471 2110 1556 (1,
2128 1475 2185 1552 1³3

176 1556 441 1622 meditationibus
468 1561 693 1632 avocamenta;
727 1553 785 1618 sed
815 1552 974 1636 religione
999 1553 1149 1635 quadam,
1206 1557 1256 1631 58,
1278 1552 1633 1638 13)legima1r,quam
1649 1556 1699 1635 iis,
1722 1576 1803 1639 quos
1820 1577 1881 1622 sua
1899 1563 2006 1623 aetate
2023 1557 2185 1640 propheta

176 1643 263 1727 quod
291 1641 438 1706 feriando
469 1641 627 1725 mysteria
652 1639 731 1704 olim
757 1637 984 1705 commendata
1008 1638 1152 1705 recolere
1203 1639 1400 1722 increpabat

177 1752 211 1794 ee
233 1728 448 1794 somniabant
480 1726 523 1790 In
539 1726 634 1803 hane,
657 1727 799 1808 inquam,
821 1731 1065 1807 praeposteram
1082 1725 1150 1791 die-
1357 1728 1372 1745 '

177 1836 250 1879 rum
270 1813 499 1878 discretionem
524 1811 693 1876 invehitur
717 1810 896 1893 apostolus,
923 1831 991 1875 non
1011 1812 1048 1875 in
1068 1810 1150 1895 legi-

177 1903 294 1965 timum
314 1899 485 1976 delectum,
507 1898 563 1981 qui
584 1897 747 1963 societatis
768 1897 966 1962 christianae
987 1897 1059 1979 paci
1081 1919 1149 1962 ser-
1408 1897 1725 1965 PRAEOEP'FUM
1748 1896 1971 1979 QUHWUbi.

176 1989 251 2052 viat
298 1982 468 2067 Siquidem
493 1984 530 2047 in
550 1983 694 2048 ecelesiis
719 1983 761 2046 ab
788 2003 825 2047 eo
851 1983 1011 2049 institutis
1032 1983 1149 2049 sabba·

175 2073 271 2136 thum
292 2071 438 2170 ialhune
459 2091 557 2169 asum
578 2069 789 2134 retinebatu·
834 2068 934 2133 Illum
952 2070 1040 2150 enim
1062 2069 1149 2135 diam
1202 2071 1379 2156 Honora
1407 2084 1575 2185 patrem
1604 2084 1730 2156 tuum
1752 2085 1797 2156 et
1824 2086 2017 2181 matrem,
2048 2085 2100 2157 ut
2124 2075 2182 2159 sis

174 2158 367 2240 praescnb1t
393 2155 574 2221 Corinthus
596 2153 629 2304 51
651 2154 725 2219 Oor.
747 2158 801 2232 11,
824 2152 873 2238 2),
906 2175 971 2237 quo
1002 2155 1150 2239 symbola

176 2244 218 2308 aa
241 2242 456 2307 sublevandos
479 2240 921 2325 stemmataclara
942 2240 1147 2324 ananan.
1201 2191 1437 2305 longaevus
1461 2222 1588 2305 super
1617 2203 1790 2302 terram,
1820 2193 2180 2331 quamnominus

176 2328 216 2394 Si
236 2331 371 2392 timetur
391 2328 592 2410 superstitio,
613 2326 688 2408 plus
709 2331 781 2390 erat
801 2325 937 2407 periculi
957 2327 1150 2402 injudaieis
1344 2313 1464 2396 Deus
1495 2324 1598 2396 111116
1628 2313 1807 2396 (laturus
1838 2324 1907 2396 661
1935 2317 2025 2397 11111.
2077 2361 2086 2369 -

176 2415 280 2491 feriis,
309 2435 407 2497 quam
427 2415 464 2478 in
485 2412 657 2477 dominicis
679 2411 775 2496 (quos
795 2432 884 2476 nune
905 2411 1030 2477 babent
1051 2412 1149 2478 Obri-

176 2499 289 2585 stiani)
311 2499 432 2565 diebus.
476 2498 564 2563 Nam
589 2497 677 2580 quod
697 2497 740 2562 ad
761 2496 972 2564 evertendam
993 2500 1149 2580 supereti-
1289 2500 1339 2562 57.
1383 2496 1477 2562 Finis
1498 2502 1562 2562 est:
1586 2497 1740 2580 quoniam
1755 2497 1899 2562 Domino
1915 2497 1988 2562 Deo
2010 2520 2088 2564 suae
2110 2498 2176 2567 dis·

177 2588 297 2651 tionem
324 2585 532 2668 expediebat,
565 2583 713 2649 sublatus
741 2589 792 2649 ast
819 2582 951 2648 Iudaeis
978 2584 1150 2668 religiosus
1201 2582 1369 2664 positionis
1396 2582 1599 2648 conservatio
1630 2582 1720 2649 cordi
1747 2589 1806 2662 cst,
1840 2581 2005 2649 ordinatos
2038 2586 2079 2649 ab
2105 2586 2176 2734 ipso

178 2672 259 2752 dies;
281 2671 367 2754 quod
389 2671 515 2749 decoro,
536 2668 658 2749 ordini,
680 2670 767 2752 paci,
790 2670 826 2733 in
848 2669 984 2735 eeclesia
1004 2670 1149 2735 retinen-
1202 2668 1399 2734 eminentiae
1425 2667 1547 2752 gradus
1573 2677 1723 2752 oportere
1750 2668 1937 2735 1161166666
1961 2669 2114 2735 inviolab'
2130 2691 2174 2736 es

178 2758 227 2823 dis
252 2759 473 2823 necessarium
501 2761 585 2836 erat,
613 2755 697 2820 alter
722 2756 758 2819 in
785 2776 861 2821 eum
882 2777 980 2820 usum
1007 2754 1149 2821 (16611116-
1203 2751 1343 2819 Summa
1367 2755 1469 2837 igitur
1491 2754 1569 2833 erit,
1599 2761 1638 2820 ut
1657 2775 1737 2839 quos
1763 2754 1856 2821 nobis
1883 2756 2039 2837 praefecit
2059 2755 2175 2820 Domi-

177 2852 230 2909 tus
251 2851 309 2909 est
1201 2860 1282 2918 nus,
1304 2860 1359 2905 cos
1381 2841 1609 2923 suspiciamus,
1632 2861 1749 2922 eosque
1772 2839 1949 2906 ethonore
1970 2848 2004 2905 et
2024 2840 2177 2907 obedien·

264 2933 314 2993 56.
351 2929 537 3009 0661166661
552 2947 614 2992 aaa
629 2928 697 2992 ciac
713 2925 827 2992 11616616
845 2926 1042 3007 amineae,
1061 2947 1151 3008 quaa
1201 2926 1249 2990 tia
1281 2932 1316 2990 61
1341 2925 1541 3010 gratitudine
1572 2947 1814 3010 prosequamur.
1827 2927 1853 3010 ¹)
1903 2926 2000 2992 Unde
2031 2928 2177 3010 sequitur

175 3033 328 3093 6666161116,
351 3015 447 3092 dmm,
469 3019 580 3079 6616166
600 3014 635 3077 ia
656 3013 754 3078 166611
775 3012 916 3078 sabbathi
931 3013 1149 3097 abegerant.
1201 3010 1420 3091 interdictum,
1443 3032 1486 3077 ne
1504 3012 1583 3094 quid
1599 3034 1713 3078 eorum
1730 3012 1890 3096 dignitati,
1908 3013 1962 3078 vel
1980 3020 2175 3095 contemptu,

178 3101 382 3180 Numquam
401 3120 490 3164 66166
510 3101 599 3164 illias
615 3099 735 3181 quietis,
756 3103 953 3179 6661166116
969 3099 1151 3164 secatam
1201 3096 1255 3163 vel
1282 3099 1499 3175 contumacia,
1533 3098 1586 3163 161
1617 3097 1852 3183 ingratitudine
1874 3097 2074 3183 derogemus.
2119 3097 2177 3166 Sic

177 3185 395 3263 adumbrabat,
417 3187 453 3249 ia
473 3187 690 3250 ressurectione
711 3184 843 3249 Domini
861 3185 937 3265 (iaie
957 3187 1000 3249 eit
1020 3207 1056 3250 aa
1073 3205 1150 3250 aona
1201 3183 1289 3248 enim
1310 3183 1376 3248 late
1397 3190 1488 3266 patet
1508 3184 1704 3250 vocabulum
1724 3183 1857 3249 honoris
1872 3185 1909 3249 in
1925 3185 2095 3267 scriptura.
2130 3185 2178 3251 Ut

170 3272 373 3354 placeam,
400 3272 468 3351 ipso
489 3272 552 3351 dia,
579 3273 635 3352 qai
656 3270 776 3335 ambit
796 3271 889 3352 fierem
910 3271 1027 3349 aaut,
1047 3271 1151 3337 admo-
1201 3290 1303 3351 quum
1335 3268 1414 3335 dicit
1446 3269 1610 3352 apostolus
1654 3275 1669 3335 1
1697 3271 1780 3335 rim.
1809 3274 1844 3348 5,
1872 3270 1927 3354 11)
1958 3272 2176 3356 presbyteros,

176 3363 288 3422 666161
299 3355 481 3435 Otadinoi,
503 3378 542 3421 aa
561 3357 722 3421 6161161111
742 3358 949 3422 wentoniae
961 3357 1149 3422 1116616611.
1201 3356 1257 3436 qui
1278 3355 1361 3421 bene
1382 3362 1553 3437 praesunt,
1575 3355 1641 3439 dup
1658 3358 1664 3371 '
1684 3354 1841 3421 i'bonore
1864 3355 1979 3439 dignos
2001 3378 2086 3435 esse,
2108 3378 2176 3423 non

176 3444 290 3525 Neque
318 3445 490 3507 6161661611
518 3444 739 3525 septenarium
765 3464 941 3507 numerum
960 3465 1082 3522 moror,
1112 3449 1152 3508 ut
1201 3439 1297 3506 modo
1329 3442 1549 3506 reverentiam
1580 3443 1621 3507 iis
1652 3441 1763 3509 deberi
1790 3441 1959 3525 intelligit,
1993 3442 2051 3507 sed
2076 3463 2177 3523 quam

180 3531 249 3593 eius
271 3529 421 3594 servituti
442 3528 612 3594 eeclesiam
640 3529 835 3612 astringam
862 3550 966 3612 neque
988 3531 1076 3594 enim
1097 3551 1150 3595 ec-
1202 3527 1419 3592 ministerium
1440 3548 1554 3592 eorum
1574 3529 1871 3593 remunerationem
1890 3535 2043 3592 meretur.
2085 3525 2175 3608 Quc-

41 3686 49 3692 ,
179 3614 292 3679 elesias
313 3614 527 3692 damnavero,
556 3635 639 3696 quae
667 3615 747 3679 alios
768 3616 982 3680 conventibus
1009 3616 1077 3681 suis
1098 3636 1150 3680 so-
1202 3613 1292 3675 niam
1324 3618 1435 3677 autem
1467 3613 1528 3679 boc
1560 3614 1600 3679 de
1633 3615 1831 3680 subiectione
1861 3620 2071 3695 praeceptum
2103 3635 2179 3680 oum

178 3700 290 3764 lennes
318 3700 387 3764 dies
419 3698 575 3778 habeant,
603 3699 700 3764 modo
726 3723 746 3765 a
771 3701 1001 3783 superstitione
1032 3702 1148 3766 absint
1202 3698 1341 3762 humani
1367 3699 1491 3782 ingenii
1524 3701 1686 3782 pravitate
1711 3699 1808 3765 valde
1839 3704 1966 3782 pugnat
1993 3698 2110 3784 (quod,
2141 3708 2181 3764 ut

180 3785 275 3865 Quod
302 3787 378 3865 erit,
412 3787 440 3851 si
469 3786 511 3850 ad
542 3785 646 3850 solam
672 3785 861 3869 disciplinae
887 3788 1152 3868 compositionem
1203 3790 1253 3849 661
1274 3783 1476 3849 celsitudinis
1505 3786 1691 3868 appetentia
1712 3784 1895 3868 turgidum,
1926 3806 2024 3868 aegre
2046 3807 2081 3851 se
2103 3787 2181 3852 sub·

178 3872 370 3936 referantur.
416 3870 555 3936 Summa
576 3872 631 3935 sit:
660 3878 698 3935 ut
718 3872 778 3936 sub
801 3874 909 3956 figura
930 3871 1062 3938 Iudaeis
1082 3879 1150 3938 tra-
1202 3868 1257 3935 iici
1278 3869 1432 3955 sustinet)
1461 3892 1543 3953 quae
1564 3879 1685 3937 natura
1701 3872 1854 3967 xmaxime
1875 3870 2024 3936 amabilis
2046 3873 2179 3936 6611111-

179 3956 315 4023 debatur
341 3958 477 4036 veritas,
505 3959 551 4022 ita
576 3957 670 4022 nobie
697 3958 767 4029 sine
795 3959 921 4024 umbris
942 3958 1151 4024 commenda-
1203 3957 1292 4020 nime
1316 3955 1477 4021 invidiosa
1503 3958 1729 4040 superioritas,
1755 3958 1793 4020 in
1819 3957 1988 4039 exemplar
2014 3959 2181 4040 proposita

178 4050 246 4107 tur:
275 4045 432 4125 primum,
461 4053 499 4109 ut
522 4048 719 4127 perpetuum
739 4049 808 4109 tota
829 4046 898 4110 vita
917 4045 1151 4111 sabbatismum
1204 4049 1268 4120 est;
1295 4042 1372 4124 quia
1398 4042 1525 4109 facilius
1548 4044 1674 4111 animos
1695 4049 1823 4108 nostros
1845 4042 1991 4108 emollire
2011 4050 2046 4108 et
2066 4045 2178 4110 inflec-

178 4128 373 4193 meditemur
395 4151 415 4194 a
434 4131 554 4194 nostris
575 4129 740 4211 operibus,
767 4151 831 4211 quo
852 4131 1015 4196 Dominus
1036 4132 1072 4195 in
1093 4151 1152 4196 no·
1203 4137 1272 4193 tere
1299 4126 1342 4191 ad
1374 4128 1600 4194 submissionis
1631 4128 1901 4194 consuetudinem
1932 4136 2068 4211 poterat
2123 4128 2178 4194 Ad

178 4214 228 4279 bis
249 4237 309 4296 per
330 4238 427 4280 suum
449 4217 600 4298 spiritum
622 4221 787 4296 operetur;
812 4215 929 4282 deinde
950 4225 987 4281 ut
1003 4218 1064 4298 pia
1085 4238 1152 4298 apa·
1203 4234 1334 4279 omnem
1355 4234 1433 4297 ergo
1453 4214 1636 4298 legitimam
1656 4214 1890 4281 subiectionem
1911 4215 1952 4281 ab
1970 4236 2009 4279 ea
2026 4237 2108 4297 quae
2128 4215 2178 4278 fa-

177 4320 249 4363 rum
266 4301 329 4365 Dei
351 4304 549 4384 recognitione
563 4301 717 4382 61166116
741 4319 774 4364 66
794 4303 938 4383 quiaque,
963 4304 1079 4383 quoties
1098 4324 1153 4367 aa·
1203 4299 1326 4365 cillima
1346 4305 1397 4364 est
1417 4300 1572 4380 toleratu,
1600 4322 1661 4366 nos
1688 4301 1848 4384 paulatim
1869 4301 2041 4366 assuefacit
2062 4300 2178 4364 Domi·

178 4391 234 4463 cat,
257 4387 417 4470 diligenter
437 4393 587 4465 61616661
613 4387 807 4465 tumeliam,
835 4392 870 4451 al
890 4409 992 4453 6611166
1013 4388 1151 4472 6161611)
1203 4408 1284 4465 nus3
1315 4386 1445 4468 quando
1477 4393 1528 4452 est
1553 4387 1701 4452 omnium
1728 4386 1843 4451 eadem
1866 4387 1957 4450 ratic.
2009 4384 2179 4466 Siquidem

178 4471 361 4554 legitimum
379 4473 533 4538 ccclesiae
550 4472 706 4551 ordinem,
729 4471 770 4536 ad
788 4474 925 4539 verbum
943 4473 1150 4553 audiendum,
1203 4473 1320 4554 quibus
1343 4471 1492 4537 attribuit
1512 4474 1733 4552 eminentiam,
1753 4480 1915 4557 quatenus
1933 4471 1973 4535 ad
1991 4492 2065 4536 eam
2082 4475 2178 4535 tucn·

145 4555 148 4563 ’
179 4555 221 4620 ad
254 4566 533 4623 sacramentorum
562 4558 889 4639 administrationem,
930 4560 972 4625 ad
1005 4559 1152 4642 publicas
1203 4557 1280 4622 dam
1300 4579 1432 4624 necesse
1453 4565 1517 4637 est,
1544 4580 1641 4624 suum
1662 4581 1736 4625 oum
1762 4559 1828 4623 illis
1855 4577 1975 4622 nomen
1995 4556 2178 4621 communi·

178 4644 339 4708 orationes
362 4645 575 4709 constitutum
596 4644 804 4708 observemus
812 4642 859 4726 ξ’)
894 4647 1006 4723 tertia,
1029 4667 1071 4709 ne
1093 4667 1151 4710 no-
1203 4651 1265 4708 cat.
1308 4644 1352 4708 In
1372 4665 1476 4710 unum
1496 4645 1606 4728 ipsum
1626 4647 1674 4710 ita
1694 4645 1894 4711 conveniunt
1915 4643 2031 4724 patris,
2053 4642 2119 4706 Dei
2139 4663 2178 4710 ac

178 4728 227 4793 bis
260 4728 406 4794 subditos
432 4731 658 4795 inhumaniter
688 4750 883 4812 premamus.
933 4731 987 4795 Ita
1014 4752 1151 4796 evanes-
1202 4729 1352 4809 Domini,
1371 4731 1473 4795 titali:
1500 4737 1539 4796 ut
1558 4733 1684 4813 quoties
1706 4752 1810 4795 unum
1832 4729 1972 4811 aliquem
1993 4748 2036 4790 ex
2056 4728 2097 4792 116
2119 4749 2178 4792 au·

178 4823 257 4879 cunt
274 4837 381 4898 nugae
398 4815 764 4898 pseudoprophetarum,
782 4817 838 4898 qui
854 4814 983 4881 iudaice
1000 4817 1151 4898 opinione
1204 4812 1325 4894 dimus,
1352 4817 1532 4882 maiestatis
1556 4817 1644 4882 illius
1666 4838 1764 4882 sensu
1786 4815 1933 4879 animum
1959 4820 2110 4878 nostrum
2130 4814 2178 4879 fe·

178 4900 334 4982 populum
356 4903 575 4984 superioribus
592 4901 730 4968 saeculis
746 4901 943 4980 imbuerunt,
960 4901 1046 4965 nihil
1063 4901 1152 4966 aliud
1204 4900 1263 4965 riri
1291 4908 1445 4982 oporteat
1496 4900 1587 4983 Quos
1614 4923 1693 4984 ergo
1717 4903 1856 4966 istorum
1883 4899 1962 4963 facit
1991 4898 2176 4983 participes,

179 4986 367 5066 afferentes,
395 4989 459 5052 nisi
485 4988 679 5072 abrogatum
706 4987 890 5071 essequod
917 4987 1151 5054 caeremoniale
1204 5006 1258 5051 ecs
1284 4985 1426 5068 quadam
1451 4988 1588 5074 trigoris
1616 4989 1667 5054 sui
1693 4985 1834 5053 scintilla
1859 4984 2018 5064 illustrat,
2047 4992 2085 5051 ut
2110 4986 2178 5052 sint

180 5126 382 5135 ——-—-——-—

250 5190 279 5258 1)
297 5191 362 5247 baec
381 5190 448 5245 1545
466 5193 632 5246 insuantur.
702 5189 732 5258 2)
750 5191 790 5244 De
807 5193 857 5245 hoe
875 5193 1003 5245 libertate
1021 5190 1084 5246 vide
1102 5191 1151 5261 Qe-

180 5265 281 5311 cratem
300 5260 360 5313 bist.
380 5263 442 5329 trip.
462 5262 508 5313 lib.
526 5260 550 5314 92
569 5277 591 5313 6.
608 5259 658 5313 3&
1272 5259 1302 5328 1)
1318 5262 1481 5317 honoremus
1499 5261 1574 5317 1⁶³9.

1914 5344 1970 5398 26⁸
