4770 6030
192 345 254 405 999
417 338 421 348 ’
756 336 856 405 999.
879 338 1011 404 xvm.
1033 338 1145 426 (99.)
1187 341 1251 406 na
1274 339 1431 407 9999999
1453 339 1629 408 nomm
2132 353 2198 416 999

190 449 550 521 emanantes

190 550 254 596 999
267 527 379 609 potius
405 526 443 591 ie
467 526 525 592 illo
550 437 619 592 ioco
639 525 861 605 conversionis,
888 545 970 606 9999
996 525 1165 591 9191199-
1216 547 1287 592 esse
1308 527 1498 607 transitum,
1526 531 1685 597 sacrificia
1711 531 1793 616 legis
1815 554 1886 598 9999
1907 541 2115 616 peccatorum
2136 559 2197 604 ex·

183 616 277 698 plius
302 615 339 677 irr
364 633 456 678 99999
484 612 664 694 9199199999
694 610 779 676 coeo
809 631 905 692 99999
936 613 972 676 irs
1004 611 1163 690 baptismo.
1216 613 1388 694 piationes,
1423 613 1561 697 denique
1590 624 1718 698 petram
1748 639 1767 682 e
1795 639 1861 700 qua
1888 620 1923 684 in
1949 619 2076 686 deserto
2110 644 2195 707 aqua

199 701 332 766 Valeant
350 699 451 781 191999
471 719 541 764 cam
560 699 632 763 istis
650 696 844 778 syllabarum
865 697 1026 777 aucupiis,
1048 695 1165 777 quibas
1215 699 1396 782 profluebat
1425 700 1525 766 fuisse
1547 700 1733 783 Christrm,
1763 704 1826 769 9191
1849 704 2043 771 translatitie
2070 707 2194 774 dictim

189 786 272 852 ribei
291 784 384 850 aliud
404 805 501 866 quaro
520 803 613 849 99999
632 783 828 848 1999199999
841 783 990 862 9991999.
1216 804 1381 867 agnoscas.
1427 786 1535 850 Tanta
1565 795 1616 852 est
1649 788 1829 853 similitudo
1859 796 1892 854 99
1918 791 2068 858 vicinitas
2097 794 2191 877 signo

278 876 305 935 9.
350 869 463 935 Nihilo
484 868 680 951 probabilior
699 875 749 932 est
771 889 884 932 eorum
913 868 1076 932 sententia
1097 868 1162 949 qui,
1215 891 1290 934 cum
1317 890 1352 933 99
1382 871 1526 954 signata,
1559 880 1596 937 ut
1625 873 1666 939 ab
1694 874 1756 940 hoc
1781 876 1817 938 in
1852 875 1935 940 illud
1967 878 2119 959 proclivis
2149 881 2193 944 sit

190 957 269 1022 dum
297 955 440 1041 syllabas
472 955 681 1037 pertinaciter
708 975 748 1018 ur
789 960 839 1032 nt,
875 959 1004 1036 tropum
1035 953 1170 1017 nullum
1215 955 1279 1020 ista
1300 954 1459 1021 deductio.

190 1042 368 1108 admittimt
395 1062 456 1105 999
481 1040 547 1104 9119
567 1039 707 1104 absurdo
735 1045 973 1118 asterrentur,
1006 1039 1086 1120 quin
1105 1060 1163 1120 pa
1304 1045 1351 1105 11.
1391 1041 1464 1106 Iam
1485 1063 1661 1108 varocum
1681 1044 1716 1108 in
1733 1045 1845 1111 9991919
1867 1053 2071 1112 sacramenta
2094 1050 2192 1116 simul

190 1150 268 1194 nem
289 1149 360 1192 9999
381 1147 418 1190 99
439 1147 518 1192 vera
539 1124 664 1190 Christi
685 1146 802 1207 corpus
824 1123 962 1190 subinde
984 1125 1161 1188 affirment:
1197 1127 1422 1205 conveniunt,
1435 1135 1506 1192 tum
1518 1129 1554 1193 in
1570 1129 1633 1194 1999
1651 1133 1853 1216 metonymia
1869 1132 2030 1216 quaedam
2045 1128 2096 1199 est
2111 1136 2191 1218 ipsis

189 1215 252 1280 hoc
271 1234 336 1278 uno
357 1218 549 1295 argumento
571 1211 729 1290 contenti,
758 1210 843 1292 quod
870 1230 989 1291 panem
1011 1208 1163 1275 Christus
1215 1212 1365 1277 omnibus
1386 1214 1473 1277 19999
1501 1235 1537 1280 99
1558 1216 1783 1282 communitas.
1827 1216 1876 1283 Ut
1897 1238 1974 1302 crgo
1996 1219 2029 1283 la
2052 1219 2148 1299 idem,
2172 1242 2190 1288 9

190 1297 434 1365 demonstrabat
453 1318 555 1380 quum
575 1296 708 1361 diceret:
737 1295 798 1361 hoc
825 1305 875 1360 est
901 1316 1017 1377 corpus
1043 1316 1161 1361 meum.
1215 1317 1279 1380 quo
1300 1297 1457 1365 Israelitis
1479 1300 1658 1382 spiritualis
1673 1312 1770 1384 potus
1792 1304 1997 1381 scaturiebat,
2021 1241 2191 1371 Christum

189 1385 363 1467 Utcunque
383 1383 558 1449 verborum
580 1380 704 1447 Christi
731 1381 886 1465 religione
914 1382 1007 1465 tangi
1036 1402 1070 1446 se
1091 1382 1163 1464 qui·
1214 1383 1314 1448 fuisse
1341 1385 1505 1466 apostolus
1532 1384 1624 1452 docet
1657 1386 1689 1472 (l
1711 1385 1785 1453 Cor.
1808 1393 1856 1467 10,
1875 1389 1927 1471 4),
1956 1388 2042 1471 quod
2063 1391 2190 1458 visibile

190 1472 345 1548 ritentur,
373 1469 546 1551 quominus
572 1469 711 1550 figurate
739 1466 922 1550 intelligere
949 1468 1060 1532 ausint
1080 1488 1163 1549 quae
1214 1469 1400 1554 symbolum
1425 1469 1522 1551 foret,
1552 1471 1613 1537 sub
1636 1491 1699 1553 quo
1727 1473 1903 1555 spiritualis
1923 1474 1979 1539 ille
1996 1481 2091 1557 potus
2113 1499 2190 1543 vere

132 1557 134 1563 ’
189 1562 268 1622 sunt
299 1563 366 1620 tam
401 1562 511 1636 aperte
545 1553 647 1631 dicta,
676 1574 742 1618 non
775 1559 825 1617 999
854 1560 967 1617 tamen
997 1552 1051 1618 hic
1084 1554 1163 1617 satis
1215 1554 1347 1638 quidem
1373 1555 1431 1621 sed
1458 1578 1525 1621 non
1555 1555 1597 1621 ad
1617 1557 1748 1622 99991999
1769 1561 2021 1644 percipiebatur:
2051 1561 2098 1625 ita
2118 1583 2190 1628 cor·

189 1643 295 1707 iustus
316 1647 505 1723 praetextus
533 1662 591 1705 our
618 1661 730 1703 omues
758 1660 840 1720 quae
868 1644 982 1703 contra
1006 1638 1163 1704 obiioiun·
1214 1661 1276 1722 pus
1294 1639 1419 1706 Christi
1445 1643 1541 1725 panis
1566 1641 1663 1707 hodie
1690 1652 1912 1728 nuncupatur;
1945 1645 2073 1728 quando
2100 1669 2189 1732 sym-

190 1734 245 1792 tur
271 1727 413 1792 rationes
440 1727 488 1790 ita
514 1732 679 1807 respuant
724 1723 922 1811 Quanquam
948 1724 1163 1807 pugnandum
1215 1725 1326 1790 bolum
1347 1734 1412 1806 est,
1447 1748 1510 1809 quo
1533 1748 1647 1792 veram
1668 1730 1811 1811 corporis
1833 1731 1884 1796 sui
1904 1731 2190 1798 manducationem

189 1813 348 1878 adversus
377 1820 444 1876 eos
459 1811 570 1876 multis
603 1811 782 1876 rationibus
815 1831 882 1873 non
913 1816 1007 1892 puto,
1039 1811 1095 1892 qui
1123 1830 1164 1873 99
1215 1811 1311 1876 offert
1339 1811 1432 1878 nobis
1458 1813 1630 1878 Dominus.
1677 1814 1787 1896 Neque
1819 1816 1913 1882 aliter
1939 1818 1987 1882 oei
2019 1820 2116 1884 999919
2142 1819 2189 1885 oei

190 1899 316 1964 hiscere
337 1896 467 1979 quidem
488 1905 626 1985 possunt
652 1896 732 1977 quin
753 1895 914 1978 dogmatis
942 1896 992 1960 sui
1015 1894 1163 1961 absurdi·
1214 1897 1363 1978 19999999
1395 1903 1440 1963 est
1470 1897 1690 1980 9199991999
1704 1897 1729 1983 ¹)
1760 1921 1799 1966 99
1826 1903 1900 1984 qais
1922 1902 1977 1967 boo
2003 1909 2189 1984 9999999999

189 1991 291 2049 tatem
309 1983 395 2048 ultra
416 1982 479 2064 ipsi
500 1983 648 2065 prodant
692 1982 779 2046 Nam
801 1980 887 2062 quod
904 1980 1029 2046 Christi
1047 2002 1162 2063 corpus
1215 1987 1365 2063 tanquam
1385 2003 1501 2048 999999
1521 1989 1732 2049 9999999999.
1778 1985 1816 2051 a·
1835 1993 2046 2066 9999999999,
2073 1989 2187 2070 199919,

188 2070 235 2135 919
257 2090 332 2135 cum
348 2089 433 2151 pane
460 2069 660 2132 commisceri
682 2065 811 2143 docent,
839 2072 877 2129 ut
898 2067 1039 2132 essentia
1059 2087 1163 2131 unum
1215 2068 1385 2148 quomdam
1397 2068 1639 2133 similitudinem
1656 2089 1766 2135 eoram
1787 2092 1907 2150 rerum,
1926 2093 2062 2154 quoram
2083 2094 2189 2139 soora-
2274 2111 2278 2121 «

189 2154 387 2221 censendum
409 2154 465 2232 sit,
494 2156 534 2218 ab
557 2174 594 2217 99
615 2173 680 2217 999
701 2150 797 2217 modo
824 2173 995 2217 commune
1017 2154 1163 2217 omnium
1214 2153 1990 2236 99999999999991999999999919999999999999
2007 2164 2187 2226 9999999999.

188 2240 359 2305 hominum
380 2238 550 2317 iudicium,
574 2238 632 2304 sed
652 2240 722 2321 ipse
744 2259 870 2321 quoque
890 2239 1021 2320 pietatis
1048 2259 1162 2303 sensus
1215 2237 1270 2302 Eo
1291 2237 1348 2303 999
1368 2243 1473 2302 outoni
1493 2239 1704 2304 similitudine
1718 2240 1905 2326 9199999999
1926 2245 2021 2309 etiam
2041 2245 2189 2324 ipsoram

187 2326 318 2409 penitus
341 2325 502 2390 abhorret.
547 2322 615 2390 Sed
643 2346 708 2388 non
738 2332 815 2389 sunt
844 2331 966 2389 temere
988 2323 1162 2388 schemati·
1214 2344 1322 2388 reram
1341 2325 1471 2390 9999199
1492 2325 1658 2403 99991999.
1694 2324 1783 2391 Sicat
1803 2348 1874 2409 erpo
1895 2330 2066 2393 9999991999
2087 2350 2189 2411 quera

188 2412 249 2477 bus
272 2432 309 2477 ao
337 2411 438 2492 tropis
464 2409 662 2476 involvenda
688 2431 770 2492 quae
798 2409 884 2475 clare
912 2408 1163 2491 simpliciterque
1214 2409 1289 2473 dom
1325 2409 1452 2474 99991999
1490 2415 1720 2475 9999999999
1752 2413 1893 2492 asperis
1923 2412 2043 2478 Christi
2075 2435 2189 2495 999999

187 2497 222 2562 19
244 2497 413 2579 scripturis
433 2497 597 2579 legimtur.
643 2494 726 2576 Quis
747 2494 867 2578 negat?
897 2492 964 2560 Sed
986 2494 1163 2578 19999999-
1217 2492 1337 2560 Christi
1366 2499 1425 2573 ost,
1457 2501 1688 2561 soororncatam
1712 2498 1881 2578 conquiris
1910 2496 2029 2562 Christi
2056 2500 2189 2583 9999919

187 2590 350 2662 mentum,
384 2581 469 2664 quod
496 2583 558 2664 ipsi
588 2603 691 2646 unum
719 2588 875 2664 perpetuo
897 2581 932 2643 in
954 2601 1009 2644 ore
1031 2580 1162 2657 habent,
1217 2576 1336 2645 Cerere
1361 2585 1421 2659 ost,
1453 2581 1501 2645 ito
1533 2586 1763 2646 sacromentum
1787 2581 1863 2662 fidei
1887 2581 1966 2662 rides
1993 2589 2045 2647 est.
2090 2584 2189 2651 Multi

187 2689 287 2752 quam
318 2689 385 2733 non
416 2669 460 2733 919
491 2669 652 2749 praesenti
685 2688 802 2732 causae
838 2666 1037 2748 appositum,
1069 2665 1164 2732 facile
1214 2671 1288 2730 9999
1307 2666 1396 2745 epod
1417 2686 1488 2730 eam
1508 2665 1628 2731 9991199
1649 2667 1726 2746 loci,
1751 2688 1829 2749 quos
1856 2687 2084 2747 capomatius
2108 2671 2190 2751 foret

188 2754 409 2836 unusquisque
441 2752 616 2836 intelliget,
654 2753 711 2819 ubi
742 2752 851 2818 verbis
883 2752 954 2818 istis
987 2772 1163 2835 germanus
1214 2771 1374 2833 conparere
1401 2772 1500 2832 quum
1527 2771 1613 2816 9999
1638 2751 1692 2816 iiic
1718 2751 1867 2833 sufficiat.
1912 2751 1949 2819 Si
1976 2754 2049 2836 quis
2078 2762 2190 2819 tamen

187 2840 286 2904 tuerit
304 2840 475 2904 restitutus
497 2860 619 2904 sensus.
1214 2836 1406 2915 morosulus,
1429 2836 1472 2901 ad
1493 2836 1558 2901 alia
1578 2837 1688 2923 omnia
1709 2837 1902 2918 caecutiens,
1928 2839 2004 2903 solis
2022 2839 2093 2906 istis
2116 2861 2189 2904 ver-

277 2929 324 2988 10.
368 2926 444 2989 Non
471 2946 549 3009 ergo
576 2926 685 3007 inepte
711 2923 773 3003 illi,
807 2924 863 3005 qui
891 2931 1024 3006 propter
1056 2923 1163 2987 affini·
1214 2920 1265 2987 bis
1287 2922 1446 2988 tenaciter
1462 2922 1607 2988 insistat:
1631 2923 1693 2989 hoc
1715 2931 1767 2989 999
1788 2945 1906 3006 eorpus
1926 2946 2050 3004 meum,
2085 2925 2191 2990 99919

188 3017 291 3076 tatem
312 3032 411 3093 quam
434 3011 557 3076 habent
577 3033 651 3076 9999
674 3010 779 3074 99199
838 3009 918 3074 bolis
936 3030 990 3074 res
1014 3009 1163 3093 signatae
1214 3007 1294 3090 ipsis
1317 3008 1414 3072 etiam
1438 3007 1564 3073 Christi
1585 3008 1695 3074 verbis
1712 3030 1775 3093 quo
1792 3008 1869 3074 talis
1886 3011 2068 3095 pertinacia
2085 3011 2190 3076 revin-

187 3116 307 3161 nomen
329 3098 437 3179 ipsum
458 3097 506 3160 rei
528 3096 674 3181 symbolo
696 3096 750 3160 hio
771 3031 870 3161 iblnsse
893 3093 1086 3161 attributum
1102 3115 1162 3176 pu·
1214 3101 1315 3159 catur.
1361 3091 1531 3175 Siqutlem
1552 3113 1619 3158 non
1647 3093 1710 3160 alio
1737 3115 1835 3161 99999
1861 3117 1980 3177 panem
2001 3109 2072 3161 esse
2094 3118 2191 3162 suum

188 3188 273 3261 tant,
302 3184 442 3265 figurate
470 3181 504 3255 id
526 3183 656 3264 quidem
678 3189 712 3247 99
732 3181 988 3266 καταχρηστικῶς,
1017 3179 1074 3246 sed
1095 3201 1163 3244 non
1215 3201 1331 3262 corpus
1363 3179 1525 3244 Dominus
1558 3179 1689 3259 asserit,
1722 3202 1821 3263 quam
1847 3181 1963 3246 vinum
1992 3204 2062 3248 9999
2095 3204 2191 3247 suum

188 3267 259 3331 sine
281 3269 449 3349 aptissima
470 3269 628 3352 analogia.
659 3268 747 3333 Nam
768 3268 898 3333 tametsi
916 3267 1057 3332 essentia
1074 3288 1163 3352 sym·
1215 3265 1418 3349 sanguinem.
1462 3264 1567 3348 htqm
1587 3265 1645 3331 ubi
1671 3266 1860 3332 Matthaeus
1887 3274 1921 3332 99
1946 3268 2080 3333 Marcus
2107 3268 2190 3333 refe-

188 3350 299 3416 bolum
321 3373 341 3416 a
367 3375 403 3417 99
430 3354 559 3435 signata
581 3355 678 3438 longe
705 3353 828 3433 differt,
858 3352 944 3436 quod
965 3353 1046 3418 haec
1067 3353 1163 3435 spiri·
1214 3359 1294 3417 runt
1323 3350 1505 3416 Dominum
1532 3372 1665 3419 vocasse
1688 3351 1841 3435 poculum
1868 3374 1963 3418 suum
1996 3354 2192 3438 sanguinem

189 3437 287 3501 tualis
313 3443 363 3502 est
389 3445 424 3502 et
449 3438 609 3519 coelestis,
643 3439 723 3504 illud
752 3461 943 3522 corporeum
971 3446 1005 3504 et
1025 3438 1161 3515 visibile,
1214 3437 1293 3503 novi
1313 3436 1509 3515 testamenti,
1532 3457 1592 3518 pro
1613 3459 1650 3503 eo
1672 3437 1782 3503 Lucas
1805 3444 1839 3502 et
1854 3424 1980 3504 Paulus
1998 3439 2190 3504 subiiciunt:

188 3523 266 3604 quia
292 3529 403 3587 tamen
430 3544 501 3587 rem
534 3527 586 3589 cui
618 3525 911 3607 repraesentandae
937 3531 1163 3590 consecratum
1214 3543 1337 3588 novum
1358 3528 1592 3587 testamentum
1612 3523 1837 3606 insanguine.
1869 3522 1999 3589 Clamet
2014 3523 2191 3606 ille,·quis-

189 3615 240 3673 est
261 3628 327 3672 non
347 3610 469 3691 figurat
487 3616 625 3689 tantum,
654 3633 713 3676 ceu
735 3611 823 3676 nuda
845 3619 878 3676 et
898 3612 1008 3690 inanis
1029 3617 1162 3689 tessera,
1215 3608 1287 3691 quis
1299 3608 1406 3687 luerit,
1429 3607 1513 3686 licet,
1536 3608 1598 3673 hoc
1621 3629 1691 3673 esse
1713 3629 1829 3690 corpus
1849 3617 1884 3675 et
1899 3610 2107 3693 sanguinem:
2131 3630 2191 3694 ego

189 3694 247 3759 sed
268 3715 345 3758 9999
367 3695 465 3760 etiam
487 3695 635 3774 exhibet,
663 3718 723 3762 cur
748 3717 815 3761 non
842 3698 912 3762 eius
934 3696 1107 3778 appellatio
1126 3697 1163 3760 19
1215 3702 1329 3760 contra
1350 3693 1561 3772 contendam,
1592 3714 1663 3758 esse
1691 3700 1924 3759 testamentum
1951 3695 1987 3759 in
2008 3717 2142 3778 corpore
2159 3703 2193 3761 et

188 3780 298 3863 ipsum
325 3781 397 3844 iure
424 3780 605 3862 competat?
651 3780 746 3862 Quod
770 3784 798 3848 si
820 3783 1012 3848 humanitus
1033 3783 1162 3864 excogi-
1214 3779 1384 3864 sanguine.
1429 3778 1519 3860 de
1540 3778 1650 3844 enim?
1695 3781 1753 3843 An
1779 3779 1940 3862 interpres
1968 3781 2084 3846 haberi
2105 3780 2193 3847 99199

190 3872 259 3930 tata
281 3866 436 3951 symbola,
465 3887 547 3948 quae
568 3869 727 3950 imagines
748 3875 826 3933 sunt
846 3889 957 3933 rerum
980 3869 1162 3933 absentium
1213 3865 1319 3929 Paulo
1342 3873 1375 3931 99
1395 3865 1490 3930 Luca
1509 3863 1637 3930 fidelior
1657 3873 1715 3928 aut
1735 3865 1868 3944 certior,
1898 3866 1954 3949 qui
1974 3887 2034 3950 per
2056 3867 2190 3952 sangui-

189 3953 297 4034 potius
325 3974 424 4033 quam
451 3960 548 4016 notae
574 3954 810 4035 praesentium,
843 3974 923 4036 quas
950 3954 1049 4018 etiam
1075 3954 1162 4036 ipsas
1214 3972 1291 4016 nem
1313 3951 1391 4018 novi
1412 3951 1601 4016 testamenti
1628 3971 1750 4018 novum
1775 3951 1811 4015 in
1833 3953 1993 4036 sanguine
2013 3960 2190 4019 testamen·

189 4035 349 4101 fallaciter
370 4038 558 4119 saepissimo
579 4039 790 4117 adumbrant,
819 4049 932 4104 aarum
952 4047 1062 4105 tamen
1084 4040 1162 4104 titu-
1214 4043 1286 4101 tum
1307 4036 1516 4120 intelligunt?
1690 4085 1692 4094 .

190 4121 232 4186 119
257 4123 422 4188 interdurn
449 4131 622 4203 ornantur,
654 4145 737 4207 9999
764 4126 877 4190 aDeo
904 4133 982 4190 sunt
1002 4126 1162 4204 instituta,
1304 4126 1352 4187 12.
1396 4123 1501 4188 Porro
1521 4123 1617 4205 quale
1645 4123 1688 4188 sit
1714 4121 1803 4187 istud
1821 4122 1867 4187 in
1894 4144 2028 4205 corpore
2057 4144 2094 4187 ac
2115 4143 2190 4187 san·

189 4206 294 4271 multo
331 4210 447 4274 maiori
484 4211 609 4276 ratione
642 4233 754 4275 rerum
791 4211 925 4276 nomina
946 4217 1162 4290 mutuantur,
1215 4208 1314 4292 grune
1344 4207 1471 4273 Christi
1501 4214 1732 4273 testamentum
1760 4229 1850 4274 nunc
1878 4207 2044 4274 declarare
2072 4228 2191 4290 operae

188 4313 329 4374 quarum
351 4301 384 4358 ot
404 4302 527 4360 certam
555 4297 752 4379 minimeque
778 4296 928 4362 fallacem
953 4298 1163 4382 significatio·
1215 4295 1358 4377 pretium
1374 4300 1432 4359 est
1465 4294 1579 4377 Neque
1597 4294 1686 4359 enim
1704 4293 1783 4359 dum
1799 4314 1928 4377 panem,
1951 4315 2014 4378 qno
2032 4293 2066 4357 in
2089 4314 2191 4358 coena

189 4400 267 4443 nem
298 4401 428 4462 semper
459 4390 590 4465 gerunt,
624 4389 658 4446 99
684 4380 871 4447 adiunctam
902 4382 1025 4448 habent
1053 4404 1163 4448 secum
1215 4381 1392 4460 vescimur,
1425 4401 1497 4445 esse
1518 4379 1645 4445 Christi
1667 4400 1783 4462 corpus
1805 4401 1979 4464 negamus,
2013 4376 2191 4462 quidquam

190 4465 372 4530 veritatem.
416 4467 575 4546 Proinde,
609 4468 733 4550 quoties
758 4468 838 4533 istas
865 4467 1017 4549 loquendi
1043 4469 1164 4534 formas
1217 4465 1360 4532 delibare
1381 4486 1538 4532 conamur
1563 4463 1604 4529 de
1627 4485 1682 4544 ea,
1716 4486 1798 4548 quae
1830 4465 1982 4530 fidelibus
2015 4464 2081 4530 illio
2114 4485 2190 4546 pro·

190 4552 343 4632 reperies,
363 4573 484 4634 panem
510 4575 581 4619 9999
602 4557 734 4636 corpus,
761 4554 953 4618 tractionem
978 4556 1072 4636 panis
1094 4575 1165 4619 9999
1216 4553 1363 4635 ponitur,
1396 4550 1539 4633 corporis
1573 4549 1699 4616 Christi
1734 4550 2042 4630 communicatione,
2075 4571 2191 4616 verum

190 4637 333 4718 corporis
355 4641 689 4718 communicationem,
712 4647 745 4704 99
771 4637 907 4718 similes,
930 4646 1041 4703 meten
1101 4642 1165 4706 'cas
1216 4660 1286 4703 rem
1308 4639 1472 4722 signatam
1494 4658 1514 4701 a
1535 4657 1593 4702 suo
1615 4636 1762 4722 symbolo
1779 4635 2043 4720 distinguendam
2061 4643 2191 4701 tantum

190 4742 262 4787 9999
284 4724 481 4804 memineris,
504 4726 619 4807 quibus
641 4746 762 4790 nomen
784 4746 804 4789 a
825 4725 991 4806 superiore
1081 4726 1165 4790 infe·
1217 4722 1378 4790 docemus.
1423 4720 1521 4803 Quod
1548 4727 1636 4788 certe
1664 4721 1798 4806 plurimi
1819 4721 1956 4801 referre,
1990 4728 2087 4805 atque
2110 4721 2190 4787 adeo

191 4807 260 4874 rius
281 4810 510 4890 transferatur,
539 4812 659 4876 usitato
688 4812 867 4892 9991999999
888 4830 987 4874 more.
1031 4810 1166 4894 allego·
1216 4829 1336 4892 magno
1357 4815 1468 4874 nostro
1489 4809 1584 4887 malo,
1606 4806 1713 4892 magis
1733 4828 1832 4890 quam
1854 4806 2032 4889 optandum
2058 4807 2109 4885 sit,
2132 4828 2191 4872 ex·

191 4893 258 4958 rias
286 4901 320 4958 et
345 4897 516 4977 parabolas
543 4898 672 4977 omitto,
706 4896 847 4979 nequis
878 4895 1080 4980 subterfirgia
1106 4917 1166 4962 nos
1216 4894 1371 4978 perimur.
1416 4895 1524 4960 Tanta
1549 4894 1754 4978 proclivitate
1780 4894 1817 4957 in
1845 4893 2110 4976 superstitionem
2134 4890 2191 4958 do·

191 4988 405 5130 &mgedol
425 4989 519 5048 extra
539 4990 901 5135 praesgrsrtemfficausam
921 4981 1165 5131 9991119999-
1216 4979 1372 5045 labuntur
1392 4981 1564 5047 hominum
1578 4980 1692 5059 animi,
1713 4987 1752 5045 ut
1771 4978 1836 5045 nisi
1854 4979 1943 5045 91999
1958 4999 2037 5046 voce
2053 4976 2200 5044 subinde

248 5113 255 5127 .
328 5086 347 5129 e
396 5089 432 5131 1n
459 5089 628 5134 sacramen
771 5088 907 5133 ssunum
975 5089 1037 5133 999
1109 5088 1166 5131 um

191 5150 324 5216 9991999
345 5152 485 5218 schema.
529 5155 643 5237 Neque
665 5089 754 5220 991919
781 5153 876 5218 911999
897 5088 1041 5235 99119999
1050 5089 1166 5236 gpdbssis

192 5234 278 5317 quod
310 5234 430 5302 dicitnr
467 5240 745 5307 circumcisionem
778 5260 849 5304 esse
880 5238 1007 5317 foedus,
1040 5259 1165 5322 agnum
1287 5253 1316 5320 9)
1333 5253 1420 5322 apat
1437 5252 1480 5313 23..
1498 5255 1533 5308 ad
1550 5255 1640 5310 Bonis
1657 5253 1725 5326 (98).
