4770 6030
194 331 271 389 ‘lo‘l
327 252 331 278 Ι
862 317 1127 385 ΙΝΒΤΙΤΠΤΙΟ
1150 320 1254 384 RDL.
1276 316 1457 383 CHRIST.
1484 321 1575 383 1536.
2162 322 2223 383 160

207 535 268 580 neo
290 535 364 596 spos
386 512 462 589 ulla,
485 510 537 575 vel
560 510 676 575 saltem
694 517 767 592 post
788 509 903 591 longas
925 509 1089 592 ambages,
1112 530 1190 573 eva·
1242 515 1364 589 quanta
1395 528 1558 590 quamque
1594 509 1629 572 in
1662 507 1774 575 multis
1805 509 1951 590 partibus
1983 509 2206 574 immundities
2213 532 2221 586 ;

210 597 308 665 dendi
340 598 524 680 apparebat
577 595 769 661 Haerebant
800 597 910 676 itaque
943 595 1029 658 inter
1061 615 1191 659 sacrum
1242 614 1308 658 non
1329 593 1425 657 modo
1448 592 1623 673 debitores,
1654 593 1711 659 sed
1738 595 1869 676 quantis
1892 594 2008 660 debitis
2038 598 2167 678 gravati
2188 607 2222 662 et

209 692 244 751 et
275 704 407 762 saxum,
440 704 501 747 nec
535 681 618 746 alius
652 681 785 746 tandem
819 682 926 746 exitus
957 680 1188 762 reperiebatur,
1242 686 1320 761 quot
1340 679 1525 745 nominibus
1547 680 1707 759 obstrioti;
1730 701 1796 743 non
1818 681 1914 745 modo
1935 680 2140 760 vulneratos,
2163 683 2222 748 sed

207 792 306 853 quam
328 768 518 851 desperatio.
563 768 614 832 Ibi
644 769 734 833 saevi
761 768 816 833 isti
845 766 1027 843 carnifices,
1057 772 1095 828 ut
1115 764 1189 831 vul·
1241 781 1339 846 quam
1359 765 1471 828 multis
1494 770 1528 830 et
1547 764 1699 831 letalibus
1726 765 1832 849 plagis
1859 768 1968 831 saucii.
2013 766 2088 832 Hae
2109 774 2222 832 tamen

208 877 288 921 nera
309 861 464 919 sanarent
485 875 568 936 quae
589 853 749 930 fecerant,
778 855 928 917 fomenta
942 851 1102 934 quaedam
1131 849 1189 914 ad-
1241 851 1460 933 recognitione
1481 873 1556 917 oum
1577 873 1613 917 se
1640 859 1746 917 toturn
1771 860 1921 933 peccator
1946 874 2057 917 coram
2078 854 2221 922 Domino

206 941 391 1019 hibuerunt‚
414 948 452 1004 ut
469 941 590 1011 faceret
611 940 745 1022 quisque
767 938 853 1022 quod
875 939 910 1001 in
931 959 966 1002 se
988 946 1081 1002 66661.
1120 933 1189 1001 Sed
1241 936 1407 1014 effuderit,
1435 938 1518 1001 serio
1541 959 1578 1002 ac
1600 939 1725 1004 sincere
1746 939 1887 1021 cogitet,
1915 938 2012 1021 plura
2040 938 2221 1012 6111111616-

205 1047 310 1092 novae
332 1047 465 1091 rursum
487 1047 585 1091 ourae
607 1025 854 1107 obstrepebant,
883 1025 948 1087 imo
966 1023 1042 1088 11611
1065 1023 1189 1087 crucia
1241 1031 1341 1099 stare,
1372 1043 1409 1087 ac
1431 1023 1655 1104 profundiores
1678 1044 1749 1088 6666
1776 1023 1937 1089 malorum
1959 1046 2094 1089 suorum
2114 1047 2221 1091 16666-

205 1122 259 1178 1116
281 1112 492 1178 excoriabant
512 1112 648 1176 miseras
671 1112 809 1175 animas:
844 1110 1011 1174 nonsatis
1033 1109 1189 1190 temporis
1241 1130 1305 1186 sus,
1327 1129 1426 1190 quam
1447 1111 1678 1191 quospenitus
1699 1117 1852 1175 excutere
1873 1111 1983 1193 possit.
2012 1111 2122 1192 Atque
2139 1112 2220 1177 adeo

205 1198 359 1281 impendi,
382 1220 449 1262 non
471 1199 557 1262 iusta
578 1219 677 1280 opera
698 1197 839 1275 incubui,
862 1195 967 1260 multa
988 1194 1189 1278 negligentia
1241 1194 1401 1278 exclamet
1422 1215 1497 1259 cum
1518 1195 1661 1260 Davide:
1692 1196 1832 1262 Drrores
1854 1197 1925 1279 quis
1946 1196 2121 1279 intelligit?
2165 1199 2220 1263 Ab

205 1286 360 1368 praeterii
381 1294 414 1348 et
433 1283 567 1362 oblivio,
596 1305 679 1366 quae
705 1305 747 1347 ex
775 1282 902 1346 incuria
929 1281 1093 1363 provenit,
1121 1300 1189 1344 non
1240 1279 1373 1345 occultis
1400 1281 1482 1344 meis
1503 1280 1626 1346 munda
1649 1302 1701 1346 me
1722 1281 1873 1347 Domine.
1917 1282 1990 1347 Iam
2011 1304 2105 1362 vero,
2133 1285 2219 1366 quod

206 1377 257 1436 661
277 1368 479 1435 excusabilis.
525 1366 795 1452 suggerebantur
817 1367 924 1432 adhue
946 1366 1012 1431 alia
1032 1366 1188 1448 1111611116-
1240 1373 1430 1430 asseverant
1450 1387 1517 1430 non
1539 1364 1657 1430 dimitti
1683 1375 1829 1450 peccata,
1856 1369 1921 1432 nisi
1942 1374 2018 1434 voto
2043 1369 2219 1435 confitendi

207 1477 254 1534 ca,
277 1477 359 1538 quae
381 1454 539 1520 eiusmodi
561 1455 687 1518 dolores
710 1453 939 1518 demulcerent.
984 1453 1057 1536 Age
1075 1459 1109 1516 et
1129 1472 1187 1515 ne·
1239 1452 1377 1534 firmiter
1404 1459 1557 1534 concepto
1586 1461 1619 1516 et
1646 1453 1791 1519 clausam
1820 1475 1892 1519 6666
1920 1454 2063 1536 paradisi
2090 1464 2219 1538 portam

208 1542 383 1626 gligentiae
411 1550 487 1605 tuae
508 1541 755 1624 poenitentiam3
784 1539 880 1617 modo
901 1539 1019 1621 supina
1040 1538 1186 1615 nonsit,
1240 1538 1278 1615 ei,
1312 1538 1367 1619 qui
1399 1537 1588 1602 facultatem
1619 1536 1659 1624 [p.
1673 1537 1757 1688 3263
1785 1539 1960 1605 confitendi
1990 1541 2052 1606 sibi
2077 1541 2221 1607 oblatam
2307 1613 2309 1616 .

207 1627 448 1694 condonabitur.
485 1627 611 1691 Verum
622 1627 732 1690 omnia
746 1627 809 1691 ista
826 1625 1009 1690 cicatricem
1027 1623 1187 1688 obducere
1239 1622 1436 1706 neglexerit,
1472 1623 1570 1701 absit,
1599 1639 1638 1688 ut
1669 1627 1735 1690 istu
1784 1626 1831 1690 616
1859 1625 2083 1692 concedamus.
2144 1627 2220 1693 Non

208 1735 274 1778 non
296 1720 441 1796 possunt,
464 1720 611 1778 nectam
628 1712 706 1776 mali
723 1718 801 1776 sunt
817 1711 994 1775 lenimenta
1012 1730 1110 1793 quam
1130 1731 1186 1774 16-
1239 1710 1326 1772 enirn
1344 1709 1409 1773 alia
1429 1730 1516 1774 nunc
1538 1717 1589 1775 est
1608 1720 1814 1792 peccatorum
1833 1713 1990 1789 remissio,
2013 1732 2111 1794 quam
2133 1734 2218 1778 sem-

206 1820 293 1865 nena
313 1799 410 1864 melle
432 1798 542 1876 oblita,
564 1820 606 1863 ne
624 1820 684 1862 sua
701 1797 876 1863 acerbitate
893 1796 1037 1878 primum
1053 1803 1187 1879 gustum
1238 1816 1298 1876 per
1319 1795 1389 1859 fuit.
1426 1792 1593 1878 Quotquot
1614 1798 1837 1862 remissionem
1858 1806 2066 1880 peccatorum
2084 1820 2104 1864 a
2121 1796 2219 1865 chri-

207 1885 383 1964 offendant,
403 1884 511 1949 sedin
529 1885 645 1948 intima
655 1889 836 1966 penetrent,
858 1882 1187 1964 antequamsentian·
1239 1887 1294 1944 sto
1310 1880 1487 1946 obtinuisse
1508 1882 1676 1964 leguntur,
1706 1904 1772 1947 non
1798 1883 1953 1967 leguntur
1973 1884 2008 1947 in
2032 1904 2144 1950 aurem
2165 1907 2218 1951 sa—

208 1979 271 2035 tur.
316 1971 424 2054 Urget
450 1991 528 2053 ergo
556 1991 684 2052 semper
705 1968 860 2034 terribilis
881 1967 939 2032 illa
959 1989 1025 2032 vox
1046 1975 1080 2030 et
1100 1967 1187 2030 auri·
1240 1966 1376 2032 crificuli
1399 1968 1580 2049 cuiuspiam
1602 1970 1748 2033 confessi.
1793 1969 1863 2035 Nec
1880 1990 1960 2034 sane
1978 1970 2126 2035 confiteri
2146 1978 2219 2054 pot-

207 2056 268 2122 bus
290 2058 434 2121 insonat:
458 2057 611 2121 confitere
631 2057 741 2120 omnia
760 2060 894 2137 peccata
913 2061 979 2117 tua.
1024 2053 1094 2117 Nec
1116 2059 1187 2133 pot-
1239 2060 1348 2130 erant,
1382 2052 1437 2116 ubi
1466 2075 1527 2120 nec
1554 2054 1727 2119 sacrificuli
1755 2056 1998 2121 confessiouauii
2020 2063 2130 2134 erant,
2157 2080 2219 2123 nec

208 2150 258 2207 est
281 2139 322 2229 [p.
336 2140 411 2228 314]
435 2142 553 2207 horror
573 2143 635 2207 iste
656 2141 768 2223 pacari
789 2141 853 2204 nisi
873 2147 961 2204 certo
984 2138 1106 2203 solatio.
1238 2141 1310 2221 ipsa
1331 2139 1430 2202 etiam
1452 2139 1619 2204 confessio.
1663 2131 1710 2203 Et
1735 2142 1847 2207 multis
1868 2151 1981 2224 postea
2007 2142 2219 2221 saeoulisin·

294 2226 391 2309 Quod
413 2235 523 2292 autem
543 2227 629 2292 bona
645 2248 722 2309 pars
740 2226 827 2291 orbis
844 2224 964 2290 talibus
983 2223 1186 2290 blandimen-
1239 2223 1351 2289 audita
1376 2225 1439 2289 fuit
1464 2223 1545 2290 haec
1574 2225 1745 2303 confessio,
1773 2228 1890 2310 quibus
1917 2229 1989 2292 sine
2013 2227 2076 2294 hac
2106 2228 2218 2294 condi-

207 2315 258 2392 tis,
282 2314 398 2396 quibus
419 2321 489 2377 tam
510 2313 643 2378 exitiale
664 2333 829 2377 venenum
850 2311 1110 2394 temperabatur,
1133 2331 1187 2377 ac-
1238 2312 1326 2374 tione
1348 2310 1598 2374 remittebantur
1617 2320 1758 2393 peocata.
1791 2311 1859 2378 sed
1880 2334 1924 2378 ne
1944 2315 2038 2396 quasi
2050 2314 2091 2380 de
2110 2314 2217 2380 redu-

207 2401 344 2483 quievit,
379 2420 445 2464 non
477 2398 512 2462 id
543 2399 667 2464 factum
694 2405 744 2462 est
770 2397 857 2481 quod
883 2397 956 2462 Deo
984 2396 1187 2461 satisfactum
1238 2397 1292 2461 bia
1304 2396 1433 2479 longius
1449 2395 1666 2478 disceptemus
1680 2399 1818 2463 verbum
1828 2400 1892 2464 Dei
1904 2407 2053 2481 apertum
2063 2407 2122 2480 est,
2136 2400 2223 2484 quod

207 2485 367 2563 crederet,
395 2492 453 2549 aut
480 2485 542 2549 sibi
564 2485 662 2549 etiam
690 2484 788 2566 plane
818 2483 1032 2560 satisfaceret;
1061 2480 1118 2547 sed
1140 2489 1185 2559 ut,
1239 2489 1410 2547 aeternum
1425 2489 1539 2546 manet
1562 2482 1633 2566 (En.
1660 2486 1729 2568 18):
1753 2484 2010 2569 quotiescunque
2024 2487 2222 2571 ingemuerit

208 2573 300 2654 quasi
332 2572 366 2635 in
399 2570 506 2635 medio
538 2572 622 2634 mari
654 2572 723 2634 fixa
750 2590 885 2646 ancora,
918 2567 1054 2651 paulum
1086 2569 1186 2631 intere
1237 2575 1403 2651 peccator,
1430 2569 1577 2646 omnium
1601 2570 1811 2650 iniquitatum
1832 2571 1902 2636 61116
1923 2592 1990 2636 non
2016 2572 2218 2639 recordabor.

208 2658 387 2742 quiesceret
403 2679 423 2721 a
439 2657 655 2739 navigatione,
674 2655 737 2734 vel,
753 2655 846 2738 quasi
862 2655 967 2719 fessus
985 2661 1017 2717 et
1034 2654 1187 2718 fatiscens
1238 2655 1329 2719 Huic
1349 2652 1448 2718 verbo
1471 2655 1528 2735 qui
1550 2654 1674 2737 aliquid
1695 2656 1796 2721 audet
1818 2656 1971 2735 adiicere,
1998 2679 2066 2722 non
2087 2667 2222 2742 peccata

207 2744 321 2821 116161,
344 2744 379 2807 ih
400 2743 455 2808 via
477 2741 692 2807 decumberet
728 2741 770 2804 In
792 2739 941 2806 facienda
962 2740 1032 2805 eius
1051 2741 1099 2803 rei
1122 2738 1187 2803 fide
1238 2740 1329 2823 ligat,
1352 2739 1411 2804 sed
1431 2739 1567 2804 Domini
1585 2741 1850 2807 misericordiam.

206 2849 273 2895 non
293 2829 413 2894 laboro.
460 2827 530 2893 Sibi
560 2829 648 2892 enim
674 2829 809 2910 quisque
831 2825 975 2909 apudse
1002 2825 1095 2890 166116
1117 2846 1188 2890 6666
1325 2825 1417 2889 Nihil
1438 2825 1547 2907 itaque
1569 2827 1705 2904 mirum,
1735 2829 1763 2892 si
1785 2829 2001 2894 auricularem
2020 2829 2119 2895 istam
2142 2851 2219 2895 con·
2324 2822 2329 2831 ’

207 2922 321 2997 potest
373 2916 493 2980 Dicam
524 2915 560 2977 in
592 2935 735 2991 summa,
771 2912 877 2995 qualis
909 2911 964 2975 lex
992 2911 1049 2976 illa
1079 2912 1186 2976 fuerit.
1239 2912 1427 2988 fossionem,
1457 2932 1528 2975 rem
1555 2911 1635 2976 adeo
1662 2913 1868 2995 pestilentem
1895 2923 2005 2998 totque
2031 2916 2220 2982 nominibus

207 3000 367 3079 Primum,
391 3000 581 3082 simpliciter
603 3007 653 3063 est
668 2997 894 3082 impossibilis;
915 2998 1024 3080 itaque
1041 3018 1107 3061 non
1125 2998 1188 3062 nisi
1241 2997 1395 3062 ecclesiae
1417 2997 1565 3076 noxiam,
1596 2996 1805 3078 damnamus,
1829 3022 1867 3065 ac
1886 2999 2050 3067 sublatam
2071 3023 2089 3066 e
2111 3001 2220 3067 medio

210 3086 355 3170 perdere,
380 3084 546 3163 damnare,
569 3085 782 3163 confundere,
810 3086 846 3149 in
867 3084 999 3148 ruinam
1020 3091 1054 3148 et
1074 3083 1188 3165 despe-
1242 3085 1398 3165 cupimus.
1454 3080 1551 3163 Quod
1583 3085 1612 3149 si
1648 3106 1707 3167 per
1744 3107 1778 3150 66
1817 3109 1870 3151 166
1903 3095 1989 3150 66661
2015 3086 2217 3167 indifferens,

209 3173 369 3237 rationem
386 3171 544 3237 coniicere
560 3177 675 3253 potest.
705 3169 843 3248 Deinde,
865 3177 1050 3252 peccatores
1069 3191 1088 3233 a
1110 3190 1188 3234 vero
1240 3167 1377 3252 quando'
1393 3174 1505 3232 tamen
1526 3170 1610 3234 nulli
1630 3172 1703 3234 usui
1724 3179 1782 3248 est,
1805 3194 1866 3238 neo
1886 3173 2015 3252 fructui,
2039 3179 2088 3236 tot
2109 3182 2220 3238 antem

207 3264 414 3340 peccatorum
435 3278 570 3322 suorum
591 3278 689 3321 6611611
706 3255 917 3334 abductos,h
983 3255 1081 3320 critas
1101 3255 1188 3333 facit,
1240 3255 1475 3336 impietatibus,
1509 3255 1702 3339 sacrilegiiS,
1743 3259 1921 3336 erroribus,
1955 3279 2088 3324 causam
2121 3259 2218 3338 dedit,

208 3344 335 3426 Deique
358 3364 395 3409 ao
424 3344 642 3425 sui0ipsorum
672 3344 869 3424 ignorantes.
916 3277 1189 3423 1111166116
1241 3342 1313 3424 quis
1340 3362 1407 3404 non
1434 3341 1583 3422 protinus
1612 3341 1806 3407 abolendam
1834 3343 1988 3409 censeat?
2032 3345 2221 3411 Recensent

207 3430 243 3493 in
264 3436 470 3511 peccatorum
487 3429 730 3493 enumeratione
748 3428 807 3491 toti
826 3437 1033 3509 occupantur,
1056 3428 1189 3491 interim
1241 3426 1373 3509 quidem
1395 3426 1519 3509 aliquot
1534 3449 1629 3505 usus,
1658 3449 1739 3510 quos
1760 3438 1799 3493 ut
1818 3429 1915 3494 valde
1936 3430 2118 3496 fructuosos
2139 3452 2220 3496 ven-

208 3515 443 3581 oblivisountur
462 3515 620 3580 latentem
636 3514 728 3578 illam
749 3514 904 3577 vitiorum
923 3512 1058 3590 lernam,
1082 3512 1188 3578 occul·
1242 3512 1362 3591 ditant;
1389 3511 1447 3577 sed
1469 3512 1542 3578 illos
1570 3522 1627 3578 aut
1654 3516 1826 3580 ementitos
1854 3524 1911 3580 aut
1938 3515 2061 3582 nullius
2086 3537 2220 3599 prorsus

209 3611 358 3677 1116611116
379 3601 567 3683 iniquitates
589 3607 622 3665 et
643 3600 813 3664 interiores
831 3597 951 3677 sordes,
975 3619 1114 3680 quarum
1131 3619 1188 3681 po·
1240 3599 1407 3664 momenti.
1457 3598 1573 3664 Unum
1597 3608 1710 3664 tamen
1735 3602 1895 3685 singulari
1921 3603 2148 3686 praerogativa
2176 3599 2218 3689 [.

208 3687 371 3751 tissimum
389 3687 505 3751 notitia
527 3708 621 3752 suam
642 3686 809 3751 miseriam
830 3692 982 3767 reputare
1000 3683 1186 3749 debuerant.
1243 3683 1319 3770 327]
1343 3683 1582 3750 commendant
1631 3686 1901 3752 Erubescentiam
1930 3689 2114 3753 confitentis
2143 3708 2219 3772 gra-

209 3772 257 3836 At
277 3773 457 3837 certissima
479 3780 550 3837 erat
567 3772 776 3838 confessionis
803 3770 932 3854 regula,
961 3778 1088 3834 tantam
1108 3770 1189 3835 mali
1240 3791 1316 3836 vem
1338 3792 1409 3836 esse
1435 3791 1590 3853 poenam,
1619 3793 1684 3853 qua
1710 3781 1743 3837 et
1759 3782 1910 3855 peccator
1936 3775 1975 3838 fit
1995 3774 2031 3836 in
2052 3779 2220 3856 posterum

208 3859 312 3923 nostri
330 3857 484 3942 abyssum
506 3879 681 3942 agnoscere
699 3867 733 3921 61
748 3858 852 3935 fateri,
871 3877 1188 3938 quaesensumquo·
1241 3857 1366 3922 66111161
1395 3863 1429 3921 61
1455 3857 1520 3921 Dei
1546 3855 1726 3922 vindictam
1755 3861 1932 3924 antevertit
1964 3881 1999 3924 66
2025 3860 2134 3942 ipsum
2158 3881 2220 3943 pu-

133 3981 138 4002 .
209 3963 272 4025 que
293 3952 442 4008 nostrum
469 3949 609 4027 superet.
652 3942 727 4009 Hac
749 3943 863 4026 regula
887 3941 1037 4007 videmus
1058 3964 1188 4025 compo-
1240 3944 1345 4007 niens.
1365 3941 1390 4027 ¹)
1434 3939 1538 4022 Quasi
1559 3963 1625 4006 non
1653 3946 1732 4009 satis
1753 3934 1877 4029 niagna
1896 3943 2095 4011 verecundia
2115 3945 2221 4012 homi·

210 4030 308 4094 sitam
349 4029 514 4111 publicam
551 4030 797 4094 confessionem:
830 4027 986 4106 Domine,
1030 4029 1189 4111 propitius
1242 4050 1319 4093 nem
1341 4027 1596 4107 confimdamus,
1626 4029 1705 4094 dum
1727 4030 1768 4095 ad
1790 4053 1961 4106 summum,
1976 4029 2058 4094 illud
2076 4030 2222 4096 tribunal

209 4120 278 4180 esto
299 4114 382 4178 mihi
402 4116 563 4197 peccatori
573 4113 668 4199 (Luc.
686 4114 741 4199 18)
748 4139 756 4193 ;
779 4116 872 4197 quasi
894 4113 1025 4193 diceret,
1047 4122 1188 4195 quantus
1242 4115 1394 4193 coeleste,
1434 4113 1476 4178 ad
1508 4115 1573 4179 Dei
1605 4117 1824 4198 cognitionem
1855 4138 2018 4182 vocamus.
2074 4117 2218 4201 Egregie

208 4206 350 4284 quantus
368 4222 449 4277 sum,
470 4207 556 4264 totus
579 4222 652 4265 sum
673 4207 831 4284 peccator,
853 4198 893 4285 [p.
909 4198 985 4286 325]
1001 4222 1061 4266 neo
1082 4201 1188 4282 ipsam
1241 4221 1319 4264 vero
1336 4201 1517 4282 profectum
1538 4208 1596 4279 661,
1619 4203 1761 4267 sinnius
1784 4203 1925 4268 hominis
1942 4201 2065 4284 pudore
2082 4223 2218 4285 peecare

208 4292 416 4369 peccatorum
437 4306 584 4350 meorum
605 4286 878 4370 magnitudinem,
908 4294 965 4350 aut
985 4293 1109 4363 mente,
1132 4292 1189 4349 aut
1242 4285 1434 4364 desinimus,
1470 4287 1580 4350 Deum
1612 4309 1679 4351 non
1713 4289 1933 4354 erubescimus
1966 4288 2087 4354 habere
2113 4288 2220 4353 malae

209 4371 324 4456 lingua
347 4372 476 4453 assequi
496 4392 643 4455 possum;
677 4373 813 4458 abyssus
842 4380 917 4436 tuae
946 4370 1188 4436 misericordiae
1242 4379 1373 4436 nostrae
1400 4374 1617 4437 conscientiae
1645 4381 1776 4452 testem;
1812 4395 1999 4457 quanquam
2032 4375 2067 4439 id
2095 4395 2222 4458 quoque

208 4457 294 4523 hanc
317 4456 441 4540 11666611
463 4459 528 4521 11161
550 4459 706 4542 abyssum
728 4458 906 4524 absorbeat.
1241 4459 1349 4538 ipsum
1369 4456 1580 4523 falsissimum
1602 4465 1659 4524 661.
1688 4459 1789 4524 Nulla
1810 4461 1900 4524 6111111
1916 4482 1952 4524 16
1973 4460 2045 4524 fieri
2063 4460 2222 4527 maiorem

295 4541 404 4624 Quid?
428 4544 571 4627 inquies,
594 4565 713 4627 ergone
736 4542 919 4610 confitenda
939 4564 1005 4607 non
1028 4543 1189 4606 6111116111-
1240 4542 1397 4625 peccandi
1425 4542 1656 4619 confidentiam
1684 4553 1741 4611 aut
1768 4545 1935 4611 licentiam
1964 4547 2088 4628 passim
2108 4544 2221 4610 videre

208 4628 286 4710 gula
313 4628 452 4694 delicta?
498 4651 576 4713 ergo
613 4629 704 4694 nulla
738 4630 811 4694 Deo
853 4636 985 4711 accepta
1020 4627 1186 4706 confessio,
1241 4634 1299 4705 661,
1321 4649 1420 4711 quam
1442 4629 1520 4694 dum
1542 4630 1743 4697 confessione
1765 4631 1925 4697 sacerdoti
1946 4623 2054 4710 facta,⁸
2071 4632 2221 4696 homiues

208 4713 272 4779 nisi
294 4712 418 4780 duobus
436 4715 507 4781 istis
525 4716 634 4781 verbis
651 4715 813 4780 conclusa:
826 4720 976 4797 peccator
992 4713 1088 4778 sum?
1116 4713 1189 4777 lmo
1241 4715 1432 4779 existimant
1454 4738 1488 4781 66
1516 4738 1610 4799 posse
1631 4725 1759 4801 tergere
1785 4738 1821 4782 os
1843 4726 1877 4782 et
1898 4716 2019 4782 dicere:
2054 4739 2122 4782 non
2149 4717 2220 4782 feei.

209 4818 287 4863 vero
310 4797 418 4865 danda
437 4802 544 4884 potins
566 4822 678 4884 opera,
702 4809 755 4880 ut,
778 4806 938 4884 quantum
958 4799 993 4864 in
1014 4799 1108 4864 nobis
1129 4806 1187 4879 est,
1239 4800 1310 4866 Nec
1327 4806 1394 4865 toto
1412 4803 1518 4866 solum
1535 4824 1623 4868 anno
1639 4803 1724 4866 fiunt
1742 4802 1785 4867 ad
1801 4802 2003 4885 peccandum
2022 4802 2220 4881 audaciores,

207 4891 313 4950 totum
345 4906 401 4950 cor
429 4887 634 4952 effimdamus
667 4908 777 4952 coram
808 4885 966 4963 Domino,
999 4906 1060 4950 neo
1092 4884 1188 4951 modo
1241 4885 1298 4951 sed
1319 4887 1355 4950 in
1376 4887 1537 4971 reliquum
1559 4889 1639 4952 anni
1660 4888 2226 4969 1611111116,(1666111666161166661111,1

209 4991 268 5036 nos
283 4978 470 5054 peccatores
487 4994 552 5036 uno
573 4972 860 5049 1611616166111111,
883 4969 950 5050 sed,
973 4976 1010 5035 ut
1029 4970 1111 5036 tales
1128 4993 1188 5036 nos
1240 4993 1412 5056 nunquam
1439 4973 1481 5038 ad
1500 4975 1611 5039 Deum
1640 4974 1823 5055 suspirant,
1851 4994 2021 5056 nunquam
2049 4974 2091 5039 ad
2112 4997 2147 5040 66
2169 4995 2223 5039 re-

208 5076 286 5121 1616
312 5063 346 5121 61
374 5078 417 5122 ex
445 5058 553 5121 animo
582 5079 805 5140 agnoscamus,
829 5061 952 5139 quanta
973 5057 1017 5121 sit
1039 5064 1072 5121 et
1089 5079 1188 5140 quam

208 5142 301 5206 varia
322 5151 529 5224 peccatorum
549 5143 648 5221 labes,
671 5149 740 5208 tota
760 5142 954 5226 cogitatione
975 5164 1187 5226 recognosca-

208 5247 296 5307 mus;
328 5250 395 5293 non
422 5227 517 5293 modo
550 5249 609 5293 uos
636 5228 830 5307 immundos,
863 5226 922 5293 sed
948 5228 1053 5310 qualis
1082 5230 1125 5295 sit
1153 5237 1187 5294 et
1310 5247 1340 5315 1)
1358 5247 1418 5301 Lib.
1435 5245 1460 5299 1
1479 5251 1595 5300 sentent.
1614 5247 1676 5299 11111
1695 5244 1737 5300 17.
1755 5245 1822 5300 ct

1245 5148 1446 5155 w·—
