4770 6030
146 339 208 400 933
796 334 895 400 OAP.
917 336 994 401 XV.
1018 336 1112 421 (IX.)
1154 337 1218 401 DE
1241 334 1489 403 ORATIONE.
1553 387 1556 399 .
2084 346 2146 408 934

34 496 39 509 .
145 451 260 518 naen
278 449 390 517 saca
408 436 527 525 caea]

144 526 329 610 pertinaces
359 523 547 595 inimicitias
579 531 748 600 exercent,
782 531 816 588 ct
847 521 1117 606 indignationem,
1170 529 1265 587 aar
1291 524 1433 589 inermes
1462 533 1497 588 ct
1523 526 1703 608 imparatos
1731 526 1892 607 adoritur,
1929 537 1968 593 ut
1996 531 2146 596 incautos

145 633 245 695 quam
267 631 286 673 a
307 631 342 674 se
364 608 596 694 deprecantur,
625 609 689 692 ipsi
710 607 867 674 adversus
893 609 974 674 alios
994 611 1116 689 fovent,
1170 609 1348 692 opprimat3
1375 608 1469 674 Deus
1490 632 1559 675 una
1580 633 1657 676 oum
1678 615 1861 678 tentatione
1888 615 1967 680 facit
1988 623 2146 680 eventum

87 732 90 743 ι
145 720 188 762 ne
209 719 244 761 se
266 716 326 779 pro
348 703 441 779 patre
463 696 616 760 invocare
638 695 757 759 ausint
1170 693 1202 779 (l
1225 693 1299 759 Cor.
1328 699 1445 773 10,13.
1481 699 1606 762 2Pctr.
1633 702 1663 776 2,
1689 699 1739 784 9),
1770 705 1809 762 ut
1838 701 1977 764 sufferre
2008 702 2061 766 sui
2088 722 2146 784 pa-

477 807 482 818 ·
1170 781 1292 843 tienter
1314 781 1442 863 possint
1464 781 1624 866 quidquid
1644 784 1709 848 illis
1731 784 1890 849 immittit.
1925 786 2067 869 Maligni
2087 808 2146 851 no-

1169 866 1260 929 mine
1292 864 1458 930 diabolum
1491 889 1534 931 an
1566 877 1737 951 peccatum
1768 871 2007 953 intelligamus,
2047 893 2146 956 quam

444 950 598 1017 SEXTA
618 950 815 1016 ΡΕΤΙΤΙΟ.
1169 951 1346 1049 minimum
1378 953 1487 1017 refert.
1535 952 1650 1052 ,Satan
1683 955 1816 1038 quidem
1853 957 1924 1038 ipse
1956 957 2063 1022 hostis
2096 967 2147 1023 est

145 1099 212 1181 Ne
244 1126 320 1179 nos
351 1093 524 1176 inducas
555 1093 598 1174 in
629 1091 926 1200 tentationem3
959 1093 1035 1175 scd
1064 1093 1117 1175 li-
1169 1057 1228 1186 idi
1254 1040 1730 1190 {ppeinmpgppleuplnspfflatpppi
1750 1050 1883 1190 peHeppteo
1900 1050 2017 1211 {wlff
2032 1065 2146 1194 diiii}

387 1215 490 1295 bera
519 1242 596 1294 nos
627 1242 653 1294 a
682 1211 881 1322 maligno,
1170 1215 1221 1272 est
1247 1208 1441 1290 postulatio,
1468 1231 1511 1274 nc
1539 1210 1616 1276 ullis
1642 1211 1880 1277 tentationibus
1909 1214 2082 1279 vincamur
2108 1236 2146 1279 ac

1170 1292 1357 1373 obruamur,
1381 1293 1439 1359 scd
1455 1294 1594 1360 Domini
1614 1297 1740 1362 virtute
1762 1306 1877 1362 contra
1893 1319 2007 1363 omnes
2029 1299 2146 1365 adver-

231 1387 283 1447 42.
333 1379 459 1445 Multae
487 1387 566 1442 sunt
599 1398 637 1442 ao
663 1378 774 1444 variae
803 1379 1025 1443 tentationum
1051 1382 1117 1445 ior·
1171 1398 1224 1443 sas
1251 1379 1407 1457 virtutes,
1436 1380 1555 1464 quibus
1585 1403 1831 1466 oppugnamur,
1857 1385 1960 1448 fortes
1986 1386 2145 1451 musta

145 1490 226 1534 mae.
277 1466 363 1531 Nam
391 1474 425 1530 et
451 1485 571 1549 pravae
605 1483 719 1528 omnes
748 1464 853 1527 animi
877 1465 1116 1549 conceptiones,
1170 1485 1259 1529 mus:
1279 1468 1304 1548 ¹)
1326 1464 1414 1547 quod
1431 1474 1490 1545 est,
1510 1488 1579 1531 non
1596 1468 1808 1533 succumbere
1831 1470 2083 1552 tentationibus;
2107 1480 2146 1536 ut

144 1557 180 1620 in
201 1553 285 1637 legis
306 1551 603 1634 transgressionem
624 1568 686 1613 uos
706 1556 937 1633 provocantes,
983 1570 1043 1614 uas
1064 1552 1117 1617 vel
1169 1551 1205 1613 in
1227 1551 1299 1614 eius
1321 1550 1504 1615 custodiam
1526 1572 1563 1617 ac
1585 1553 1685 1618 fidem
1707 1555 1859 1637 suscepti,
1883 1575 1921 1618 ac
1943 1558 2145 1638 promotione

145 1638 409 1722 concupiscentia
434 1644 549 1701 nostra
576 1633 670 1699 nobis
698 1636 860 1719 suggerit,
887 1572 1117 1705 vellatum
1170 1636 1242 1700 cius
1274 1637 1396 1714 securi,
1426 1658 1527 1720 supra
1577 1647 1741 1718 occatum,
1774 1648 1930 1718 mortem,
1962 1642 2146 1707 inferorum

145 1727 280 1802 excitat,
304 1724 503 1788 tentationes
524 1730 604 1785 sunt
631 1720 709 1805 (Iac.
732 1727 759 1799 1,
779 1725 797 1784 2
816 1728 850 1786 et
871 1726 918 1785 14.
945 1722 1066 1787 Matth.
1085 1728 1115 1802 4,
1168 1728 1290 1803 portas,
1313 1730 1348 1785 et
1369 1731 1478 1786 totum
1499 1659 1619 1788 diaboli
1640 1745 1795 1808 regnum,
1823 1726 1938 1791 invicti
1960 1735 2100 1794 stemus:
2116 1730 2145 1810 2)

147 1818 173 1876 1.
194 1817 221 1876 3.
254 1810 404 1887 lfihess.
426 1811 454 1885 3,
475 1808 519 1892 5).
568 1807 615 1871 Et
640 1827 723 1889 quae
746 1815 862 1890 suapte
888 1814 1009 1872 natura
1030 1809 1118 1873 mala
1169 1805 1257 1890 quod
1277 1816 1329 1872 est
1350 1828 1370 1871 a
1390 1808 1536 1891 maligno
1557 1808 1700 1874 liberari.

144 1919 212 1961 non
242 1904 336 1972 sunt,
375 1893 495 1958 diaboli
527 1901 639 1956 tamen
680 1901 750 1956 arte
790 1893 988 1958 tentationes
1020 1896 1116 1973 fiunt,
1255 1898 1305 1956 44.
1360 1892 1426 1959 Ubi
1463 1894 1563 1958 etiarn
1602 1894 1777 1978 diligenter
1815 1896 2144 1971 animadvertendum

144 2003 248 2065 quum
275 1983 321 2045 sic
343 1980 447 2044 oculis
469 1979 591 2043 nostris
618 1979 835 2061 ingeruntur,
863 1987 902 2042 ut
923 1999 1039 2044 eorum
1060 1979 1117 2045 cb·
1169 1984 1320 2056 estnon
1340 1987 1531 2043 nostrarum
1552 2001 1624 2044 esse
1647 1981 1779 2058 virium,
1802 2001 1879 2046 cum
1901 1982 2028 2049 diabolo
2050 1992 2144 2049 tanto

143 2070 232 2133 iectu
253 2089 273 2131 a
292 2068 365 2132 Deo
387 2065 630 2141 abstrahamur,
654 2072 712 2127 aut
733 2062 942 2130 declinemus.
987 2067 1035 2130 Et
1056 2065 1118 2131 hae
1168 2063 1326 2128 bellatore
1353 2064 1525 2147 congredi,
1554 2085 1615 2129 nec
1646 2066 1716 2132 vim
1748 2067 1819 2131 eius
1852 2076 1951 2151 atquc
1983 2069 2145 2153 impetum

144 2152 277 2237 quidem
303 2152 502 2216 tentationes
530 2159 610 2213 sunt
636 2149 690 2216 vel
712 2169 732 2212 a
753 2149 893 2228 dextris,
921 2151 975 2216 vel
996 2172 1016 2215 a
1037 2152 1117 2216 sini-
1169 2150 1263 2214 ferre.
1308 2150 1444 2233 Alioqui
1476 2149 1601 2215 trustra
1629 2160 1688 2215 aut
1720 2172 1780 2234 per
1805 2152 1987 2218 ludibrium
2019 2176 2039 2218 a
2070 2155 2144 2219 Deo

144 2241 231 2304 stris.
286 2239 319 2303 A
345 2237 485 2314 dextris,
518 2243 558 2301 ut
585 2233 734 2314 divitiae,
767 2235 931 2318 potentia,
965 2237 1116 2316 honores,
1168 2242 1372 2319 posceretur,
1402 2234 1489 2319 quod
1516 2235 1604 2300 domi
1624 2237 1713 2318 apud
1734 2258 1795 2301 nos
1817 2249 1911 2302 esset.
1957 2237 2060 2320 Sane,
2088 2241 2145 2324 qui

143 2346 227 2408 quae
253 2325 448 2407 plerumque
473 2342 534 2386 suc
555 2320 684 2405 fulgore
706 2329 740 2384 et
766 2321 844 2386 boni
867 2322 988 2405 specie,
1017 2344 1118 2407 quam
1169 2321 1222 2385 sui
1253 2318 1373 2386 fiducia
1407 2320 1448 2385 ad
1479 2321 1579 2385 talem
1608 2343 1643 2386 sc
1669 2343 1817 2405 pugnam
1846 2335 2054 2407 comparant,
2077 2348 2144 2390 non

165 2431 221 2474 rae
248 2432 283 2474 se
309 2412 436 2486 lerunt,
466 2407 640 2472 hominum
665 2407 768 2470 aciem
789 2408 1055 2491 praestringtmt‚
1083 2417 1118 2475 et
1168 2407 1249 2471 satis
1270 2407 1472 2490 intelligrmt
1495 2427 1571 2472 curn
1589 2405 1688 2490 quam
1704 2409 1848 2491 pugnaci
1865 2418 1964 2492 atque
1982 2410 2145 2476 instructo

142 2433 311 2561 blanditiis
333 2496 402 2559 suis
422 2495 580 2571 inescant,
605 2499 645 2556 ut
666 2492 788 2563 talibus
809 2494 998 2576 praestigiis
1019 2496 1116 2578 capti,
1168 2492 1264 2558 hoste
1285 2491 1348 2557 sibi
1368 2514 1422 2557 res
1444 2492 1495 2557 sit.
1540 2492 1638 2557 Nunc
1660 2494 1804 2575 petimus
1826 2493 1867 2557 ab
1889 2495 1960 2559 eius
1982 2504 2145 2578 potestate

142 2590 182 2647 ut
209 2582 269 2646 tali
291 2579 462 2646 dulcedine
489 2577 587 2657 ebrii,
616 2577 729 2643 Deum
749 2599 848 2642 suum
870 2577 1114 2645 obliviscantur.
1168 2577 1316 2659 liberari,
1345 2587 1505 2660 tanquam
1531 2578 1572 2642 ab
1599 2599 1656 2643 cre
1683 2578 1793 2642 insani
1819 2600 1857 2643 ac
1879 2579 1984 2644 rabidi
2006 2582 2145 2646 alicuius

142 2668 175 2732 A
200 2668 363 2747 sinistris,
386 2674 426 2730 ut
452 2673 643 2749 paupertas,
665 2663 800 2747 probra,
822 2672 1046 2749 contemptus,
1069 2669 1116 2732 af-
1168 2664 1288 2743 leonis,
1318 2665 1432 2728 statim
1464 2665 1536 2729 eius
1566 2662 1721 2729 dentibus
1753 2684 1790 2729 ae
1822 2665 1990 2749 unguibus
2024 2667 2144 2731 discer-

142 2754 316 2831 flicticnes‚
345 2760 379 2817 et
406 2761 535 2816 caetera
555 2750 590 2814 id
617 2771 737 2833 genus;
766 2770 908 2832 quorum
929 2751 1115 2833 acerbitate,
1168 2748 1278 2834 pendi,
1301 2750 1373 2815 eius
1393 2749 1544 2816 faucibus
1565 2749 1785 2833 deglutiendi,
1808 2751 1873 2815 nisi
1895 2771 1956 2815 nos
1977 2750 2144 2816 Dominus

142 2838 399 2921 difficultateque
417 2835 542 2913 offensi,
565 2837 693 2901 animos
710 2835 944 2919 despondeant,
962 2837 1117 2903 fiduciam
1169 2833 1318 2900 emcdia
1339 2844 1446 2900 morte
1474 2836 1600 2918 eripiat.
1645 2836 1719 2901 Hoc
1739 2844 1852 2901 tamen
1872 2837 1971 2901 simul
1993 2837 2143 2916 scientes,

142 2944 179 2991 ac
207 2945 299 3007 spem
322 2923 491 3001 abiiciant,
520 2922 655 2986 demum
676 2942 696 2985 a
717 2920 790 2986 Deo
815 2943 952 3006 prorsus
971 2924 1116 2991 alienen—
1169 2919 1258 3005 quod
1283 2921 1311 2984 si
1333 2921 1499 2986 Dominus
1526 2920 1645 3001 aderit,
1679 2942 1717 2985 ac
1749 2942 1809 3005 pro
1837 2921 1931 2987 nobis
1960 2922 2146 2988 aeratus

141 3018 206 3073 tur.
262 3009 327 3073 His
358 3008 611 3087 tentationibus,
651 3027 734 3090 quae
767 3008 820 3073 vel
853 3011 1117 3093 concupiscentia
1167 3006 1344 3091 pugnabit,
1367 3008 1496 3071 ineius
1517 3007 1642 3073 virtute
1663 3007 1825 3072 faciemus
1842 3008 2009 3073 virtutem.
2055 3007 2144 3073 Ocn-

141 3103 256 3158 nostra
277 3095 313 3158 in
333 3095 429 3159 nobis
449 3114 612 3172 accensae,
634 3094 686 3160 vel
710 3101 843 3158 satanae
864 3095 1001 3162 vafricia
1021 3097 1116 3161 nobis
1167 3092 1273 3158 fidant
1299 3093 1371 3172 alii,
1395 3101 1434 3157 ut
1455 3093 1588 3169 volent,
1618 3093 1761 3175 propriis
1781 3092 1877 3157 liberi
1898 3093 2026 3158 arbitrii
2047 3094 2145 3177 (quas

141 3179 342 3264 propositae,
370 3179 542 3244 nobiscum
562 3185 728 3262 pugnant,
758 3201 800 3243 ne
822 3179 936 3245 cedere
957 3202 1019 3246 nos
1040 3203 1115 3266 per-
1169 3201 1189 3243 a
1210 3200 1245 3243 se
1266 3178 1387 3243 habere
1415 3177 1478 3243 sibi
1504 3176 1681 3328 videnturss
1703 3179 1914 3243 facultatibus
1943 3200 1980 3243 ac
2001 3180 2142 3245 viribus:

141 3267 266 3343 mittat,
296 3286 316 3329 a
337 3265 410 3329 Deo
439 3272 533 3348 patre
560 3274 674 3329 nostro
700 3285 882 3348 precamur.
927 3268 1055 3332 Verum
1076 3274 1117 3332 ut
1168 3263 1262 3330 nobis
1285 3265 1365 3329 satis
1386 3265 1431 3328 sit
1452 3262 1540 3346 quod
1562 3284 1630 3328 una
1681 3265 1712 3328 ei
1734 3264 1859 3330 virtute
1881 3273 2007 3329 stamus
2028 3286 2066 3330 ac
2087 3286 2145 3331 va·

141 3353 252 3435 potius
278 3371 381 3415 manu
408 3371 555 3415 suanos
583 3358 747 3416 sustentet
774 3360 873 3435 atquc
902 3353 1020 3436 erigat:
1050 3374 1115 3437 quo
1166 3351 1282 3414 lomus.
1344 3351 1427 3415 Plus
1466 3358 1577 3414 autem
1613 3351 1680 3413 ista
1715 3350 1861 3433 precatio
1905 3351 2144 3432 complectitur,

11 3490 14 3495 .
141 3437 212 3502 eius
238 3438 362 3502 virtute
390 3436 532 3515 robusti,
562 3445 677 3500 contra
704 3457 818 3501 omnes
844 3438 983 3522 maligni
1009 3440 1115 3505 hostis
1168 3457 1267 3520 quam
1288 3435 1397 3519 prima
1418 3435 1525 3518 specie
1546 3456 1626 3519 prae
1649 3436 1797 3500 ecferat
1830 3435 1918 3499 Nam
1940 3435 1968 3498 si
1989 3435 2055 3500 Dei
2077 3437 2144 3518 spi·

141 3523 285 3586 insultus
312 3522 401 3585 firmi
429 3529 517 3586 stare
545 3523 723 3605 possimus,
752 3543 964 3607 quascunque
991 3526 1115 3609 cogita-
1167 3522 1253 3587 ritus
1284 3522 1392 3587 virtus
1424 3529 1540 3586 nostra
1566 3529 1632 3600 est,
1661 3521 1703 3585 ad
1730 3528 1897 3585 certamen
1925 3542 2001 3585 cum
2029 3529 2146 3585 satana

140 3609 247 3673 tiones
270 3608 388 3672 animis
410 3607 532 3671 nostris
552 3608 718 3672 immittat.
762 3609 809 3673 Et
835 3609 995 3693 quidquid
1020 3611 1115 3676 nobis
1167 3607 1438 3691 depugnandum,
1468 3608 1641 3673 victoriam
1674 3609 1797 3671 referre
1823 3615 1900 3670 ante
1928 3627 1996 3670 non
2017 3607 2141 3690 poteri·

141 3695 175 3759 in
203 3703 379 3776 utramque
405 3701 533 3776 partem
562 3694 772 3776 proponitur,
801 3695 836 3758 in
858 3696 983 3762 bonum
1004 3705 1114 3763 verta·
1166 3715 1256 3773 mus,
1279 3713 1379 3777 quam
1408 3693 1464 3757 illo
1486 3692 1577 3775 pleni
1598 3713 1731 3757 omnem
1752 3692 1860 3757 carnis
1887 3701 2021 3757 nostrae
2047 3693 2141 3757 infir·

141 3801 230 3859 mus;
258 3781 321 3845 hcc
349 3786 469 3843 estne
495 3775 650 3842 inflemur
677 3780 857 3863 prosperis,
885 3802 946 3845 nec
968 3781 1114 3848 adversis
1166 3780 1317 3844 mitatem
1343 3778 1541 3843 exuerimus.
1596 3780 1629 3844 A
1661 3786 1776 3843 satana
1807 3777 1911 3860 igitur
1943 3785 1978 3842 et
2008 3787 2141 3862 peccato

141 3864 340 3933 deiiciamur.
1166 3864 1247 3931 dum
1268 3864 1412 3948 petimus
1434 3863 1581 3942 liberari,
1608 3865 1704 3929 noris
1724 3864 1850 3946 gratiae
1871 3863 1936 3927 Dei
1957 3865 2141 3929 incremen-

227 3956 277 4015 43.
321 3952 437 4034 Neque
462 3971 541 4015 vcro
570 3951 624 4016 hic
645 3950 851 4033 postulamus
871 3975 913 4017 ne
937 3952 1023 4018 ullas
1044 3974 1115 4017 om·
1166 3952 1210 4015 tis
1240 3950 1435 4033 locupletari
1462 3948 1601 4014 subinde
1628 3950 1828 4033 expetimus3
1863 3947 1965 4013 donec
1997 3951 2040 4015 ad
2071 3951 2140 4035 ple-

142 4037 442 4121 nino‚tentationes
464 4037 660 4115 sentiamus,
689 4036 809 4119 quibus
834 4037 941 4121 magis
966 4039 1112 4118 excitari,
1166 4057 1248 4101 nuru
1268 4037 1310 4100 iis
1331 4036 1445 4100 referti
1465 4034 1507 4100 de
1528 4036 1620 4100 omni
1640 4035 1728 4100 malo
1750 4034 2003 4117 triumphemus.

141 4123 259 4205 pungi,
289 4123 435 4188 vellicari
462 4143 662 4205 magnopere
688 4121 784 4187 nobis
805 4144 889 4206 opus
911 4132 962 4189 est
984 4124 1063 4209 (Iac.
1085 4130 1113 4205 l,
1251 4127 1303 4187 45.
1349 4123 1431 4186 Tres
1452 4122 1538 4187 istae
1558 4122 1772 4204 precationes,
1795 4119 1915 4204 quibus
1931 4122 2141 4203 peculiariter

142 4206 192 4288 2),
226 4229 268 4271 ne
301 4208 442 4272 nimium
473 4207 597 4272 resides
629 4216 827 4291 torpeamus.
877 4210 992 4293 Neque
1025 4211 1114 4274 enim
1165 4229 1226 4273 nos
1248 4228 1286 4272 ac
1307 4215 1421 4272 nostra
1443 4207 1555 4271 omnia
1573 4206 1647 4272 Deo
1669 4205 1946 4283 commendamus,
1970 4205 2140 4271 evidenter

140 4292 199 4356 abs
220 4314 256 4356 re
277 4292 388 4358 David
409 4294 510 4377 (Psal.
531 4297 582 4372 26,
602 4294 636 4377 2)
664 4295 787 4358 tentari
810 4295 957 4377 optabat;
985 4318 1047 4362 neo
1068 4298 1113 4361 ci-
1165 4292 1345 4359 ostendunt
1366 4291 1454 4376 quod
1475 4301 1573 4358 antea
1594 4293 1754 4375 diximus:
1778 4291 2044 4357 Christianorum
2066 4312 2139 4355 ora-

140 4387 193 4443 tra
222 4399 355 4442 causam
383 4380 504 4444 electos
532 4400 609 4444 suos
635 4379 782 4463 quotidie
808 4389 918 4445 tentat
937 4380 1113 4461 Dominus,
1164 4381 1272 4446 tiones
1300 4378 1449 4463 publicas
1479 4400 1551 4444 esse
1578 4377 1709 4457 debere,
1727 4386 1776 4443 'ac
1794 4377 1831 4441 in
1852 4375 2017 4461 publicam
2032 4384 2140 4442 eccle-

140 4485 196 4563 ecs
218 4487 277 4548 per
297 4465 527 4547 ignominiam,
550 4475 791 4549 paupertatem,
813 4466 1058 4533 tribulationem
1080 4476 1115 4534 et
1166 4467 1232 4532 siae
1264 4463 1524 4531 aedificationem
1556 4464 1862 4546 communionisque
1888 4462 2036 4528 fidelium
2062 4483 2138 4544 pro-
2251 4541 2254 4546 1

140 4550 221 4614 alias
242 4552 348 4615 crucis
371 4551 494 4633 species
516 4552 688 4635 castigans.
722 4551 790 4617 Sed
811 4553 908 4616 aliter
927 4552 1022 4618 Deus
1039 4562 1113 4619 ten-
1164 4554 1288 4618 fectum
1314 4559 1471 4634 spectare.
1516 4551 1594 4619 Non
1619 4549 1793 4618 enimsibi
1814 4548 1953 4632 quisque
1981 4548 2139 4631 privatim

139 4643 198 4712 tat,
222 4636 318 4700 aliter
340 4645 449 4700 satan:
475 4637 528 4701 hic
551 4646 590 4700 ut
610 4636 735 4721 perdat,
759 4636 901 4716 damnet,
924 4640 1112 4720 confundat,
1165 4638 1236 4703 dari
1255 4637 1434 4722 quidquam
1455 4637 1615 4720 postulat;
1636 4656 1753 4702 verum
1771 4655 1885 4700 omnes
1902 4633 1938 4697 in
1953 4652 2137 4713 commune,

138 4723 247 4804 praeci
272 4722 348 4801 itet3
366 4722 459 4787 Deus
477 4743 565 4800 vero,
585 4731 623 4786 ut
634 4744 712 4787 suos
728 4723 896 4806 probando
908 4726 1112 4808 experimen·
1163 4745 1284 4809 panem
1304 4732 1465 4801 nostrum,
1487 4723 1714 4787 remissionom
1736 4729 1952 4805 peccatorum,
1977 4741 2019 4784 ne
2040 4718 2137 4784 indu·

139 4814 213 4871 tum
255 4829 411 4873 ecorum
433 4809 621 4874 sinceritate
640 4809 766 4893 sumat,
795 4818 828 4874 et
856 4809 1037 4876 exercendo
1059 4832 1112 4876 ro-
1165 4830 1279 4875 camur
1311 4810 1348 4873 in
1379 4809 1611 4886 tentationem,
1629 4869 1631 4873 ,
1649 4816 1688 4872 ut
1720 4828 1740 4871 a
1772 4806 1917 4888 maligno
1950 4803 2137 4886 liberemur,

139 4891 202 4956 bur
223 4896 411 4975 confirmet;
440 4916 554 4960 eorum
576 4915 708 4960 carnem
729 4896 918 4975 mortificet,
941 4906 1111 4980 excoquat,
1164 4895 1337 4980 poscimus.
1372 4894 1482 4959 Causa
1503 4902 1672 4976 praeterea
1694 4891 1875 4970 subiicitur,
1898 4911 1957 4954 cur
1978 4899 2074 4956 tanta
2094 4893 2139 4957 ait

140 4975 265 5043 adurat
317 4978 412 5061 Quae
440 4982 505 5045 nisi
541 4982 578 5045 in
611 4981 701 5048 hunc
729 4980 865 5046 modum
896 4991 1112 5062 coerceretur,
1164 4980 1259 5046 nobis
1281 4988 1315 5044 ct
1334 4979 1467 5063 petendi
1483 4977 1628 5058 audacia,
1651 4986 1685 5042 et
1705 4976 1827 5042 fiducia
1848 4975 2030 5043 obtinendi:
2055 4999 2139 5061 quae

139 5061 318 5144 lasciviret,
341 5073 376 5130 et
397 5087 498 5150 supra
517 5066 653 5131 modum
670 5069 860 5133 exsultaret.
888 5069 1074 5148 Praeterea,
1088 5068 1112 5154 ¹)

209 5248 238 5315 l)
255 5248 405 5318 Propterea
422 5251 611 5308 maa-1545.
1235 5255 1264 5324 1)
1281 5259 1382 5308 aarum
1400 5252 1470 5309 leco
1485 5268 1555 5324 seqq.
1624 5251 1655 5321 2)
1672 5252 1800 5307 duramus
1817 5250 1895 5390 1beb
1895 5266 1972 5390 ἕξις.
