4770 6030
200 343 263 406 443
780 260 1048 399 Hismario
1070 331 1177 399 Hah.
1197 330 1380 398 CHRIST.
1407 335 1641 398 loss-1554.
2149 338 2215 397 444

951 478 953 482 .
2021 446 2110 516 3983
2130 445 2213 503 098.

200 528 305 607 abiis,
325 528 361 591 in
383 545 570 592 maturum
591 525 688 589 uitam
709 521 918 587 mstissuneom
934 518 1179 585 sanctissimam
1231 519 1394 584 nonruullos
1414 519 1504 584 stulte
1525 526 1710 598 recusantes,
1732 521 1869 603 fraterne
1885 432 2055 601 adnuntiat,
2073 542 2111 588 ne
2128 544 2214 588 oona

199 786 325 864 uuas,
340 748 446 847 'uua
467 782 648 865 padano
674 779 857 857 rumare,
890 778 978 842 aaa
1006 777 1178 841 enemim
1231 797 1300 841 aa
1322 777 1365 841 aa
1385 777 1533 860 equote
1560 782 1683 860 umque
1697 780 1855 860 panae
1882 784 2038 845 uaeuta
2086 779 2213 847 mnas

200 871 300 938 liridi.
346 869 445 934 Neam
466 869 638 951 quidquam
654 866 795 949 possidet
809 865 987 947 proprium,
1009 883 1097 928 nono
1114 863 1179 927 oui·
1226 863 1396 944 praecipue
1423 864 1609 951 austoditur,·
1642 866 1768 929 caritati
1796 866 1909 944 aidum,
1943 866 2071 930 caritati
2102 887 2211 947 serum,

199 977 295 1042 quam
316 976 464 1022 aurosus
489 961 541 1019 est.
590 954 768 1035 Operontur
793 950 939 1015 manibus
960 970 997 1015 eo
1018 948 1181 1030 qaibuset
1231 948 1356 1014 caritati
1387 948 1527 1027 bobdm,
1560 950 1686 1015 mritoti
1711 951 1816 1015 uultus
1847 957 1984 1034 optatur.
2036 950 2144 1017 Cadur
2176 953 2212 1019 in

198 1063 311 1126 eorpus
326 1042 421 1124 passi
436 1042 552 1124 possit,
575 1044 603 1104 et
625 1059 711 1104 ruens
732 1060 754 1102 o
774 1036 843 1102 Deo
864 1035 1011 1117 irupediri
1029 1055 1091 1099 nou
1107 1055 1180 1116 pos
1230 1055 1329 1098 unam
1349 1036 1603 1118 conspiraturque
1619 1037 1796 1116 eamtotem;
1818 1037 1897 1103 bane
1913 1037 2038 1116 aiolore,
2061 1043 2211 1119 tauquam

198 1131 249 1198 sit.
298 1127 386 1210 Opus
406 1132 510 1191 antem
537 1147 632 1190 suum
652 1125 781 1190 tradunt
807 1123 854 1188 eis
882 1142 960 1203 quas
981 1121 1111 1186 decanos
1131 1140 1180 1185 oo-
1231 1119 1345 1199 Deum,
1365 1120 1455 1202 nefas
1475 1122 1616 1208 duaitur:
1637 1122 1710 1187 luia
1731 1123 1850 1205 siquis
1871 1124 1998 1199 resistit,
2020 1124 2143 1188 eiioiturr
2165 1130 2210 1190 ot·

199 1220 278 1280 aaut.
307 1213 368 1278 Illi
389 1218 493 1278 antem
509 1212 705 1278 decanicum
721 1229 837 1292 maqno
853 1208 1058 1274 sollieitudine
1074 1207 1181 1271 munnio
1231 1227 1289 1288 qne
1310 1207 1442 1286 vitatam
1463 1207 1544 1272 bauo
1563 1209 1595 1272 si
1615 1210 1687 1289 quis
1708 1209 1841 1290 offendit,
1865 1231 1927 1274 uno
1948 1210 1999 1275 die
2010 1210 2128 1276 durare
2149 1232 2211 1276 non

200 1301 406 1383 disponentes,
434 1300 587 1364 rationem
608 1298 667 1361 uni
692 1295 838 1373 reddunt,
866 1314 956 1375 quem
977 1297 1104 1375 patrem
1130 1312 1180 1356 oa-
1230 1293 1356 1357 sinitur.
1402 1292 1557 1374 Quoniam
1578 1293 1630 1359 lis
1650 1294 1765 1374 oerMs,
1791 1295 1884 1360 ueluti
1905 1295 1940 1359 iu
1961 1295 2082 1375 tabula
2106 1297 2211 1378 quatis

200 1392 279 1453 aaut.
323 1385 371 1449 Hi
392 1406 464 1450 aero
479 1390 589 1467 potres
609 1404 669 1448 aon
693 1382 793 1447 solnm
820 1380 1013 1445 sanctissimi
1031 1377 1179 1457 moribus,
1230 1377 1305 1444 olim
1325 1378 1423 1460 fuerit
1443 1379 1617 1458 monostiee,
1640 1387 1887 1462 repraesentasse
1907 1381 1998 1446 uisus
2019 1388 2064 1447 est
2084 1389 2211 1450 sanatus

200 1473 255 1539 sed
275 1473 370 1537 etiam
390 1471 499 1536 diuino
524 1471 664 1535 dodrim
685 1467 943 1543 euedbeutissimi,
971 1464 1180 1530 omnibusne
1231 1464 1285 1529 ille
1309 1465 1375 1543 our,
1397 1486 1442 1544 eu,
1465 1465 1587 1530 tametsi
1608 1465 1755 1549 purpura,
1777 1467 1836 1532 lue
1857 1468 1992 1533 inserere
2013 1488 2075 1533 non
2088 1469 2211 1552 piquit,·

200 1558 259 1624 bus
279 1557 402 1636 mulsi,
430 1556 519 1620 nulla
545 1555 693 1637 nepertia
719 1552 881 1620 consutum
910 1551 969 1630 iis,
997 1571 1074 1632 quos
1097 1550 1181 1631 filios
1231 1550 1312 1632 quod
1332 1571 1381 1615 me
1397 1551 1563 1633 louqiorem
1583 1551 1743 1633 aliquanto
1762 1554 1830 1636 tore
1851 1553 2024 1633 cernebam
2053 1554 2083 1618 si
2104 1575 2143 1619 en
2163 1556 2211 1620 di·

118 1648 120 1652 ’
199 1648 315 1722 vorant,
336 1663 452 1725 mapsa
472 1663 533 1708 sua
555 1643 591 1706 in
611 1640 742 1706 iubendo
763 1638 942 1715 onustato,
965 1657 1080 1719 mapno
1098 1637 1180 1718 ipso-
1231 1638 1331 1701 ausis
1357 1638 1465 1702 eodem
1496 1638 1681 1721 eodiperom,
1714 1640 1914 1720 quantumuis
1946 1640 2100 1705 sumerem
2132 1661 2211 1706 eom

200 1751 273 1796 rum
304 1730 340 1794 in
371 1728 604 1810 obtemperando
637 1727 797 1791 adamate.
856 1722 1045 1789 Conveniunt
1076 1727 1180 1786 ouum
1226 1723 1350 1807 pendia.

199 1817 265 1882 diei
285 1821 419 1898 tempore
439 1819 571 1879 mmmm
591 1814 629 1879 de
648 1813 718 1878 suis
738 1811 868 1892 quisque
888 1808 1082 1887 lobdaeulis,
1104 1809 1180 1873 dnm
1321 1813 1369 1872 11.
1414 1808 1479 1873 Hie
1506 1813 1608 1874 ouum
1631 1809 1711 1874 mibi
1734 1812 1931 1893 propositum
1959 1832 2022 1877 non
2049 1817 2093 1876 ast
2113 1816 2209 1877 mum

201 1903 303 1967 addua
330 1901 432 1966 ieiuno
459 1904 547 1978 sunt,
576 1900 619 1964 ad
645 1898 837 1963 audiendum
862 1895 953 1961 illum
980 1900 1121 1978 patrem;
1152 1898 1181 1958 u
1231 1895 1318 1959 istud
1349 1901 1564 1978 arqumentum
1584 1897 1747 1977 persequi,
1781 1897 1837 1961 sed
1861 1897 1957 1962 obiter
1982 1903 2102 1962 tantum
2127 1898 2209 1962 inrdi-

200 1989 382 2053 aonoeninnt
408 1986 451 2051 ad
475 1984 615 2068 sinqulos
634 1990 746 2067 potres
771 1989 860 2048 terno
886 1986 922 2045 ut
942 1981 1110 2045 minimum
1129 1979 1181 2044 bo-
1231 2000 1310 2059 eare,
1329 2002 1390 2045 uon
1405 1980 1495 2046 mado
1512 1981 1618 2063 quales
1635 1982 1777 2046 labuerit
1793 1988 1879 2048 adius
1896 1983 2021 2048 eulesio
2037 1984 2209 2065 monachos,

200 2074 324 2138 minum
334 2072 438 2136 millia
459 2071 512 2156 (de
525 2071 664 2154 Aeqypto
679 2068 882 2152 potissumum
900 2071 928 2131 et
943 2067 1067 2133 Oriente
1083 2066 1180 2146 loqui·
1231 2067 1286 2132 sal
1306 2067 1411 2146 qualis
1431 2073 1503 2132 tune
1522 2068 1620 2150 tuerit
1639 2069 1809 2133 nmuadioo
1824 2070 1980 2151 professio
1986 2094 1996 2149 ,·
2018 2075 2054 2134 ut
2075 2091 2113 2134 eo
2134 2090 2211 2135 omn

200 2156 286 2243 tur),·
312 2178 425 2240 eorprrs
445 2157 555 2222 deinde
575 2157 724 2237 rotatur,
752 2160 904 2236 quantem
925 2153 1022 2218 saluti
1042 2157 1071 2217 ot
1096 2152 1180 2217 salu·
1226 2154 1394 2234 paratiora
1417 2153 1558 2219 iudicare
1578 2155 1703 2235 possint
1725 2155 1799 2218 soni
1826 2155 1962 2233 kdmes,
1992 2156 2069 2238 quid
2096 2156 2211 2238 frondis

200 2244 307 2310 britati
328 2249 378 2309 sot
397 2249 458 2321 at,-
480 2248 625 2308 eoereerde
645 2262 825 2321 urioqutoqne
845 2240 1122 2322 concupiscentiam
1143 2259 1181 2302 ne
1231 2237 1377 2317 habeant,
1404 2239 1473 2320 qui,
1505 2239 1549 2303 ad
1577 2240 1792 2304 sustinendum
1819 2246 2013 2322 praesentem
2040 2242 2211 2308 emmelis-

200 2351 233 2396 se
247 2330 436 2412 motarudot,
457 2329 505 2393 vel
525 2329 560 2392 in
581 2349 617 2392 ea
643 2329 716 2409 ipso
740 2347 820 2407 quae
840 2330 968 2409 praesto
989 2329 1063 2390 snut
1078 2344 1181 2406 pareo
1230 2344 1331 2402 mum,
1365 2326 1579 2405 antiquitatem
1605 2325 1747 2407 olleqant.
1790 2327 1993 2410 Anpustinus
2019 2329 2096 2392 dnm
2122 2349 2211 2394 sano

200 2423 229 2483 et
249 2416 414 2482 uilissima.
457 2414 591 2479 Itanon
618 2414 719 2479 salum
740 2434 761 2476 o
783 2413 930 2476 carnibus
951 2417 979 2476 et
997 2411 1068 2476 vino
1088 2411 1181 2474 absti-
1231 2415 1297 2474 tam
1314 2410 1533 2494 aeleqitimum
1549 2410 1795 2476 monachismum
1811 2412 1899 2478 nobis
1915 2413 2073 2495 deforment,
2092 2435 2211 2478 munem

200 2508 272 2569 nent
291 2523 354 2584 pro
379 2500 566 2583 smfieieuio
596 2499 825 2564 domandarum
852 2497 1032 2575 libidinum,
1060 2497 1116 2561 sed
1142 2496 1181 2560 ob
1231 2496 1369 2579 riqidam
1403 2497 1590 2562 montionem
1618 2497 1682 2561 uult
1708 2497 1811 2562 abesse
1837 2519 1946 2563 aarum
1978 2520 2097 2576 rerum,
2130 2522 2210 2580 quae

200 2589 254 2667 iis,
276 2608 356 2669 quae
376 2592 459 2651 lanto
480 2587 661 2651 audatius
681 2585 798 2649 uentris
818 2590 846 2648 et
860 2585 998 2667 qutturis
1010 2587 1180 2664 provocant
1231 2582 1319 2648 nobis
1339 2583 1427 2648 aerbo
1448 2582 1583 2648 Domini
1603 2583 1717 2648 liberae
1738 2584 1964 2665 rdinqunntur.
2007 2584 2108 2664 Atqui
2129 2585 2210 2648 nibil

202 2674 387 2757 appditum,
411 2677 525 2754 qnando
547 2672 641 2753 quasi
661 2671 828 2735 mundiora
849 2669 1007 2734 monilis
1027 2669 1178 2733 amentur.
1231 2669 1378 2749 estquod
1404 2667 1494 2734 bodie
1520 2667 1658 2734 seuerius
1685 2670 1837 2753 euu’qatnr.
1888 2669 1994 2735 Scelus
2021 2671 2103 2734 euim
2123 2670 2209 2734 ineo·

205 2761 271 2842 Quo
291 2760 415 2824 nomine
435 2759 509 2824 solet
529 2764 619 2839 turpe
641 2756 831 2823 adanam
859 2755 1082 2836 exquisiturum
1103 2754 1179 2819 aba
1225 2754 1345 2836 piabile
1366 2775 1430 2820 esse
1451 2755 1575 2834 damant,
1596 2757 1627 2820 si
1648 2755 1720 2836 quis
1737 2757 1775 2821 in
1794 2755 1890 2820 colom
1911 2762 1968 2821 ont
1987 2756 2085 2838 speeie
2107 2758 2207 2835 uestis,

200 2867 288 2926 rum,
311 2845 392 2926 quod
420 2866 441 2908 o
462 2843 608 2909 carnibus
634 2843 773 2908 dunum
798 2846 857 2920 est,
884 2841 1016 2906 rilinde
1036 2841 1180 2923 turpiter·
1231 2841 1263 2904 si
1282 2841 1355 2921 quis
1372 2843 1407 2905 in
1425 2862 1533 2924 qenere
1554 2840 1628 2920 eibi,
1656 2843 1688 2906 si
1708 2843 1781 2922 quis
1801 2841 1836 2906 in
1857 2842 1934 2907 aliis
1953 2842 2078 2924 frivolis
2098 2842 2209 2922 uafri

200 2953 259 3016 que
279 2930 409 3012 defendi.
455 2930 617 3012 Quidquid
635 2928 808 2994 necessario
829 2927 925 2992 uiotni
943 2927 1098 2992 redundat
1119 2925 1180 2997 (re-
1229 2927 1316 3011 qidis
1336 2928 1545 3007 eaeremoniis,
1564 2927 1612 2991 uel
1629 2928 1795 2992 minimum
1807 2949 1828 2992 a
1836 2930 2027 3010 praescripto
2045 2929 2208 3008 obduxerit.

201 3018 321 3084 dundat
340 3022 444 3080 autem
460 3017 638 3097 plurimum
659 3035 697 3079 eu
723 3013 866 3096 operibus
886 3033 1037 3078 mutuum
1058 3018 1086 3077 et
1107 3033 1180 3094 epu-
1232 3013 1432 3096 Anqustinus
1445 3011 1469 3097 ¹)
1490 3012 1609 3094 fenita
1630 3013 1779 3078 tutundit
1797 3031 1859 3077 non
1880 3014 1970 3079 linere
1995 3014 2153 3080 nouandis
2172 3015 2210 3079 de

203 3105 308 3168 larum
334 3102 556 3185 restridione),
584 3105 670 3164 tanta
692 3120 770 3165 euro
790 3100 946 3183 eqentibus
970 3098 1178 3176 distribuitur,
1232 3099 1332 3164 alieno
1354 3100 1460 3164 otiosis
1480 3100 1589 3164 uiuae
1635 3098 1712 3164 Tale
1733 3098 1904 3180 anaplum
1929 3121 1986 3164 suo
2008 3105 2138 3182 tempore
2159 3121 2210 3164 en-

201 3194 319 3271 quanto
339 3209 402 3252 non
421 3187 460 3251 ob
478 3187 569 3269 ipsis,
596 3186 652 3267 qui
672 3185 872 3265 distribuunt,
894 3190 1107 3268 apparatam
1126 3190 1179 3249 est.
1231 3187 1346 3251 stitisse
1367 3189 1457 3269 nepot
1477 3184 1548 3250 bene
1569 3186 1727 3250 amislituti
1743 3186 1931 3250 mmasterii.
1969 3185 2080 3250 Nostri
2085 3186 2209 3268 praeei-

204 3274 302 3351 Nullo
322 3274 405 3338 enim
425 3273 514 3339 modo
530 3277 685 3354 sataqunt,
708 3277 743 3335 ut
762 3272 836 3336 luam
856 3272 919 3337 sibi
935 3271 1103 3350 abundem
1125 3271 1180 3336 sed
1225 3293 1328 3354 paam
1344 3271 1565 3336 sanctimoniae
1581 3291 1658 3337 snae
1669 3276 1794 3352 portem
1809 3271 1846 3334 in
1861 3273 1921 3336 olio
1938 3272 2089 3337 collocant.
2124 3272 2211 3337 Nom

203 3361 289 3427 muni
319 3360 407 3424 moda
441 3363 551 3442 aquid,
580 3364 616 3421 ut
637 3357 705 3422 ‘riou
731 3359 819 3439 apud
846 3378 880 3423 se
910 3362 1068 3422 remaneat
1098 3356 1180 3437 quod
1231 3360 1262 3423 si
1288 3358 1385 3430 otium
1408 3356 1475 3421 illis
1501 3356 1605 3438 tollas,
1634 3356 1688 3423 ubi
1714 3358 1773 3422 erit
1797 3357 1856 3422 illo
1883 3358 2115 3439 contemplativo
2135 3360 2209 3438 aito,

202 3446 414 3512 abundaverit.
458 3444 589 3522 Deinde,
614 3449 846 3509 canumemoroto
868 3444 1062 3520 andnima,
1088 3444 1180 3506 ouius
1231 3465 1296 3525 qao
1315 3464 1349 3507 se
1370 3442 1450 3508 abias
1470 3462 1574 3507 munes
1594 3442 1743 3522 eumdem,
1766 3447 1795 3507 et
1815 3443 1857 3508 od
1875 3444 1997 3528 anqelos
2008 3445 2144 3526 propius
2161 3465 2210 3509 oo

202 3534 269 3615 ipse
290 3531 430 3613 euenqua
450 3536 478 3595 et
501 3529 674 3595 Mediolani
694 3534 722 3594 et
742 3529 819 3593 alibi
839 3529 975 3594 uideat:
996 3530 1076 3594 inur
1096 3528 1178 3606 loeo,
1230 3530 1332 3594 adore
1350 3528 1550 3612 ploriontur?
1591 3529 1792 3613 Auqnstmns
1816 3529 1946 3611 deniqne
1965 3530 2209 3595 nwemduisnuum

202 3616 352 3766 iuquit?
374 3638 460 3682 nono
480 3621 610 3699 urpetur
630 3616 666 3679 in
685 3635 814 3697 aspera,
837 3636 917 3696 quoe
935 3617 1095 3697 semema
1111 3619 1179 3696 pot
1230 3616 1369 3696 requirit,
1392 3614 1545 3695 quinidii
1562 3615 1652 3681 aliud
1668 3616 1718 3695 sit,
1740 3635 1835 3696 quam
1851 3617 2030 3681 aueraitiam
2047 3617 2207 3680 adiumen-

203 3709 264 3781 est3
285 3703 366 3766 riuti
386 3700 467 3783 qdod
485 3708 616 3780 recusat,
637 3702 825 3783 inquantum
846 3721 901 3767 nea
917 3701 984 3765 ideo
1001 3701 1179 3765 condemna
1230 3707 1354 3782 tumque
1382 3701 1424 3764 ad
1443 3701 1573 3782 pietatis
1598 3702 1717 3784 offitia,
1738 3721 1818 3783 quae
1847 3700 2040 3767 Christianis
2064 3701 2206 3766 omnibns

202 3794 257 3854 tor
277 3810 298 3852 a
320 3790 455 3866 caderis,
478 3790 559 3870 quod
579 3790 615 3852 iu
634 3810 739 3853 emam
756 3788 927 3852 imitotirne
942 3808 976 3852 se
995 3788 1111 3868 fatetur
1130 3786 1179 3849 in-
1230 3786 1487 3852 oommeudantur.
1533 3788 1640 3869 Quid?
1660 3808 1756 3869 qaum
1773 3807 1937 3867 summam,
1960 3788 2092 3870 adeoque
2107 3808 2206 3869 prope

203 3874 351 3940 ualidum.
401 3873 612 3939 Meminerant
642 3875 726 3939 etnim
755 3879 939 3956 quantopere
970 3873 1179 3938 oomrnmdata
1229 3893 1327 3938 ineam
1347 3873 1415 3937 eius
1430 3872 1582 3956 requiam
1607 3874 1685 3955 satit
1704 3873 1877 3953 oandatem,
1902 3895 1945 3938 an
1965 3879 2117 3956 putamus
2138 3895 2207 3940 oon

203 3962 246 4027 sit
271 3960 405 4038 earitas;
437 3961 641 4026 meminerunt
666 3961 772 4025 munia
798 3961 918 4025 mundo
942 3959 1071 4023 mundis
1098 3959 1178 4043 (Tit.
1229 3959 1432 4041 spirationem
1456 3958 1602 4038 laudare,
1631 3981 1695 4041 quo
1715 3960 1815 4041 panai
1839 3959 1977 4024 muninus
2003 3962 2084 4025 iruter
2103 3980 2137 4025 se
2157 3960 2208 4025 do·

207 4052 234 4125 l,
256 4045 320 4130 15),
340 4050 391 4109 ete.
436 4045 548 4125 Itaque
568 4067 629 4110 roan
649 4046 828 4111 reiioiendis
852 4045 1015 4129 qeueuibns
1035 4043 1179 4121 albonem,
1230 4046 1324 4110 oinoti
1351 4043 1391 4109 ab
1411 4046 1556 4110 uniomso
1583 4046 1725 4111 adaiae
1748 4064 1871 4126 corpore
1892 4047 2098 4127 separentur?
2142 4046 2212 4110 Ima

205 4132 299 4213 quasi
314 4131 452 4213 pollutis,
475 4132 528 4196 sed
548 4131 805 4213 mruupiseentiae
820 4130 1062 4213 perdomandae,
1084 4135 1112 4194 et
1134 4130 1181 4194 di
1231 4151 1300 4196 aero
1322 4150 1371 4195 eos
1399 4131 1534 4212 eaanplo
1561 4151 1619 4195 suo
1645 4131 1776 4213 reliquis
1796 4130 1861 4195 aun
1883 4131 2064 4212 producere
2086 4133 2129 4198 ad
2148 4152 2213 4197 ser-

203 4218 323 4284 Mdioni
347 4217 486 4299 fratrum
511 4218 688 4282 retinendae
714 4217 858 4299 inuiqilot
885 4217 987 4282 amnis
1011 4216 1180 4280 industrio.
1231 4217 1368 4282 nondam
1397 4217 1537 4281 emata
1563 4219 1720 4282 undenum.
1764 4215 1809 4281 In
1830 4221 1957 4299 utroque
1984 4219 2060 4283 adeo
2087 4219 2213 4284 diversa

205 4303 423 4381 Meminerant,
444 4322 513 4367 esea
533 4304 640 4381 andr-i,
663 4308 691 4368 et
711 4307 813 4367 uenter
834 4303 913 4368 esais
930 4303 962 4386 (l
978 4300 1052 4367 (tor.
1069 4306 1098 4380 6,
1116 4300 1179 4386 13),
1232 4308 1277 4368 est
1291 4303 1468 4385 praesentis
1488 4303 1692 4368 monaelisrm
1712 4303 1803 4382 ratio,
1824 4308 1861 4367 ut
1878 4305 1934 4369 vin
1955 4305 2127 4386 quidquam
2147 4325 2213 4369 ma·

203 4395 256 4456 eta.
312 4387 411 4453 Multi
440 4393 543 4452 tamen
571 4389 660 4470 firmi
685 4393 814 4470 propter
845 4389 987 4470 nufirunos
1020 4386 1180 4452 abstinent.
1231 4391 1282 4474 pis
1303 4388 1471 4468 dissimile,
1491 4409 1530 4453 ne
1550 4390 1655 4455 dieam
1675 4389 1882 4469 eontrormm,
1912 4392 2060 4473 reperias.
2107 4389 2212 4472 Siqui

158 4540 162 4546 ,
205 4474 321 4540 Multis
341 4494 403 4539 non
428 4479 474 4539 est
492 4493 590 4539 eausa
614 4475 678 4538 isto
703 4473 858 4555 fooieudi;
886 4475 940 4538 sed
964 4473 1046 4555 quod
1074 4472 1182 4538 oilime
1232 4477 1303 4542 dem
1322 4473 1464 4540 monasti
1479 4477 1578 4541 nostri
1594 4496 1655 4542 uon
1672 4475 2098 4557 andnimandans
2115 4477 2213 4541 unius

204 4561 286 4627 uida
307 4566 336 4626 ot
360 4559 488 4625 mindun
513 4564 692 4641 sumptuosa
712 4579 746 4624 se
765 4565 938 4624 sustentare
960 4557 1071 4641 plaeet.
1115 4558 1182 4624 Ita-
1232 4561 1336 4627 studio
1363 4581 1437 4626 snos
1462 4580 1528 4626 esse
1548 4567 1696 4645 perpetua
1721 4562 1850 4626 intentos
1872 4559 2017 4628 Obristns
2044 4562 2139 4641 iubet,
2161 4580 2213 4624 no

204 4667 263 4728 qne
289 4647 385 4712 iidem
403 4646 483 4728 ipsi,
509 4647 566 4728 qui
585 4646 660 4710 sani
679 4649 849 4727 arpano
880 4646 911 4710 si
931 4644 1013 4710 ratio
1034 4644 1182 4711 ualetudi»
1233 4669 1307 4714 omn
1327 4649 1427 4713 neseio
1449 4667 1544 4728 mam
1565 4649 1792 4732 iumpinantnr,
1820 4649 1912 4713 mites
1931 4648 2128 4713 meditatione
2148 4647 2212 4710 sint
2302 4667 2305 4673 ’

204 4733 258 4797 nis
277 4738 375 4814 ooqat,
398 4732 515 4815 oeqroti
532 4732 600 4797 sine
617 4730 684 4798 ullo
699 4730 868 4812 formidine
883 4730 1048 4814 ascipiunt.
1082 4730 1182 4796 Multi
1234 4734 1310 4800 aliis
1330 4732 1472 4800 erunibus
1486 4734 1692 4817 perfectiores.

204 4819 314 4884 uiuam
336 4839 397 4884 nan
419 4818 539 4897 bibunt,
566 4838 619 4884 neo
639 4821 741 4883 tomen
762 4838 795 4882 se
815 4839 849 4884 eo
869 4817 1035 4899 inquinari
1050 4822 1181 4901 patant:
1325 4824 1373 4886 12.
1418 4818 1487 4886 Hae
1511 4821 1542 4885 si
1561 4822 1686 4904 neqanl,
1708 4819 1788 4884 seire
1808 4818 1848 4884 ab
1869 4817 1936 4883 illis
1953 4817 2060 4896 odim,
2088 4837 2145 4881 eur
2163 4837 2212 4882 ar-

204 4926 281 4972 nam
301 4903 559 4988 lanpuidiornbus,
582 4905 685 4987 etqui
701 4903 770 4970 sine
790 4905 859 4988 ipso
879 4909 1032 4987 nequeunt
1050 4904 1191 4970 solidem-
1234 4906 1339 4972 duum
1369 4925 1464 4971 suum
1569 4905 1694 4970 edlonis
1724 4903 1812 4968 titulo
1844 4922 1944 4968 amem
1972 4903 2151 4987 dipruntur,
2185 4908 2213 4969 et

205 4991 344 5073 eorporis
375 4989 519 5070 obtinere,
551 4990 777 5069 inmanissime
805 4990 954 5075 praeberi
984 4992 1123 5072 sarium;
1155 4994 1183 5055 et
1235 4992 1364 5058 audem
1383 4989 1525 5056 muribus
1581 4987 1838 5056 eiuooationibus
1857 4989 2006 5055 aduam
2041 4989 2149 5072 Neque
2164 5010 2214 5056 nse

208 5166 387 5173 —-.--...
396 5166 410 5172 ..
1236 5165 1441 5174 >—-—--—-

278 5263 306 5332 1)
323 5227 502 5317 nemoribus
520 5264 649 5316 eeclesias
666 5265 764 5319 anthol.
782 5281 804 5318 a.
823 5263 866 5318 33.
1306 5262 1336 5331 1)
1347 5250 1395 5319 ,lto
1412 5279 1496 5332 opero
1512 5260 1635 5318 maneb.
1653 5276 1676 5316 a
1696 5259 1737 5315 ll.
