4770 6030
188 353 252 417 999
826 345 925 412 999.
949 345 1063 411 999.
1086 344 1178 430 (xi.)
1221 345 1285 411 un
1307 342 1555 411 aurursus
2131 352 2193 413 999

90 496 98 504 -
186 463 302 533 1999
319 463 431 530 siae,
449 446 568 534 9499]

186 540 381 620 factitatum,
404 543 440 601 ut
461 557 500 601 ea
525 533 685 616 0999919999
704 541 733 598 91
754 535 937 617 Augustino
957 538 1091 612 9999191·
1112 532 1167 619 edo
1218 554 1301 598 mus.
1352 532 1566 598 Oircumcisio
1593 532 1738 615 quidem,
1773 553 1871 615 quam
1897 534 2058 615 baptismo
2085 542 2198 600 nostro

188 625 299 690 merito
320 622 460 690 99991119
483 620 633 685 obsolevit.
677 619 764 683 Nam
791 621 820 686 91
840 620 1009 703 ingenium
1031 640 1069 684 ac
1091 639 1167 701 pro·
1218 618 1415 702 respondere
1452 624 1566 682 notum
1599 629 1662 698 991,
1704 619 1882 683 infantibus
1922 618 2085 685 destinata
2117 628 2196 686 erat

189 712 363 793 prietatem
389 706 543 789 baptismi
570 711 776 787 reputamus,
798 703 931 788 quidam
953 710 1041 769 certe
1062 705 1167 768 estin
1218 704 1349 770 Pascha
1381 724 1474 783 9999,
1507 704 1542 767 in
1575 705 1669 769 cuius
1701 705 1805 769 vicem
1838 726 1926 770 nunc
1955 726 2056 770 coena
2087 706 2197 785 subiit,

189 796 359 861 ecclesiam
381 795 549 877 ingressus
571 811 609 855 99
631 790 734 855 991911
753 790 907 869 initiatio,
932 811 1112 873 perquam
1132 791 1168 854 in
1219 813 1287 856 non
1313 789 1473 871 quoslibet
1505 790 1688 872 promiscue
1718 790 1872 855 99991999
1900 790 2106 869 admittebat;
2140 792 2198 857 sed

189 883 255 946 Dei
273 879 430 963 populum
448 897 674 954 accensemur;
693 877 825 960 signum
843 875 1021 958 spiritualis
1038 881 1169 940 nostrae
1221 877 1262 942 ab
1283 876 1323 941 iis
1350 877 1413 940 9119
1440 874 1571 940 demum
1600 874 1769 955 edebatur,
1798 877 1854 958 qui
1876 876 1916 940 de
1937 877 2006 940 9199
2036 877 2199 960 significa

190 964 463 1050 regenerationis,
498 982 680 1044 perquam
707 962 744 1024 in
765 961 849 1027 filios
870 962 935 1025 Dei
957 962 1167 1026 renascimur.
1221 964 1309 1027 119999
1341 982 1458 1044 rogare
1489 983 1549 1044 per
1577 969 1717 1026 aetatem
1743 968 1875 1044 possent
1901 961 2021 1046 (Exod.
2048 966 2106 1040 12,
2132 962 2198 1046 26).

190 1052 304 1134 Quum
327 1073 345 1116 9
368 1069 524 1115 converso
545 1067 647 1112 coena
675 1047 916 1130 grandiusculis
939 1047 1096 1111 attributa
1117 1047 1168 1126 911,
1223 1046 1262 1114 Si
1288 1048 1373 1113 mica
1394 1048 1466 1112 sani
1489 1048 1611 1112 cerebri
1640 1047 1713 1112 istis
1735 1053 1887 1126 restaret,
1917 1069 1961 1112 an
1983 1046 2025 1121 ad
2051 1069 2122 1112 rem
2143 1070 2198 1113 us-

189 1140 247 1221 qui
269 1143 421 1219 superata
443 1133 603 1199 teneriore
625 1133 763 1197 infantia
786 1135 853 1197 iam
874 1131 1008 1197 ferendo
1030 1134 1170 1197 9199199·
1222 1154 1284 1216 que
1306 1133 1387 1198 adeo
1408 1133 1615 1216 perspicuam
1636 1139 1669 1198 91
1690 1131 1820 1198 obviam
1842 1132 2060 1199 caecutirent?

189 1224 258 1288 lido
298 1222 378 1287 cibo.
435 1219 528 1302 Quae
558 1217 723 1283 distinctio
755 1239 913 1300 perquam
940 1217 1108 1284 evidenter
1135 1219 1171 1282 in
1311 1223 1360 1282 51.
1411 1219 1484 1283 Iam
1511 1220 1636 1283 nemini
1664 1217 1770 1283 sobrio
1798 1218 1989 1303 ambiguum
2016 1219 2084 1283 1999
2111 1218 2198 1284 arbi·

191 1310 353 1391 seriptura
370 1308 620 1371 demonstratur.
649 1304 737 1368 Nam
753 1305 820 1369 91119
837 1303 1007 1383 Dominus,
1020 1302 1046 1388 ¹)
1067 1324 1172 1386 quan·
1223 1311 1308 1384 tror,
1348 1326 1446 1386 quam
1478 1311 1600 1370 temere
1628 1304 1796 1369 ecclesiam
1827 1305 1963 1373 Domini
1992 1305 2197 1385 conturbent,

191 1402 263 1459 tum
290 1393 331 1458 ad
356 1392 554 1474 baptismum
582 1392 713 1467 attinet,
744 1389 1039 1454 nullum-aetatum
1066 1388 1172 1454 delec-
1223 1391 1278 1472 991
1311 1392 1400 1455 rixas
1428 1412 1464 1455 99
1492 1391 1714 1456 contentiones
1743 1398 1877 1455 movent
1903 1391 1944 1454 cb
1971 1390 2197 1473 paedcbaptis-

191 1488 264 1546 tum
284 1479 372 1544 facit.
413 1476 559 1542 Coenam
581 1496 659 1541 9999
681 1497 748 1540 ncn
769 1473 919 1539 omnibus
941 1474 1077 1557 perinde
1094 1496 1172 1559 par-
1222 1497 1322 1539 mum.
1379 1473 1447 1540 Sed
1479 1477 1567 1541 enim
1600 1497 1717 1559 operae
1754 1477 1896 1558 pretium
1932 1483 1982 1540 est
2015 1477 2199 1556 observare,

189 1564 389 1648 ticipandam
417 1563 566 1638 exhibet;
595 1561 652 1626 991
676 1562 717 1626 119
739 1561 849 1638 modo,
878 1561 935 1641 qui
956 1557 1171 1626 discernendo
1223 1561 1301 1642 quid
1327 1568 1421 1626 tanta
1446 1563 1510 1627 1919
1536 1562 1668 1626 vafritie
1690 1568 1785 1626 satan
1817 1561 1983 1626 moliatur:
2017 1582 2134 1645 nempe
2161 1569 2200 1626 ut

190 1652 317 1734 corpori
338 1671 375 1714 ac
398 1648 550 1731 sanguini
571 1647 722 1724 Domini,
745 1647 802 1730 qui
824 1667 902 1710 suae
924 1647 1069 1728 ipsorum
1092 1667 1171 1711 exa·
1223 1647 1450 1712 consolationis
1472 1648 1629 1726 fructum,
1652 1648 1708 1730 qui
1728 1647 1807 1713 hinc
1828 1646 2030 1731 colligendus
2052 1655 2118 1726 cst,
2141 1668 2199 1712 nc·

189 1735 366 1801 minandae
386 1734 611 1811 conscientiae,
633 1734 689 1815 qui
706 1733 805 1796 morti
816 1732 953 1797 Domini
971 1733 1171 1796 annuntian-
1222 1734 1273 1798 bis
1294 1733 1419 1814 eripiat,
1443 1754 1481 1798 99
1503 1732 1543 1797 19
1564 1733 1719 1798 1999119119
1742 1733 1841 1798 etiam
1858 1731 1987 1798 divinae
2005 1732 2109 1817 gloria
2126 1741 2199 1798 tan-

190 1822 261 1901 dae,
280 1822 336 1903 991
352 1821 469 1886 virtuti
487 1820 556 1883 eius
575 1818 808 1901 expendendae
826 1815 1018 1882 9191119991
1039 1816 1071 1901 (1
1093 1815 1170 1882 Oor.
1223 1818 1360 1883 tandem
1382 1818 1509 1884 delibet.
1537 1818 1648 1898 Quam
1667 1819 1756 1884 enim
1776 1839 1876 1885 99999
1897 1819 1961 1902 piis
1983 1819 2111 1896 animis,
2132 1840 2201 1883 non

193 1913 242 1986 11,
272 1905 337 1991 28).
382 1905 543 1970 Volumus
576 1905 721 1986 apertius
749 1903 932 1987 quidpiam,
959 1923 1058 1984 quam
1084 1902 1172 1983 quod
1223 1904 1323 1970 verbo
1344 1910 1482 1983 tantum,
1505 1903 1562 1968 sed
1584 1904 1707 1970 oculari
1729 1905 1828 1969 etiam
1846 1904 2029 1986 spectaculo
2047 1905 2200 1969 certiores

191 1992 353 2074 apostolus
380 1990 495 2068 tradit,
533 1990 612 2054 dum
645 1990 853 2066 exhortatur,
894 1994 932 2052 91
965 2010 1001 2054 99
1033 1988 1171 2070 quisque
1222 1989 1305 2069 fieri,
1327 1996 1456 2054 tantum
1476 2010 1511 2054 99
1533 1991 1659 2073 gratiae
1679 1990 1766 2073 apud
1783 1990 1964 2055 Dominum
1985 1991 2140 2069 obtinere,
2161 1995 2200 2054 ut

190 2080 298 2160 ipsum
319 2078 432 2159 probet
453 2083 549 2158 atque
571 2077 725 2153 excutiat,
748 2083 820 2139 tum
841 2074 917 2139 edat
939 2095 981 2139 ex
1001 2073 1064 2138 hoc
1085 2094 1171 2157 pane
1222 2077 1395 2160 posteritas
1422 2097 1482 2141 sua
1505 2075 1554 2139 illi
1582 2096 1679 2141 curae
1701 2075 1765 2140 9111
1809 2075 1876 2140 Η19
1897 2077 1985 2140 enim
2007 2074 2118 2141 videre
2140 2082 2199 2155 est,

191 2171 225 2228 et
251 2185 270 2227 9
291 2162 388 2227 calice
409 2160 519 2258 19119911
564 2163 717 2226 Examen
744 2162 848 2245 igitur
875 2159 1004 2242 praeire
1032 2165 1169 2257 oportet,
1223 2169 1260 2251 ut
1281 2161 1557 2244 providentissimi
1578 2182 1658 2244 erga
1678 2181 1739 2226 nos
1760 2161 2004 2260 patrisfamilias
2026 2182 2200 2243 personam

190 2245 1180 2416 111119111111191911111119111111,
1222 2246 2200 2415 {attentettttbtfiwbttttbsbtt,tbi

191 2419 289 2496 bibit,
328 2439 394 2482 non
426 2418 612 2483 discernens
646 2439 763 2501 corpus
795 2415 941 2481 Domini.
998 2413 1037 2481 Si
1070 2414 1170 2500 digne
1222 2419 1308 2485 sulat
1330 2440 1367 2484 ac
1393 2439 1454 2503 pro
1493 2417 1579 2483 iciat.
1623 2419 1679 2483 An
1700 2438 1768 2481 non
1788 2416 1856 2495 hic,
1879 2419 2029 2501 exemplo
2049 2417 2199 2498 Davidis,

214 2504 386 2585 anticipare
406 2511 587 2585 nequeunt,
615 2504 681 2568 nisi
703 2505 759 2586 qui
786 2503 996 2568 sanctitatem
1023 2503 1169 2585 corporis
1221 2512 1288 2570 tcto
1316 2504 1411 2570 eorde
1508 2504 1690 2587 gratimum
1717 2502 1878 2567 actionem
1906 2502 2060 2568 debemus
2089 2504 2199 2569 exsul·

190 2525 400 2655 barisanus
423 2589 623 2671 distinguere
644 2590 814 2667 noverint,
843 2610 901 2652 cur
922 2608 1087 2652 venenum
1108 2608 1169 2672 pro
1222 2597 1308 2671 tare,
1330 2596 1369 2654 ut
1389 2589 1448 2655 tali
1469 2589 1624 2654 bonitatis
1645 2589 1822 2672 specimine
1843 2589 1914 2654 eius
1935 2610 2055 2653 nomen
2078 2591 2198 2655 sancti-

189 2676 318 2742 vivifico
341 2673 494 2738 alimento
515 2673 645 2740 tenellis
662 2676 784 2739 nostris
804 2673 917 2738 liberis
935 2672 1167 2756 porrigamus?
1220 2675 1357 2742 11991991
1391 2676 1473 2756 Η99,
1497 2676 1559 2740 1999
1580 2686 1667 2741 99919
1689 2675 1758 2757 agit
1774 2681 1877 2753 satan,
1896 2673 2199 2758 paedobaptismum

190 2760 280 2842 Quid
306 2759 388 2823 illud
408 2759 542 2824 Domini
572 2767 796 2843 praeceptum:
826 2761 862 2823 in
883 2758 950 2823 mei
971 2779 1167 2824 commemo-
1221 2763 1321 2828 tantis
1344 2761 1444 2844 copiis
1472 2760 1667 2846 impetendo.
1712 2758 1787 2840 Quo
1808 2759 1946 2839 99111991,
1968 2760 2198 2826 testificatione

187 2847 349 2911 rationem
376 2844 523 2910 facietis?
556 2846 636 2928 quid
657 2846 812 2924 alterum,
834 2845 920 2928 quod
938 2844 1018 2909 inde
1039 2852 1168 2929 aposto-
1220 2849 1285 2915 ista
1312 2848 1438 2933 gratiae
1456 2848 1592 2913 Domini
1613 2867 1631 2912 e
1656 2845 1764 2911 medio
1793 2846 1935 2924 sublata,
1963 2866 2046 2927 quae
2067 2867 2127 2928 per
2146 2846 2197 2928 ip·

188 2933 240 2996 lus
259 2929 403 2995 deducit:
426 2931 550 3012 quoties
568 2952 688 3012 panem
707 2933 797 2996 hunc
813 2931 1061 3009 manducabitis,
1079 2951 1168 2996 mor·
1220 2956 1291 3000 sam
1313 2934 1415 3001 oeulis
1436 2935 1557 2998 nostris
1573 2933 1773 3010 obversatur,
1796 2932 1966 3015 promissio
1983 2932 2106 2996 sensim
2123 2938 2197 2995 tan-

189 3024 257 3080 tem
274 3015 409 3079 Domini
432 3016 666 3082 annuntiabitis
684 3017 786 3082 donec
804 3016 937 3082 9991911
972 3015 1091 3097 Qum,
1110 3017 1166 3082 ob·
1220 3020 1296 3085 dem
1323 3026 1505 3086 evanescat.
1548 3018 1646 3085 Unde
1673 3039 1740 3083 non
1766 3017 1868 3101 impia
1888 3024 2019 3082 tantum
2040 3017 2198 3082 adversus

190 3122 297 3179 secro,
331 3101 372 3165 ab
403 3101 579 3166 infantibus
611 3103 868 3168 recordationem
900 3103 1069 3186 exigemus
1096 3103 1168 3168 eius
1218 3107 1285 3172 Dei
1314 3105 1571 3172 misericordiam
1602 3101 1803 3188 ingratitudo
1831 3112 2035 3181 nasceretur,
2071 3102 2129 3168 sed
2159 3103 2197 3167 in

190 3188 253 3264 991,
288 3204 387 3266 quam
418 3206 515 3251 sensu
542 3209 711 3270 nunquam
740 3190 907 3272 assequnti
934 3187 1033 3253 99911
1067 3208 1167 3269 quam
1218 3191 1330 3257 liberis
1367 3191 1410 3256 ad
1447 3191 1605 3275 pietatem
1637 3188 1824 3255 erudiendis
1861 3190 1994 3273 ignavia
2026 3188 2196 3272 quaedam.

189 3269 465 3357 praedicationem
492 3274 595 3337 erucis
623 3273 762 3353 01991911,
791 3277 884 3340 99199
912 3275 981 3340 vim
1003 3295 1041 3340 ac
1066 3273 1166 3339 bene-
1218 3278 1333 3360 Neque
1352 3278 1441 3342 enim
1461 3297 1579 3360 parum
1599 3276 1776 3341 incitamur
1796 3275 1858 3340 hoo
1880 3275 2001 3353 aculeo,
2024 3275 2067 3339 ad
2085 3296 2139 3339 eos
2160 3274 2197 3339 in

190 3357 302 3423 ficium
323 3354 470 3419 nondum
496 3365 605 3422 mente
627 3359 928 3443 comprehendunt?
971 3359 1066 3424 Nihil
1087 3360 1167 3424 isto·
1219 3365 1302 3428 serio
1326 3364 1391 3429 Dei
1417 3363 1548 3441 timore,
1575 3362 1721 3448 legisque
1746 3361 1971 3427 observatione
1997 3359 2196 3441 educandos;

190 3464 266 3508 rum
298 3441 335 3505 in
367 3441 410 3505 ba
431 3440 527 3504 tismc
553 3446 784 3524 praescribitur
791 3470 799 3525 ;
833 3467 934 3529 99999
966 3446 1053 3510 inter
1084 3445 1167 3512 haec
1219 3448 1297 3515 dum
1323 3454 1528 3531 reputamus,
1559 3448 1712 3513 statima
1738 3453 1835 3529 partu
1861 3446 2004 3512 filiorum
2032 3446 2196 3512 19999999

144 3586 151 3601 ,
191 3529 255 3594 199
277 3528 373 3610 signa
392 3461 570 3626 plurimum
587 3536 636 3594 est
655 3530 862 3610 discriminis,
881 3531 967 3616 quod
985 3531 1045 3598 sub
1062 3532 1167 3598 991991
1219 3557 1240 3600 9
1270 3535 1415 3600 Domino
1446 3532 1576 3600 habitos
1606 3540 1640 3600 et
1668 3535 1806 3618 agnitos.
1861 3530 2098 3613 Quamobrem,
2131 3531 2196 3602 nisi

192 3634 318 3698 quoque
339 3616 532 3676 testamento
553 3634 588 3677 1n
615 3615 774 3683 similibus
803 3618 907 3702 signis
933 3616 1166 3683 animadverti·
1218 3621 1362 3705 maligne
1383 3621 1449 3686 Dei
1475 3620 1713 3704 benignitatem
1733 3619 1907 3684 obscurare
1933 3617 2025 3698 libet,
2054 3616 2196 3682 infantes

1217 3706 1268 3771 illi
1289 3712 1419 3774 nostros
1447 3706 1635 3786 offeramus,
1664 3704 1781 3789 quibus
1806 3704 1912 3770 locum
1934 3705 2020 3768 inter
2049 3703 2195 3768 999919·

189 3790 319 3798 *ffl
1218 3792 1363 3858 miliares
1396 3813 1434 3858 ac
1466 3790 1672 3871 domesticos,
1705 3790 1742 3855 id
1770 3796 1833 3870 est,
1867 3789 2021 3856 ecclesiae
2046 3788 2196 3854 membra

258 3888 288 3955 1)
306 3885 371 3941 odd.
391 3882 466 3937 lbtb.
1219 3876 1376 3944 attribuit
