4770 6030
194 341 300 408 XXX
736 338 1001 406 INSTI'PU'I'IO
1023 340 1298 406 RELIGIONIS
1323 340 1648 407 CHRISTIANAE.

193 529 450 616 (1536-1538)
476 529 639 594 Dominus
661 529 753 594 miris
773 528 877 594 modis
899 530 1008 611 ipsum
1031 530 1189 608 exercuit,
1219 528 1374 594 Genevae
1395 527 1507 592 mullis
1532 528 1671 611 negotiis
1692 538 1727 592 et
1747 528 1851 593 turbis
1872 528 2080 610 implicitum,
2109 550 2188 593 mcx

192 644 273 708 urbe
304 643 457 720 eiectum,
489 642 639 707 Basileae
672 640 835 719 exsulem,
852 641 1081 728 ,Argentorati
1110 642 1241 706 demum
1269 640 1376 722 aliquo
1403 661 1467 704 non
1495 640 1560 702 otio
1588 638 1645 704 sed
1675 641 1776 704 animi
1792 640 1919 713 saltem
1952 640 2187 722 tranquillitate

192 755 363 819 fruentem.
1615 786 1619 797 x

346 865 524 930 Nobiscum
544 866 669 930 iaciunt
696 865 783 930 inter
804 871 930 949 veteres
951 863 1062 929 David
1084 862 1235 929 Olement
1262 864 1344 929 libro
1367 864 1433 928 iam
1454 861 1585 927 laudato
1609 863 1699 926 Tem.
1719 863 1779 927 VI.
1801 883 1831 945 p.
1852 867 1891 926 66
1911 885 1997 945 seqq.
2020 871 2053 928 et
2074 863 2101 927 I.
2127 862 2188 928 Se·

191 976 305 1041 nebier
330 977 366 1040 in
392 976 529 1041 historia
555 976 732 1060 genevensi
760 976 905 1040 literaria
935 977 973 1040 Τ.
991 977 1017 1040 I.
1040 997 1071 1058 p.
1094 979 1162 1040 181.
1190 979 1272 1053 249,
1301 995 1438 1057 quorum
1465 975 1553 1056 prior
1578 975 1721 1039 maxime
1748 973 1851 1041 solida
1878 974 2024 1040 doctrina
2046 996 2188 1058 sanoque

190 1087 309 1152 iudicio
331 1108 418 1153 vana
440 1088 579 1152 aliorum
601 1094 786 1154 commenta
806 1088 1000 1171 profligavit.
1044 1087 1173 1153 Nostris
1195 1089 1294 1152 etiam
1320 1086 1518 1168 temporibus
1539 1086 1649 1168 plures
1675 1085 1808 1150 bierunt
1827 1088 1882 1169 qui
1904 1109 1939 1152 se
1961 1087 2112 1169 speciosis
2134 1107 2187 1151 eo·

191 1200 331 1265 rundem
358 1202 561 1284 argumentis
586 1200 711 1264 moveri
738 1218 804 1263 non
830 1199 919 1280 passi
940 1204 1031 1277 suut,
1060 1200 1100 1263 A.
1124 1197 1268 1282 Sayous,
1298 1198 1401 1261 eludes
1420 1196 1585 1261 litto‘roirar
1612 1217 1670 1261 aar
1690 1196 1735 1262 les
1761 1198 1915 1263 &avolas
1933 1199 2076 1280 frangeis
2097 1198 2135 1262 do
2155 1198 2189 1263 la

190 1311 320 1394 adserere
348 1312 384 1376 Τ.
403 1312 431 1376 Ι.
453 1334 483 1394 p.
504 1316 571 1390 71.;
599 1312 679 1376 Ern
704 1309 874 1375 Staehelin
895 1310 931 1373 in
952 1311 1021 1376 vita
1043 1309 1173 1375 calvini
1193 1331 1224 1392 p.
1245 1313 1311 1389 55.;
1337 1309 1441 1373 Iulius
1462 1308 1595 1373 Bonnet
1614 1309 1667 1374 cui
1689 1330 1783 1374 suam
1804 1309 1947 1374 debitam
1968 1310 2098 1375 laudem
2120 1312 2188 1375 iam

191 1444 291 1505 supra
319 1423 491 1489 tribuimus
498 1446 506 1503 ;
534 1422 673 1504 denique
699 1421 781 1486 rim.
812 1420 944 1502 Gelani,
973 1421 1096 1506 collega
1123 1421 1420 1500 coniunctissimus,
1448 1421 1484 1484 in
1509 1442 1567 1484 suc
1591 1418 1694 1485 diario
1723 1420 1827 1486 Romae
1848 1421 1885 1486 de
1910 1421 2070 1506 Tacape
2093 1425 2188 1491 1857.

192 1533 278 1618 Aug.
301 1534 392 1599 Tem.
415 1534 492 1599 XV.
515 1556 545 1619 p.
569 1537 628 1598 102
647 1554 733 1616 seqq.
1095 1563 1098 1567 ⁴

1031 2032 1235 2117 CAPUT
1266 2033 1346 2115 ΠΙ.

386 2235 619 2334 SERIES
645 2234 1031 2333 EDITIONUM
1056 2236 1544 2334 INSTITUTIONIS
1571 2235 1982 2336 LATINARUM

1067 2505 1258 2590 EDITlO
1279 2506 1311 2588 Ι.

696 2659 1003 2728 assuescere
1026 2661 1261 2726 rusorum
1280 2660 1341 2725 uu
1363 2658 1499 2725 nisu.
1537 2663 1627 2725 1536.
1658 2664 1686 2725 a.

342 2852 415 2916 Iam
443 2852 495 2917 his
521 2853 568 2916 ita
595 2851 767 2933 disputatis
794 2851 835 2915 ad
863 2852 971 2933 ipsum
997 2850 1143 2915 libellum
1165 2849 1217 2913 cui
1239 2848 1457 2930 principatum
1476 2848 1714 2914 vindicavimus
1736 2852 1918 2917 accuratius
1938 2851 2188 2920 describendum

190 2971 402 3028 transeamus.
426 3015 429 3023 .
454 2963 583 3027 Titulus
613 2967 682 3027 eius
709 2970 772 3027 est:
802 2961 1119 3047 CHRISTIAlNAE
1146 2969 1357 3024 RELIGIONIS
1379 2957 1595 3043 INSTI-ltutio
1623 2966 1725 3026 totam
1754 2962 1822 3027 lere
1853 2963 1984 3045 pietatis
2014 2986 2187 3046 summam,

191 3081 224 3139 ot
244 3073 416 3157 quiclquid
438 3079 488 3138 est
507 3074 544 3137 in
565 3073 711 3138 doctrina
730 3074 844 3140 salutis
866 3074 997 3158 cognitu
1019 3072 1291 3157 nelccssarium,
1313 3071 1544 3155 complectens:
1567 3073 1718 3138 omnibus
1740 3073 1905 3160 pie-ltatis
1927 3075 2079 3140 studiosis
2099 3073 2190 3143 lectu

191 3184 455 3269 dignissi-lmum
477 3204 566 3266 opus,
595 3205 632 3250 ac
653 3186 785 3269 relcens
806 3186 974 3261 edi-itum.
988 3182 993 3270 Ι
1006 3192 1215 3250 PRAEFATIO
1243 3172 1293 3246 AD
1317 3182 1651 3268 CHRIlctioaieeimuoa
1671 3193 1801 3250 REGEM
1825 3195 2020 3265 emersa,
2044 3208 2107 3268 qao
2120 3184 2125 3274 Ι
2138 3186 2190 3252 aa

190 3299 219 3361 ci
240 3296 316 3361 liber
332 3317 394 3379 pro
416 3296 600 3377 confessicae
619 3296 692 3376 (idei
706 3293 711 3379 Ι
727 3298 860 3378 offertur.
881 3299 886 3378 Ι
904 3306 1044 3361 IOANNE
1063 3304 1222 3359 CALVINO
1236 3298 1241 3380 Ι
1256 3293 1493 3370 Nouiodaaeasa
1514 3300 1627 3360 actore.
1646 3294 1651 3380 Ι
1671 3304 1861 3375 BASILEAE,
1875 3299 1879 3379 Ι
1891 3307 2109 3363 Μ.Ι).ΧΧΧῊ

342 3408 449 3474 Versa
470 3406 557 3471 tituli
577 3408 698 3490 pagina
719 3408 853 3472 exhibet
876 3407 988 3488 Capito
1008 3413 1257 3490 orpuotoatoram
1279 3406 1331 3472 vel
1353 3407 1461 3489 potius
1482 3428 1566 3491 quae
1592 3429 1652 3473 nos
1673 3406 1769 3472 hodie
1791 3407 1972 3474 diceremus
1993 3406 2188 3494 argumenta
2277 3478 2280 3485 ,

188 3522 346 3603 capitum,
375 3519 556 3602 dequibus
577 3518 664 3582 infra
690 3519 849 3584 nonnulla
869 3520 910 3584 ad
932 3518 1127 3584 illustranda
1148 3520 1254 3601 operis
1283 3519 1350 3583 fata
1372 3519 1613 3602 subiungemus.
1658 3517 1814 3601 Sequitur
1835 3542 1855 3585 a
1875 3521 1997 3604 pagina
2018 3524 2046 3584 3.
2070 3520 2112 3585 ad
2133 3526 2186 3588 41.

188 3631 332 3712 apansa
352 3631 580 3712 nuncupatoria
602 3629 644 3695 ad
664 3631 880 3696 Franciscum
901 3652 1014 3713 regem
1031 3629 1169 3709 Galbae,
1188 3630 1376 3696 charactere
1394 3631 1473 3695 satis
1491 3630 1608 3714 grandi
1625 3651 1760 3717 romano
1777 3651 1874 3713 quem
1892 3631 2005 3698 dicunt
2021 3653 2185 3716 expressa

25 3780 31 3797 .
143 3822 153 3841 .
188 3742 266 3824 Ipsa
287 3742 446 3808 Iastitatic
467 3764 497 3825 p.
517 3745 679 3806 42-514
708 3743 793 3828 typis
821 3742 939 3807 italicis
961 3743 1030 3807 sive
1052 3742 1189 3807 cursivis
1211 3763 1329 3824 parum
1354 3742 1556 3826 elegantibus
1579 3748 1714 3807 exarata
1733 3749 1797 3821 est,
1826 3744 1917 3808 ciuus
1942 3743 1977 3808 in
1998 3743 2105 3808 fronte
2128 3765 2187 3809 au·

188 3854 267 3919 toris
296 3876 415 3919 nomen
443 3853 548 3919 denuo
577 3854 690 3921 lectori
718 3855 863 3919 offertur.
908 3855 999 3920 Loca
1020 3875 1038 3918 e
1061 3854 1223 3936 scriptura
1244 3874 1337 3919 sacra
1359 3860 1392 3918 et
1410 3853 1557 3936 patribus
1578 3854 1694 3936 petita,
1724 3853 1766 3918 ad
1786 3853 2045 3919 confirmandam
2063 3856 2187 3938 passim

188 3966 355 4047 scriptoris
378 3965 568 4043 doctrinam,
591 3966 775 4049 marginem
795 3973 954 4048 occupant
975 3966 1178 4030 exteriorem
1212 3963 1267 4031 Ad
1286 3965 1408 4030 calcem
1424 3965 1598 4031 voluminis
1617 3972 1725 4030 exstat
1743 3965 1844 4030 Iader
1860 3965 1994 4030 acam
2011 3966 2187 4048 iacipoium

186 4078 243 4160 qui
264 4078 299 4140 ia
319 4076 374 4140 boc
395 4074 472 4139 libro
494 4081 674 4155 tractantur,
696 4077 788 4159 isque
810 4098 876 4141 non
899 4076 1121 4159 alphabeticus
1141 4098 1246 4160 neque
1268 4076 1413 4143 oidticris
1436 4076 1589 4141 scientiae
1606 4078 1746 4142 formam
1762 4077 1915 4155 referens,
1934 4076 1991 4141 sed
2010 4077 2187 4144 nonnullas

187 4190 266 4255 satis
289 4189 460 4254 arbitraris
482 4194 647 4269 correptas
668 4189 823 4253 materias
845 4187 1056 4272 theologicas,
1079 4194 1112 4253 et
1132 4189 1323 4270 plerumque
1344 4187 1524 4254 secundum
1545 4187 1692 4253 ordinem
1712 4188 1747 4252 in
1774 4189 1844 4270 ipso
1872 4189 1955 4253 libro
1977 4188 2187 4254 observatum

187 4300 359 4384 dispositas
391 4299 567 4377 exhibens,
601 4300 717 4381 quibus
746 4300 854 4363 minus
883 4299 990 4380 ipsum
1011 4297 1187 4364 Calvinum
1213 4319 1313 4380 quam
1338 4298 1546 4381 bibliopolam
1574 4301 1750 4366 emtoribus
1778 4320 1900 4364 novam
1926 4321 2020 4364 suam
2045 4299 2187 4382 opellam

187 4411 430 4478 commendasse
458 4410 588 4475 dixeris.
640 4410 705 4475 Hic
731 4409 831 4474 index
859 4409 974 4491 implet
994 4417 1133 4492 quatuor
1161 4411 1297 4493 paginas
1319 4431 1394 4475 cum
1415 4410 1550 4476 dimidia
1577 4433 1644 4476 non
1669 4416 1873 4490 numeraria
1901 4410 1986 4493 quod
2009 4411 2049 4476 de
2072 4411 2187 4493 quinta

187 4528 336 4606 superest
362 4521 492 4588 Erratis
525 4520 724 4605 corrigendis
753 4521 921 4600 tribuitur,
944 4520 1016 4600 sed,
1045 4520 1131 4604 quod
1157 4520 1347 4597 dolendum,
1376 4522 1587 4605 paucissimis.
1639 4522 1866 4606 Negligentius
1897 4523 1986 4586 enim
2012 4543 2187 4605 operarum

187 4640 384 4699 correctores
405 4634 440 4697 iu
462 4633 524 4698 hoc
543 4632 627 4697 libro
649 4632 774 4698 edendo
797 4654 855 4698 suo
877 4633 980 4698 iuncti
1002 4639 1080 4697 sunt
1100 4633 1212 4698 officio.
1258 4633 1300 4698 In
1319 4634 1387 4699 fine
1407 4633 1540 4718 legitur:
1570 4633 1719 4700 Basileae
1738 4654 1797 4716 per
1819 4632 1980 4697 Thomam
2000 4632 2188 4698 Platterum

187 4752 222 4808 et
242 4743 471 4810 Balthasarem
491 4744 638 4823 Lasiam,
661 4765 773 4809 mense
795 4744 926 4822 Martio,
951 4765 1036 4810 anno
1061 4747 1151 4808 1536.
1195 4743 1284 4810 Huic
1306 4744 1442 4810 ultimae
1463 4745 1610 4829 pagellae
1632 4764 1746 4810 versae
1767 4744 1963 4825 impressum
1984 4752 2034 4808 est
2056 4744 2187 4828 insigne

186 4853 347 4933 Palladis,
376 4876 450 4921 cum
477 4853 594 4937 adagio
622 4855 700 4918 satis
723 4855 840 4919 dubiae
861 4854 951 4933 fidei,
982 4856 1010 4920 si
1031 4876 1131 4937 penes
1160 4863 1270 4937 poetas
1292 4856 1392 4922 fuerit
1412 4855 1580 4922 iudicium:
1614 4856 1664 4921 Tc
1689 4854 1769 4919 nibil
1795 4855 1895 4919 invito
1913 4855 2048 4936 faciesve
2068 4856 2188 4921 dicem

189 4965 341 5030 Macros.
393 4965 517 5030 Forma
549 4965 638 5043 libri,
671 4966 699 5030 si
725 4966 933 5049 plagularum
960 4967 1096 5049 paginas
1125 4967 1279 5050 respicias
1300 4989 1366 5063 'per
1393 4968 1621 5051 quaterniones
1649 4967 1764 5052 (a—a.
1793 4967 1913 5052 A-I)
1945 4966 2185 5050 dispositarum,

187 5078 367 5155 octonaria,
396 5076 452 5141 sed
474 5084 543 5142 tam
565 5077 702 5161 exiguae
725 5076 949 5158 dimensionis,
978 5098 1094 5160 nempe
1115 5079 1304 5144 vicenorum
1324 5085 1456 5160 tantum
1477 5084 1510 5143 et
1530 5085 1761 5160 quaternorum
1783 5100 1952 5158 versuum,
1979 5086 2016 5142 ut
2037 5079 2187 5161 proxime

188 5186 231 5250 ad
252 5208 325 5251 eam
344 5188 476 5253 accedat
497 5210 580 5271 quae
602 5189 698 5255 hodie
720 5187 883 5255 sedecima
904 5196 1046 5256 vocatur.
1369 5168 1373 5183 ¹
