4770 6030
193 371 275 433 1089
424 362 525 431 OAP.
548 362 646 429 XIX.
671 361 794 447 (XVI.)
837 364 901 428 DE
925 360 1136 444 QUINQUE
1158 359 1313 429 FALSO
1335 359 1594 428 NOMINATIS
1618 360 1956 430 SAORAMENTIS.
2115 367 2198 429 1090

187 465 347 622 iiidie
365 561 399 619 et
416 559 620 618 sacramenta
634 550 871 615 administrare.
901 548 1027 615 Omitto
1045 556 1168 632 quanta
1210 570 1294 631 pars
1323 548 1493 614 titulorum
1520 559 1598 614 sunt
1619 549 1811 633 dignitates,
1837 559 2039 634 personatus,
2062 554 2198 618 canoni·

190 663 320 707 morum
339 640 529 723 integritate
551 637 723 715 excellere,
754 635 832 717 quid
854 636 996 719 singulis·
1013 635 1167 717 privatim
1218 644 1310 700 catus
1336 643 1369 699 80
1396 634 1615 717 praebendae,
1644 636 1852 718 capellaniae,
1875 639 2052 719 prioratus,
2081 643 2196 704 mona-¹

189 735 356 811 praestare
383 726 526 791 seniores
549 723 696 788 debeant
741 721 855 804 Neque
877 723 964 785 enim
986 721 1167 804 praesentis
1219 720 1335 785 ehatus
1357 721 1482 817 etiam,
1496 721 1552 803 qui
1573 722 1694 803 partim
1716 743 1759 786 01
1780 722 1925 789 ecclesiis
1943 723 2196 805 cathedralibus,

190 813 406 878 institutiest
426 832 538 875 omnes
560 809 636 873 boni
658 808 797 889 pastoris
815 807 906 872 dotes
928 808 1086 889 persequi,
1109 805 1168 871 sed
1217 807 1338 889 partim
1361 805 1554 890 collegiatis,
1583 808 1702 888 partim
1725 807 1862 873 desertis
1884 808 2044 889 delubris,
2074 813 2197 892 partim

191 907 319 963 tantum
341 897 486 961 indicare
504 894 581 978 quid
598 895 814 976 profiteantur
835 892 891 974 qui
909 914 944 957 88
961 892 1167 976 presbyteros
1219 913 1237 955 8
1269 892 1420 956 claustris
1451 891 1628 974 petuntur?
1665 891 1778 972 -Quae
1816 894 1927 959 omnia
1959 903 2092 960 satanae
2126 917 2196 962 8880

191 983 368 1068 appellant.
412 983 593 1064 Episcopus
621 988 670 1044 est
697 979 752 1061 qui
774 977 816 1042 ad
837 978 1055 1042 ministerium
1075 977 1167 1042 10101
1218 977 1392 1059 lupanaria
1412 978 1609 1060 interpretor
1630 987 1663 1042 et
1679 979 1880 1045 confidenter
1898 981 2033 1046 affirmo.
2070 979 2196 1048 Omnes

192 1079 226 1135 et
246 1074 524 1134 sacramentorum
552 1074 685 1131 vocatus
712 1065 854 1129 officium
880 1084 977 1127 suum
997 1063 1082 1128 bona
1103 1062 1167 1126 fide
1219 1064 1309 1126 enim
1336 1063 1384 1126 illi
1409 1064 1447 1126 iu
1473 1084 1570 1144 quam
1598 1064 1800 1129 functionem
1828 1065 2037 1145 ordinantur,
2065 1068 2129 1131 nisi
2158 1076 2197 1133 ut

103 1155 110 1165 “
191 1156 388 1237 exsequitur.
455 1153 632 1235 Episcopus
668 1157 702 1215 80
740 1150 946 1233 presbyteros
984 1149 1168 1231 promiscue
1220 1147 1867 1215 Οο118001080011118800801000180οἳ
1911 1152 2063 1234 Denique
2091 1153 2196 1218 nemi·

192 1262 271 1306 voco
304 1240 458 1306 ecclesiae
489 1238 664 1301 ministros.
719 1234 810 1299 Ordo
849 1243 899 1299 est
928 1235 1000 1316 ipsa
1031 1235 1166 1299 vocatio.
1219 1255 1297 1298 nem
1319 1233 1473 1299 ordinant
1500 1235 1564 1299 uisi
1591 1234 1633 1298 ad
1655 1236 1920 1316 sacrificandum,
1949 1238 2035 1320 quod
2059 1248 2197 1304 nonest

191 1327 296 1391 Porro
325 1347 407 1408 quae
436 1325 480 1389 sit
504 1323 588 1387 ratio
606 1321 785 1387 vocationis
811 1341 900 1385 nunc
922 1319 1057 1384 docendi
1078 1318 1168 1385 locus
1219 1320 1292 1384 Deo
1314 1319 1371 1384 sed
1392 1320 1572 1384 daemoniis
1593 1342 1791 1387 consecrare.
1836 1323 1939 1405 Atqui
1967 1346 2046 1389 1810
2067 1346 2197 1407 unaque

192 1422 251 1478 est.
295 1413 347 1476 Ea
375 1412 410 1474 in
437 1410 563 1474 duobus
583 1414 749 1483 10180001,
780 1426 897 1486 nempe
918 1413 957 1469 ut
978 1405 1165 1489 habeamus,
1208 1404 1378 1469 ordinatio
1406 1413 1470 1482 est,
1500 1426 1618 1471 vocare
1646 1406 1688 1471 ad
1718 1430 1794 1490 rege
1843 1430 1896 1472 am
1924 1410 2093 1475 ecclesiam
2121 1433 2196 1475 eum

193 1505 227 1562 et
248 1520 267 1562 a
288 1495 405 1579 quibus
425 1492 617 1560 instituendi
643 1494 710 1558 sint
731 1492 873 1574 episcopi
895 1512 952 1555 seu
973 1489 1166 1575 presbyteri,
1218 1491 1310 1555 cuius
1331 1492 1400 1556 vita
1421 1512 1459 1556 ac
1481 1492 1629 1557 doctrina
1647 1494 1785 1574 probata
1820 1495 1917 1571 uerit,
1940 1496 2112 1579 ipsumque
2134 1498 2196 1559 mi-

192 1592 226 1649 80
246 1604 309 1666 quo
329 1583 394 1646 ritu
416 1602 521 1664 quave
542 1578 746 1645 caeremonia
767 1574 927 1641 initiandi.
943 1574 967 1660 ¹)
1218 1577 1354 1641 nisterio
1386 1577 1568 1642 admovere.
1624 1575 1734 1658 Quam
1770 1579 1805 1642 in
1842 1589 1972 1662 partem
2003 1581 2090 1648 locos
2123 1583 2196 1647 illos

224 1728 227 1734 1
277 1669 461 1752 Legitimae
483 1665 696 1730 institutionis
723 1662 953 1727 documentum
974 1682 1017 1725 ex
1038 1669 1167 1744 aposto·
1218 1662 1317 1726 Pauli
1338 1664 1483 1746 accipere
1504 1664 1672 1742 convenit,
1695 1685 1881 1747 quanquam
1900 1662 2141 1732 caeremoniam
2163 1676 2196 1733 00

191 1755 298 1820 10100
324 1753 529 1819 institutione
562 1751 628 1833 peti
654 1771 721 1814 non
747 1746 901 1831 potest,²)
933 1747 990 1830 qui
1022 1747 1168 1811 humana
1218 1748 1320 1811 ritum
1347 1747 1488 1814 vocandi
1509 1748 1607 1813 simul
1631 1770 1706 1813 cum
1729 1751 1899 1815 vocatione
1920 1753 1992 1834 ipsa
2014 1753 2193 1819 continent.

192 1840 361 1906 vocatione
394 1860 460 1902 non
488 1842 689 1918 exspectata,
724 1833 780 1899 sed
813 1833 880 1897 solo
906 1833 1042 1897 Domini
1074 1853 1167 1897 man·
1220 1831 1288 1897 sed
1310 1831 1349 1898 de
1372 1833 1576 1898 caeremonia
1597 1836 1709 1900 statim
1731 1857 1789 1901 suo
1817 1836 1893 1902 loco.
1934 1837 2031 1904 Nunc
2053 1839 2138 1921 quod
2159 1840 2195 1904 in

193 1926 268 1991 dato
287 1926 441 1990 instructi
462 1924 552 2006 operi
574 1944 608 1986 se
631 1921 850 1985 accinxerunt.
895 1917 965 1983 Nec
987 1939 1084 2000 quem
1105 1919 1167 2000 ipsi
1218 1919 1370 1984 manibus
1395 1926 1446 1984 est
1466 1927 1656 1986 tractemus:
1685 1923 1846 2003 aquibus
1868 1923 1990 1988 seilicet
2011 1923 2193 2006 ordinandi,

87 2074 101 2095 ,
193 2011 329 2095 apostoli
355 2010 504 2075 ordinem
530 2007 696 2072 tenuerint
723 2004 802 2070 satis
828 2009 969 2084 constat;
996 2003 1061 2069 0181
1082 2003 1168 2086 quod
1219 2004 1281 2070 hoc
1302 2014 1353 2070 est
1374 2005 1512 2070 vocandi
1533 2005 1600 2069 siut
1621 2007 1764 2071 ministri
1788 2008 1950 2074 ecclesiae.

192 2097 333 2175 Paulus,
362 2117 400 2161 eo
426 2116 523 2178 quem
550 2114 657 2174 nuper
683 2091 855 2155 citavimus
877 2090 946 2154 loco
969 2089 1166 2174 (11000),
1305 2089 1395 2172 Quid
1415 2090 1538 2174 igitur?
1579 2092 1634 2156 An
1655 2092 1781 2157 Paulus
1809 2095 1884 2159 iura
1907 2094 2195 2162 0000010000,Τί-

193 2183 293 2247 tradit
326 2204 360 2246 se
393 2181 561 2274 reliquisse
589 2179 700 2242 Titum
725 2178 763 2240 in
791 2174 904 2252 Orata,
937 2181 975 2239 ut
1002 2176 1167 2259 episcopos
1218 2176 1350 2241 matheo
1377 2183 1411 2240 et
1433 2177 1507 2243 Tito
1535 2175 1700 2242 deferebat
1727 2178 1836 2259 qualia
1862 2202 1951 2245 nunc
1980 2181 2020 2246 ab
2048 2181 2195 2246 infulatis

192 2290 251 2351 per
277 2269 425 2333 civitates
451 2265 668 2330 constitueret.
718 2263 765 2326 Et
791 2260 869 2325 alibi
898 2261 932 2344 (l
953 2260 1035 2325 uim.
1057 2266 1090 2338 5,
1110 2261 1166 2345 22)
1218 2264 1358 2344 satrapis
1391 2261 1613 2345 usurpantur?
1658 2263 1811 2344 Minime;
1844 2265 1901 2330 sed
1933 2287 2034 2348 quum
2066 2268 2196 2349 utrique

192 2354 402 2419 Timotheum
423 2351 576 2427 admonet
596 2371 638 2414 ne
656 2348 707 2413 cui
725 2355 847 2411 temore
864 2367 999 2411 manum
1010 2346 1165 2427 imponat
1218 2348 1412 2412 mandatum
1439 2346 1582 2412 dedisset
1614 2347 1654 2411 de
1687 2349 1922 2415 constituendis
1948 2351 2195 2434 componendis-

191 2442 239 2504 Et
259 2441 368 2504 Lucas
394 2440 428 2502 in
451 2438 544 2502 Actis
572 2435 639 2518 (14,
659 2434 715 2518 23)
737 2433 837 2497 refert
856 2453 877 2496 a
896 2432 1001 2496 Paulo
1028 2438 1062 2496 et
1082 2431 1167 2496 Bar·
1217 2453 1280 2514 que
1306 2435 1549 2517 provinciarum
1580 2434 1615 2498 iu
1648 2434 1763 2516 quibus
1791 2435 1897 2500 relicti
1922 2448 2017 2501 erant
2042 2438 2194 2519 ecclesiis,

88 2532 91 2538 '
190 2525 275 2590 baba
296 2525 489 2591 constitutos
510 2543 569 2605 per
590 2519 737 2603 singulas
758 2520 789 2582 L
813 2517 1006 2595 streus'ium,
1029 2516 1167 2583 Iconum
1219 2518 1359 2583 alterum
1398 2519 1549 2583 hortatur
1587 2541 1629 2584 ne
1667 2520 1818 2585 ccclesias
1858 2520 2004 2587 desertas
2035 2525 2194 2605 patiatur;

191 2622 226 2675 et
242 2610 522 2676 Antiocheuorum
542 2607 693 2672 ecclesias
714 2542 928 2688 presbyteros.
940 2601 967 2686 ⁸)
1000 2603 1167 2681 Ηο81010
1218 2604 1358 2668 alterum
1390 2611 1501 2670 monet
1532 2626 1574 2669 ne
1602 2626 1700 2689 quem
1733 2605 1885 2670 admittat
1915 2608 1979 2672 uisi
2012 2609 2193 2691 probatum

191 2697 278 2763 locos
311 2695 407 2762 valde
438 2694 647 2758 illustrarunt
673 2690 798 2754 mitrati
825 2688 1008 2771 pontifices,
1041 2696 1080 2752 ut
1112 2710 1166 2753 eos
1218 2693 1274 2753 An
1295 2690 1420 2755 Paulus
1441 2697 1475 2753 et
1495 2690 1675 2769 Barnabas,
1703 2713 1760 2756 seu
1773 2690 1798 2776 ¹)
1820 2693 2062 2775 metropolitani
2085 2693 2193 2777 aliqui,

192 2804 304 2847 omnes
333 2781 438 2847 solent
464 2780 519 2862 qui
546 2778 588 2843 ad
609 2778 732 2842 farinas
751 2776 857 2840 faeere
878 2773 1039 2839 videntur.
1083 2774 1167 2838 Inde
1218 2775 1429 2841 ecelesiarum
1451 2777 1669 2859 possessiones
1693 2778 1921 2843 conferebant?
1962 2778 2054 2842 Nihil
2076 2781 2193 2845 minus.

192 2870 282 2932 enim
314 2867 527 2951 collegerunt,
561 2864 637 2928 80118
670 2862 732 2927 sibi
761 2882 832 2925 0880
860 2866 1053 2942 potestatem
1080 2859 1166 2924 ordi·
1220 2861 1395 2926 (laetorum
1417 2884 1484 2926 non
1507 2863 1657 2927 existimo
1679 2863 1751 2929 illos
1774 2885 1887 2929 omnes
1905 2886 1963 2929 suo
1981 2865 2115 2928 arbitrio
2132 2866 2195 2928 im·

193 2953 294 3017 nandi
315 2960 349 3017 80
369 2949 578 3018 consecrandi
599 2948 823 3032 presbyteros,
853 2954 889 3010 ut
911 2945 1104 3027 loquuntur;
1133 2952 1167 3010 80
1217 2949 1364 3029 posuisse
1392 2947 1536 3013 ecclesiis
1558 2949 1676 3013 nesciis
1699 2970 1737 3014 00
1764 2949 1955 3014 inconsultis
1979 2971 2059 3033 quos
2087 2951 2195 3015 visum

192 3046 230 3104 ut
252 3060 345 3102 suam
367 3036 642 3103 consecrationem
668 3031 839 3117 splendida
866 3031 975 3112 aliqua
995 3029 1088 3096 larva
1109 3052 1166 3096 ve·
1217 3040 1317 3113 esset;
1339 3033 1396 3098 sed
1418 3034 1654 3098 communicato
1675 3056 1751 3099 cum
1772 3035 1916 3101 ecclesiis
1938 3035 2070 3101 consilio
2097 3036 2195 3101 adid

193 3124 373 3193 1181001180
399 3144 437 3188 ac
464 3122 649 3205 religiosam
677 3118 835 3201 imperitis
862 3118 1020 3194 facerent,
1054 3117 1166 3182 multis
1218 3139 1339 3185 munus
1368 3140 1500 3183 vocasse
1526 3140 1606 3201 quos
1633 3141 1674 3183 81
1702 3121 1857 3186 iratribus
1885 3121 2069 3203 exploratos
2095 3122 2195 3188 habo-

193 3210 404 3275 caeromoniis
432 3207 678 3272 adumbrarunt
722 3206 769 3269 At
795 3203 954 3267 falluntur
985 3200 1064 3265 dum
1097 3203 1166 3268 811-
1217 3204 1297 3269 bant
1318 3204 1449 3288 puriore
1471 3204 1618 3270 doctrina
1644 3213 1678 3270 et
1698 3207 1767 3271 vita
1787 3208 1973 3291 integriore.
2017 3209 2126 3291 Atque
2148 3209 2196 3274 ita

192 3297 329 3359 stimant
348 3293 436 3359 aliud
458 3292 625 3376 quidpiam
646 3312 716 3355 8888
737 3309 927 3356 8008001018
951 3296 984 3364 et
1003 3287 1165 3368 ordinare,
1218 3291 1350 3373 quidem
1371 3291 1494 3354 factum
1514 3290 1666 3374 oportuit,
1689 3292 1716 3356 si
1738 3293 1890 3358 ecelesias
1913 3301 1999 3358 stare
2016 3294 2195 3360 incolumes

190 3402 289 3463 quam
312 3379 466 3445 ecclcsiae
488 3379 676 3461 episcopum
704 3384 737 3440 et
764 3384 928 3458 pastorem
956 3374 1166 3453 constituere;
1218 3377 1400 3441 voluisseut
1431 3396 1530 3459 penes
1563 3397 1642 3458 quos
1674 3399 1786 3442 rerum
1819 3379 1991 3444 arbitrium
2025 3386 2102 3444 0100
2147 3380 2196 3446 Ut
2306 3455 2307 3458 Ἴ

191 3467 220 3530 81
253 3474 364 3530 tamen
396 3467 489 3528 iuxta
515 3464 613 3528 Pauli
645 3463 881 3545 praescriptum
914 3467 1106 3524 consecrant
1134 3467 1168 3525 00
1219 3463 1362 3540 ecelesia,
1381 3461 2193 3545 0000018811000100108010(10000100000100,

191 3552 353 3615 ordinant
399 3548 545 3630 Quodsi
568 3549 662 3613 aliter
685 3559 803 3631 agunt,
825 3546 964 3628 pessime
987 3545 1047 3609 hos
1068 3545 1166 3611 Pauli
1218 3557 1394 3631 antequam
1415 3549 1450 3612 in
1472 3547 1644 3613 eonsilium
1662 3549 1790 3628 ivisset,
1819 3549 2008 3615 advocasset
2035 3551 2195 3616 eviciuia

192 3636 277 3702 locos
300 3637 341 3700 ad
363 3634 646 3702 suamlibidinem
667 3633 869 3716 detorquent.
903 3631 949 3696 Et
969 3651 1048 3695 8008
1068 3632 1167 3715 longe
1218 3656 1324 3699 unum
1343 3641 1401 3698 aut
1422 3632 1504 3699 duos
1525 3635 1690 3716 episcopos
1713 3643 1746 3700 et
1763 3637 1850 3701 vitae
1872 3636 2044 3701 sanctitate
2066 3643 2101 3700 et
2120 3636 2194 3702 doc-

192 3723 287 3787 aliter
317 3727 427 3807 agrmt
472 3721 547 3785 Non
575 3721 663 3784 enim
691 3720 726 3782 in
753 3721 974 3801 episcopatum
1002 3716 1165 3795 ordinant,
1218 3721 1325 3785 trinae
1358 3721 1545 3785 sinceritate
1576 3740 1655 3801 prae
1684 3721 1759 3786 ¹aliis
1781 3721 1988 3805 spectabiles,
2020 3743 2096 3787 cum
2123 3723 2194 3805 qui-

192 3808 249 3873 sed
269 3810 306 3872 iu
325 3807 549 3873 sacerdotium.
577 3806 631 3869 Ita
652 3805 860 3881 destinamus,
880 3803 1042 3884 inquiunt,
1058 3803 1167 3886 *eccle-
1217 3805 1279 3871 bus
1311 3807 1468 3889 agitasset
1496 3807 1569 3888 quis
1593 3806 1796 3886 potissimum
1827 3806 2042 3872 assumendus
2070 3808 2193 3875 luisset

192 3896 259 3959 siae
280 3895 469 3958 ministerio.
508 3892 636 3955 Verum
658 3911 701 3954 an
724 3890 812 3955 aliud
834 3897 952 3972 putant
973 3909 1042 3952 8888
1065 3889 1166 3954 eoele-
1220 3892 1468 3975 2)1101001810
1491 3892 1590 3956 totius
1611 3891 1766 3957 eeclesiae
1788 3893 1927 3959 comitiis
1949 3901 2196 3975 autpaucorum

192 3982 259 4045 siae
291 3981 510 4044 ministerium
541 3999 639 4060 quam
670 3977 762 4042 verbi
795 3973 1033 4039 ministerium?
1090 3972 1167 4040 Scio
1218 3977 1393 4061 suffragiis,
1415 3977 1534 4059 quibus
1555 3998 1594 4040 80
1613 3998 1693 4042 0010
1713 3977 1936 4056 demandetur,
1960 4000 2002 4043 an
2024 4001 2103 4044 vero
2124 4001 2195 4044 00-

191 4064 323 4147 quidem
356 4065 441 4130 hanc
474 4064 670 4128 cantilenam
703 4060 841 4126 subinde
873 4060 914 4125 ab
950 4059 1016 4125 illis
1048 4061 1165 4125 recini:
1218 4064 1375 4148 01800008
1396 4063 1558 4128 sententia
1578 4062 1766 4147 episcopum
1782 4065 1887 4130 010011
1909 4067 2011 4130 satius
2030 4067 2081 4143 sit,
2103 4063 2212 4128 nulla'

185 4151 390 4216 sacrificulos
412 4149 662 4214 8008088188100
684 4147 849 4212 ministros
871 4166 950 4210 esse.
981 4143 1048 4210 Sed
1070 4166 1167 4210 nemo
1218 4149 1384 4214 88100181
1403 4149 1556 4214 constitui
1572 4154 1698 4232 potest;›
1717 4149 1773 4215 sed
1791 4171 1850 4233 pro
1866 4158 2051 4234 temporum
2068 4151 2195 4215 ratione
2280 4159 2287 4173 ¹

192 4258 291 4300 sanus
312 4235 423 4301 credit.
469 4236 540 4298 Imo
567 4234 696 4299 fortiter
721 4234 900 4315 scripturae
922 4231 1044 4295 1011008
1064 4233 1167 4296 18110-
1219 4235 1475 4317 populorumque
1513 4235 1658 4300 moribus
1697 4235 1893 4318 capiendum
1932 4244 1982 4302 880
2013 4235 2193 4302 consilium.

192 4330 298 4406 gutur,
320 4343 403 4403 quae
425 4342 492 4384 non
513 4321 613 4384 alium
633 4320 781 4402 agnoscit
797 4317 952 4383 ccclesiae
968 4317 1166 4397 ministrum,
1220 4320 1406 4405 Cyprianus
1426 4320 1553 4384 fortiter
1575 4321 1743 4385 contendit
1763 4344 1831 4386 non
1852 4324 1915 4386 rito
1932 4323 2009 4405 eligi
2027 4322 2091 4385 nisi
2109 4340 2195 4385 com-

192 4429 291 4490 quam
313 4408 405 4473 verbi
425 4406 491 4471 Dei
512 4426 706 4488 praeconem
729 4404 771 4469 ad
799 4402 976 4486 regendam
998 4402 1168 4468 eeclesiam
1219 4407 1374 4472 munibus
1396 4407 1497 4470 totius
1517 4404 1623 4490 plebis
1645 4407 1819 4491 suffragiis.
1866 4407 1975 4488 Quam
1997 4407 2196 4471 observatio·

192 4503 351 4571 vocatum,
374 4514 471 4575 quem
492 4513 580 4557 nunc
603 4491 798 4573 episcopum,
822 4510 909 4553 nunc
931 4489 1167 4573 presbyterum,
1220 4514 1297 4558 nem
1322 4491 1380 4556 illo
1407 4491 1536 4557 saeculo
1562 4487 1598 4556 iri
1623 4493 1737 4558 multis
1763 4494 1912 4576 partibus
1933 4493 2074 4558 valuisse
2095 4491 2197 4557 fidem

192 4579 359 4643 interdum
391 4579 487 4643 etiam
520 4584 684 4660 pastorem
715 4574 865 4658 appellat
910 4574 983 4639 Iam
1014 4595 1107 4653 1810,
1141 4576 1168 4639 81
1220 4579 1375 4642 historiae
1402 4578 1535 4643 iaciunt
1580 4577 1707 4643 Verum
1735 4580 1811 4662 quia
1838 4580 1894 4644 111
1920 4599 2066 4661 unquam
2086 4578 2197 4642 818010

193 4666 361 4748 810101000
382 4664 560 4729 canonibus
583 4663 721 4727 vetitum
742 4681 812 4726 esse
834 4681 876 4724 08
894 4661 966 4741 quis
984 4660 1054 4724 8108
1071 4660 1168 4725 010010
1219 4673 1258 4728 00
1283 4675 1333 4728 tot
1361 4664 1469 4746 capita
1494 4663 1729 4747 remaliquem
1755 4686 1820 4730 uuo
1843 4685 1940 4729 sensu
1962 4663 2045 4728 bene
2066 4684 2195 4745 compo-

194 4750 393 4829 admittatnr,
416 4770 520 4831 neque
541 4749 649 4813 idme
671 4747 765 4826 latet;
798 4745 856 4811 sed
877 4745 989 4810 titulos
1009 4767 1089 4828 quos
1111 4747 1168 4811 ob-
1220 4758 1359 4828 hautot
1379 4750 1447 4814 lere
1463 4750 1547 4814 illud
1565 4759 1756 4830 10100880,
1778 4752 1942 4814 incertum
1965 4749 2069 4814 scindi
2088 4748 2198 4814 studia

193 4836 334 4901 tendunt
361 4856 421 4918 pro
446 4835 603 4918 legitimis
630 4855 697 4898 non
726 4833 853 4914 recipio.
903 4831 1022 4895 Nonne
1054 4832 1169 4897 melior
1220 4836 1256 4899 in
1277 4835 1441 4901 contraria
1458 4836 1586 4920 vulgus,
1609 4837 1711 4900 800108
1733 4837 1814 4900 0101
1837 4834 1975 4912 videtur,
1998 4856 2036 4899 00
2054 4833 2197 4918 eligendi

1220 4943 1355 4986 munere
1376 4921 1430 4986 vel
1451 4923 1694 5006 magistratum,
1716 4921 1768 4986 vel
1790 4930 1955 5001 senatum,
1978 4920 2032 4986 181
2052 4922 2196 4986 88010188
2294 4976 2296 4980 ,

204 5126 209 5133 ’
264 5137 1053 5231 1)Ηο000811801800100108011000000,1111100
1139 5139 1169 5262 20
1714 5213 1719 5223 ι
1916 5213 1921 5224 .
2016 5179 2019 5185 .
2144 5212 2149 5223 Ι

197 5210 368 5277 Confereado
385 5214 429 5267 bae
445 5229 515 5281 quoe
532 5212 775 5280 :neocesareae
790 5209 1170 5276 100100010000111.
1291 5210 1320 5277 1)
1340 5211 1426 5280 Lege:
1442 5229 1499 5266 ceu
1551 5209 1582 5275 2)
1596 5209 1891 5334 0080οκ00000ον
1908 5227 1939 5266 01
1954 5225 2028 5268 novo
2043 5225 2200 5266 1000100118

195 5277 237 5332 47.
305 5279 335 5347 3)
355 5280 462 5336 Eodem
479 5282 601 5348 01811010
618 5282 771 5348 afferam
791 5278 858 5347 000.
882 5274 1028 5333 711149.
1222 5287 1462 5349 repraesentantur
1482 5279 1548 5349 000.
1572 5281 1595 5334 V
1614 5279 1657 5333 11.
1675 5278 1717 5334 49.
2056 5348 2060 5355 .

266 5363 378 5418 0010101·
393 5381 485 5434 opero.
528 5367 584 5420 Vol.
604 5365 629 5418 1.
1866 5446 1868 5450 ,
1958 5364 1993 5421 69
2024 5352 2056 5409 ⁷²?
2094 5437 2097 5443 Ι
