4770 6030
201 337 265 399 687
780 326 1046 395 ΙΝΒΤΙΤΠΤΙΟ
1069 328 1172 394 1111111.
1198 328 1378 395 casleu.
1405 333 1638 396 1539—1554.
1729 411 1731 416 ,
2082 409 2085 419 Ι
2146 332 2209 395 688

1826 427 2208 516 [1010110010.

199 544 266 589 101
288 542 381 603 posse
404 520 569 584 hominem
598 518 816 600 poenitentiae
837 516 920 581 serio
943 517 1090 595 studere,
1113 518 1176 581 nisi
1231 538 1265 582 00
1288 517 1474 597 exulcerati,
1498 517 1617 584 fiducia
1638 526 1749 581 autem
1766 517 2006 582 misericordiae
2023 518 2088 582 Dei
2110 519 2210 584 erecti

200 631 236 675 se
257 607 321 672 Dei
343 626 413 670 esse
434 605 571 669 noverit.
614 604 680 668 Dci
702 610 812 667 autem
834 624 868 667 00
891 624 961 667 0000
983 624 1079 667 nemo
1097 624 1175 667 vere
1230 608 1264 667 01
1284 604 1429 682 recreati,
1454 605 1496 668 ad
1517 605 1697 668 Dominum
1719 605 1868 669 conversi
1889 612 1974 667 sunt.
2008 603 2209 669 Perterritus

198 713 373 778 persuasus
395 697 453 768 est,
476 692 541 761 nisi
560 689 616 772 qui
638 689 707 754 eius
725 689 866 771 gratiam
883 688 975 769 prius
993 688 1175 771 apprehen·
1230 696 1280 753 est
1301 689 1460 755 Ezechias
1482 690 1517 775 (2
1536 690 1618 773 Reg.
1640 694 1690 766 20,
1711 690 1761 772 2),
1785 697 1916 771 accepto
1940 689 2055 754 mortis
2076 691 2207 768 nunti03
2236 768 2237 771 Ἴ

199 779 291 845 (10111
337 775 406 842 Sed
434 777 514 841 haee
541 775 712 839 dilucidius
741 776 776 838 in
802 775 872 856 ipso
894 795 1068 856 progressu
1091 774 1176 838 edis·
1230 774 1287 840 sed
1309 776 1391 839 flens
1414 778 1533 853 oravit,
1556 776 1644 839 etin
1665 775 1729 839 Dei
1751 775 1930 840 bonitatem
1957 775 2094 839 intuitus
2123 776 2208 841 fidu·

198 871 356 930 serentur.
402 859 503 927 Omni
526 868 636 925 autem
661 862 796 925 rationis
825 860 930 941 specie
952 867 1042 925 caret
1064 881 1176 924 eorum
1233 862 1320 925 eiam
1343 863 1474 943 recepit
1527 861 1724 927 Conturbati
1758 869 1835 925 sunt
1866 860 2032 926 Ninivitas
2071 859 2155 945 (Ion
2177 867 2206 941 3,

199 949 458 1024 deliramentum,
482 946 1176 1030 (111111010011101110010111011111,001-
1230 945 1264 1029 5)
1293 946 1440 1012 horribili
1469 947 1713 1011 denuntiatione
1743 946 1875 1025 excidii;
1907 945 1964 1010 sed
1986 945 2092 1010 induti
2113 969 2206 1012 sacco

169 1042 249 1100 'tos
270 1035 339 1099 dies
362 1034 429 1098 suis
450 1034 624 1117 neophytis
645 1033 880 1114 praescribunt,
902 1053 962 1113 per
983 1053 1063 1114 quos
1085 1054 1119 1097 00
1141 1033 1176 1095 in
1228 1039 1262 1095 et
1292 1034 1400 1097 cinere
1429 1043 1578 1109 orarunt,
1612 1040 1781 1114 sperantes
1813 1031 1900 1114 quod
1925 1032 2071 1096 converti
2098 1043 2208 1114 posset

196 1121 433 1203 poenitentiam
461 1130 635 1183 exerceant
642 1142 650 1198 ;
684 1118 801 1201 quibus
828 1117 960 1181 demum
992 1119 1175 1195 transactis,
1228 1118 1390 1182 Dominus
1419 1127 1453 1182 et
1480 1119 1585 1183 averti
1613 1140 1633 1182 a
1659 1119 1768 1183 furore
1796 1118 1864 1181 irae
1891 1138 1977 1182 suae.
2031 1116 2207 1186 Confessus

197 1209 233 1272 in
260 1205 468 1290 evangehcae
496 1205 620 1287 gratiae
647 1205 907 1269 communionem
940 1205 1026 1286 ipsos
1059 1203 1176 1268 admit
1228 1212 1279 1268 est
1304 1203 1429 1268 David
1444 1204 1478 1287 (2
1499 1202 1589 1269 Sam.
1610 1208 1666 1281 24,
1690 1203 1743 1287 16)
1771 1225 1806 1268 00
1828 1204 1967 1267 nimium
1993 1224 2143 1284 peccasse
2171 1207 2207 1269 in

198 1300 281 1358 tunt.
316 1293 368 1356 De
389 1291 539 1374 plurimis
560 1291 854 1372 Anabaptistarum
873 1289 1000 1371 loquor:
1024 1291 1064 1353 iis
1081 1311 1176 1371 prae-
1228 1289 1425 1354 recensendo
1455 1290 1589 1371 populo;
1617 1289 1674 1355 sed
1703 1289 1836 1354 adieeit:
1866 1289 1958 1353 aufer
1979 1288 2121 1353 Domine
2143 1292 2206 1354 ini·

199 1379 313 1443 sertim
335 1378 390 1460 qui
418 1377 602 1457 spirituales
630 1376 744 1441 haberi
771 1376 853 1439 mire
880 1374 1034 1458 gaudent.
1079 1375 1176 1439 ’.60100
1228 1379 1385 1457 quitatem
1413 1377 1500 1440 servi
1533 1378 1590 1439 tui.
1635 1376 1782 1458 Agnovit
1803 1373 1954 1439 adulterii
1978 1375 2119 1452 crimen,
2149 1377 2206 1441 ob-

198 1464 325 1530 00111001
351 1463 477 1527 fructus
508 1461 632 1544 profert
664 1463 797 1543 spiritus
829 1460 885 1525 1110
919 1462 1104 1545 vertiginis,
1138 1469 1176 1524 ut
1227 1462 1379 1543 iurgante
1406 1460 1541 1526 Nathan
1569 1462 1603 1546 (2
1624 1459 1713 1526 Sam.
1737 1465 1785 1539 12,
1808 1464 1855 1523 13.
1879 1459 1949 1544 16),
1979 1469 2012 1523 01
2039 1482 2074 1524 00
2097 1482 2206 1525 coram

197 1550 432 1633 poenitentiam
460 1568 543 1630 quae
570 1548 605 1611 in
633 1555 734 1611 totam
762 1548 865 1611 vitam
893 1546 1100 1630 proroganda
1126 1555 1176 1611 est
1227 1547 1369 1610 Domino
1396 1548 1587 1630 prostravit;
1618 1546 1676 1611 sed
1702 1548 1834 1611 veniam
1864 1546 1962 1611 simul
1995 1548 2205 1627 exspectavit.

198 1635 324 1701 homini
346 1635 532 1711 christiano,
555 1634 667 1715 paucis
690 1633 824 1698 dieculis
846 1633 1007 1697 terminet.
1228 1632 1317 1696 'Palis
1338 1633 1400 1696 fuit
1421 1654 1535 1697 eorum
1555 1632 1767 1715 poenitentia,
1791 1633 1846 1715 qui
1866 1631 1908 1695 ad
1932 1630 2207 1713 praedicationem

285 1724 314 1784 2.
360 1719 536 1785 Caeterum
558 1718 598 1783 de
620 1720 819 1801 poenitentia
840 1717 925 1783 docti
947 1719 1080 1801 quidam
1102 1716 1173 1795 viri,
1227 1719 1319 1782 Petri
1344 1720 1531 1802 compuncti
1561 1726 1638 1782 sunt
1669 1718 1765 1783 eorde
1792 1717 1880 1801 (Aet.
1901 1721 1934 1794 2,
1956 1716 2027 1801 37);
2058 1717 2114 1782 sed
2142 1719 2207 1783 Dei

197 1807 295 1890 longe
317 1807 416 1871 etiam
445 1812 521 1868 ante
544 1804 625 1869 haec
647 1811 808 1887 tempora,
837 1826 939 1887 quum
959 1805 1052 1869 iuxta
1073 1805 1175 1886 scrip-
1229 1804 1372 1868 bonitate
1401 1805 1513 1869 confisi
1537 1803 1746 1869 addiderunt:
1769 1803 1847 1886 quid
1868 1804 2033 1880 faciemus,
2056 1803 2119 1868 viri
2139 1805 2206 1868 fra·

197 1899 292 1957 turae
319 1891 468 1974 regulam
495 1889 685 1972 simpliciter
718 1897 751 1954 et
777 1892 902 1956 sincere
929 1890 1017 1972 loqui
1043 1889 1174 1967 vellent,
1228 1888 1315 1954 tres?
1347 1890 1435 1954 Talis
1458 1899 1491 1954 et
1511 1890 1604 1954 Petri
1621 1890 1732 1972 ipsius,
1755 1890 1811 1971 qui
1828 1889 1919 1954 flevit
1936 1888 2067 1971 quidem
2085 1910 2206 1968 amare,

198 1977 354 2042 dixerunt
374 1984 524 2041 constare
546 1975 671 2041 duabus
692 1977 853 2058 partibus,
874 1976 1121 2041 mortificatione
1143 1986 1176 2040 et
1227 1975 1285 2040 sed
1306 1996 1438 2056 sperare
1456 1997 1522 2039 non
1544 1975 1640 2040 desiit
1657 1973 1791 2058 (Matth.
1816 1979 1866 2053 26,
1887 1978 1937 2039 75.
1966 1974 2047 2039 Luc.
2068 1978 2118 2053 22,
2139 1975 2206 2059 62).

198 2063 425 2129 vivificatione.
460 2061 745 2126 Mortificationem
765 2063 1024 2144 interpretantur
1046 2063 1175 2125 animae
1313 2066 1360 2124 1.Ῠ
1387 2061 1480 2127 Ηο00
1506 2081 1693 2143 quanquam
1721 2061 1830 2125 omnia
1855 2082 1935 2125 vera
1962 2068 2054 2137 sunt,
2084 2082 2204 2125 nomen

199 2148 344 2214 dolorem
367 2154 400 2212 01
419 2154 587 2225 terrorem,
611 2168 652 2211 01
683 2148 848 2230 agnitione
869 2149 995 2229 peceati
1023 2155 1056 2211 ct
1077 2169 1176 2212 sensu
1227 2149 1338 2211 tamen
1364 2147 1473 2228 ipsum
1504 2147 1723 2229 poenitentiae
1755 2146 1932 2245 (quatenus
1960 2167 2002 2211 01
2035 2147 2206 2228 seripturis
2291 2221 2300 2234 .

198 2234 310 2299 iudicii
342 2235 406 2298 Dei
437 2238 636 2314 conceptum
686 2233 752 2298 Ubi
780 2235 868 2297 01111
896 2234 969 2316 (1110
1000 2234 1036 2298 in
1062 2255 1175 2297 veram
1228 2233 1356 2314 assequi
1378 2234 1528 2315 possum)
1557 2233 1651 2297 aliter
1674 2231 1899 2314 acciprendum
1921 2239 1979 2297 001
2013 2232 2101 2296 Nam
2119 2232 2207 2315 quod

198 2321 323 2404 peceati
349 2318 565 2403 cognitionem
592 2318 750 2385 adductus
778 2326 841 2397 est,
871 2327 943 2383 tum
964 2340 1041 2384 1010
1062 2340 1176 2400 110000-
1227 2317 1326 2382 fidem
1353 2319 1413 2383 sub
1445 2319 1646 2400 poenitentia
1674 2318 1950 2399 complectuntur,
1984 2325 2111 2401 pugnat
2132 2340 2208 2382 cum

198 2412 272 2471 tum
298 2405 403 2470 odisse
430 2412 465 2469 et
497 2405 661 2468 exsecrari
695 2405 821 2486 incipit,
856 2412 927 2468 tum
955 2405 1016 2469 sibi
1044 2405 1107 2486 ipsi
1134 2426 1176 2468 01
1228 2425 1266 2468 00
1294 2403 1380 2485 quod
1407 2405 1531 2469 Paulus
1555 2405 1590 2468 in
1615 2404 1708 2468 Actis
1731 2407 1797 2483 (20,
1817 2402 1874 2486 21)
1896 2403 1989 2482 (11011,
2017 2425 2053 2468 00
2074 2403 2205 2469 Iudaeis

198 2493 308 2557 animo
330 2490 486 2572 displicet,
509 2490 666 2555 miserum
689 2512 723 2554 se
746 2499 779 2555 et
800 2490 966 2572 perditum
985 2491 1120 2570 fatetur,
1143 2501 1177 2554 et
1228 2511 1266 2555 00
1294 2490 1445 2572 gentibus
1473 2490 1684 2555 testificatum
1715 2491 1752 2552 in
1780 2490 1891 2554 Deum
1916 2489 2151 2571 poenitentiam
2173 2497 2207 2553 et

199 2577 301 2642 alium
321 2599 356 2641 se
378 2597 448 2641 esse
470 2582 568 2656 optat.
614 2575 669 2639 Ad
691 2575 772 2641 haee
794 2577 850 2641 ubi
875 2597 974 2641 sensu
997 2576 1103 2657 aliquo
1125 2578 1176 2640 iu·
1227 2575 1327 2640 fidem
1355 2576 1390 2639 in
1416 2576 1528 2640 Iesum
1555 2574 1734 2641 Christum.
1785 2575 1851 2642 Ubi
1878 2584 2037 2657 tanquam
2065 2575 2128 2640 duo
2155 2576 2205 2638 di·

198 2661 274 2728 dicii
294 2663 360 2727 Dei
377 2669 484 2726 tactus
511 2669 561 2726 est
588 2659 746 2744 (alterum
773 2663 925 2726 0111101
952 2662 1053 2726 011010
1075 2664 1175 2743 proti-
1228 2683 1338 2740 versa,
1367 2662 1601 2742 poenitentiam
1629 2668 1663 2725 01
1689 2659 1788 2725 fidem
1809 2667 1988 2726 enumerat.
2034 2658 2122 2741 Quid
2142 2661 2205 2743 igi-

197 2769 261 2813 nus
287 2747 457 2830 sequitur),
491 2755 561 2809 tum
594 2769 671 2811 vero
700 2747 869 2829 perculsus
892 2768 929 2813 ac
952 2755 1177 2813 consternatus
1228 2746 1304 2811 tur?
1354 2747 1410 2810 An
1438 2768 1518 2811 1010
1549 2748 1751 2828 poenitentia
1782 2748 1865 2812 citra
1896 2745 1996 2810 fidem
2028 2746 2203 2810 consistere

196 2835 290 2913 iacet,
309 2827 500 2897 humiliatis
518 2852 556 2896 00
574 2831 717 2897 deiectus
735 2833 854 2913 tremit,
874 2834 1020 2898 animum
1037 2833 1175 2916 despon-
1227 2831 1355 2916 potest?
1390 2832 1536 2897 Minime.
1577 2833 1704 2897 Verum
1726 2834 1788 2897 0101
1807 2833 1951 2914 seperari
1971 2834 2039 2895 nori
2059 2839 2204 2913 possunt,

197 2920 261 2997 det,
292 2919 451 3001 desperat.
496 2917 589 2981 Haec
607 2920 696 3000 prior
717 2919 934 3001 poenitentiae
955 2941 1046 3001 pars,
1076 2941 1175 3002 quam
1228 2918 1385 3001 distingui
1412 2925 1524 2982 tamen
1558 2918 1685 2983 debent.
1737 2916 2023 2999 Quemadmodum
2049 2918 2119 2982 0110
2147 2938 2204 2999 spe

197 3005 297 3087 vulgo
321 3005 547 3070 contritionem
574 3002 736 3069 dixerunt.
782 3005 1047 3070 Vivificationem
1074 3007 1175 3069 inter-
1227 3005 1309 3069 fides
1335 3025 1403 3068 non
1430 3011 1494 3082 est,
1529 3012 1562 3072 01
1589 3010 1700 3068 tamen
1726 3003 1808 3069 fides
1836 3025 1873 3069 ae
1901 3024 1975 3086 spes
2000 3004 2092 3068 varia
2119 3013 2206 3084 sunt,

197 3099 371 3173 pretantur
390 3089 642 3154 consolationem
670 3111 752 3171 quae
774 3113 816 3154 01
837 3091 902 3155 fide
929 3092 1090 3170 nascitur,
1120 3092 1176 3155 ubi
1229 3092 1276 3155 ita
1297 3091 1497 3172 peonitentia
1519 3097 1552 3154 01
1567 3089 1658 3167 fides,
1683 3110 1872 3172 quanquam
1888 3095 2046 3172 perpetuo
2063 3090 2149 3154 inter
2170 3111 2206 3154 se

161 3197 165 3204 ·
198 3175 322 3242 scilicet
344 3177 454 3252 homo,
477 3174 601 3255 peccati
622 3177 819 3240 conscientia
843 3184 1026 3258 prostratus
1053 3198 1091 3241 ac
1112 3177 1176 3240 Dei
1227 3175 1359 3241 vinculo
1380 3176 1569 3253 cohaerent,
1591 3177 1696 3258 magis
1718 3184 1828 3240 tamen
1851 3174 2097 3258 coniungendae
2118 3185 2205 3253 sunt,

197 3262 313 3326 timore
335 3260 513 3343 perculsus,
536 3267 649 3342 postea
670 3262 705 3324 in
726 3262 789 3326 Dei
811 3263 998 3340 bonitatem,
1022 3263 1057 3326 in
1078 3263 1176 3327 mise·
1228 3283 1326 3344 quam
1355 3260 1610 3326 conlimdendae.
1661 3260 1824 3344 Equidem
1852 3283 1913 3326 nee
1942 3283 1995 3326 me
2022 3261 2116 3340 latet,
2144 3263 2204 3326 sub

196 3346 379 3426 ricordiam,
403 3347 552 3430 gratiam,
575 3345 724 3425 salutem,
747 3369 830 3429 quae
850 3356 900 3413 001
916 3370 975 3430 per
993 3347 1172 3427 Christum,
1227 3348 1445 3430 poenitentiae
1472 3348 1604 3412 nomine
1632 3355 1735 3411 totam
1763 3347 1805 3412 ad
1826 3347 1937 3411 Deum
1959 3349 2206 3412 conversionem

196 3434 386 3515 respiciens,
410 3454 480 3497 sese
501 3433 612 3515 erigit,
636 3434 790 3515 respirat,
813 3435 958 3498 animum
980 3434 1118 3519 colligit,
1142 3444 1175 3499 et
1200 3434 1203 3504 l
1227 3432 1468 3515 comprehendi,
1491 3435 1583 3498 cuius
1599 3455 1676 3515 pars
1693 3455 1760 3498 non
1778 3440 1943 3514 postrema
1959 3432 2041 3497 fides
2059 3442 2123 3513 est3
2147 3433 2205 3498 sed

196 3519 288 3585 velut
308 3541 326 3584 0
347 3527 452 3583 morte
474 3519 509 3581 in
529 3519 632 3604 vitam
653 3517 746 3582 redit.
1227 3540 1290 3602 quo
1318 3541 1430 3597 sensu,
1464 3518 1617 3584 facillime
1646 3520 1829 3601 apparebit,
1860 3519 1916 3583 ubi
1943 3520 1993 3584 vis
2022 3540 2059 3584 00
2087 3527 2207 3583 101110

284 3608 312 3668 3.
357 3605 441 3682 Alii,
474 3604 551 3686 quia
582 3602 739 3668 videbant
767 3606 858 3669 varie
891 3605 952 3670 hoc
986 3626 1105 3670 nomen
1138 3606 1173 3669 in
1227 3606 1298 3670 eius
1320 3604 1481 3687 0111110010
1502 3605 1608 3668 110111.
1653 3606 1880 3670 Ροο1110111100
1901 3626 2021 3669 nomen
2043 3605 2206 3669 Hebraeis

196 3690 359 3771 scriptura
396 3697 579 3772 acceptum,
620 3688 702 3755 duas
738 3699 918 3773 posuerunt
956 3692 1173 3774 poenitentiae
1227 3713 1248 3755 a
1274 3692 1497 3770 conversione,
1528 3691 1664 3756 Graecis
1692 3713 1712 3755 a
1739 3691 1858 3756 mentis
1887 3690 2075 3771 consiliique
2098 3699 2204 3754 muta-

196 3775 332 3839 formas:
361 3797 441 3857 quas
460 3783 499 3839 ut
519 3782 597 3839 nota
618 3775 727 3857 aliqua
754 3775 1008 3861 distinguerent,
1037 3778 1174 3841 alteram
1226 3777 1315 3841 tione
1343 3776 1519 3842 deductum
1544 3784 1602 3841 001
1654 3777 1724 3842 Νο0
1750 3777 1880 3860 utrique
1909 3774 2123 3860 etymologiae
2151 3797 2204 3840 res

195 3859 336 3943 legalem
359 3860 520 3936 dixerunt,
544 3882 608 3942 qua
627 3869 777 3943 peccator
798 3863 920 3944 peccati
940 3864 1083 3928 cauterio
1101 3863 1174 3927 vul·
1226 3864 1298 3946 ipsa
1325 3862 1412 3927 male
1439 3862 1626 3944 respondet:
1657 3864 1749 3928 cuius
1770 3883 1900 3928 summa
1920 3869 1984 3939 est,
2006 3868 2043 3925 ut
2066 3882 2086 3924 a
2108 3861 2204 3926 nobis

195 3952 348 4025 neratus,
381 3953 414 4011 01
433 3953 557 4010 terrore
578 3946 646 4011 irae
667 3947 731 4011 Dei
754 3950 899 4027 attritus,
928 3950 963 4012 in
986 3970 1024 4013 ea
1045 3956 1174 4031 pertur-
1227 3947 1448 4031 demigrantes
1487 3948 1529 4013 ad
1560 3948 1671 4013 Deum
1708 3957 1953 4025 convertamur,
1994 3954 2027 4010 01
2059 3945 2205 4029 deposita

195 4031 326 4098 batione
353 4033 545 4097 constrictus
568 4031 695 4110 haeret,
724 4054 784 4098 nee
807 4056 841 4099 se
869 4034 1032 4116 exphcare
1054 4041 1173 4116 potest3
1226 4035 1366 4116 pristina
1388 4040 1498 4098 mente
1519 4055 1641 4098 novam
1666 4034 1849 4099 induamus.
1895 4031 2118 4114 Quamobrem
2137 4054 2205 4097 non

195 4117 419 4201 evangelicam
441 4118 586 4195 alteram,
610 4139 674 4200 qua
695 4126 854 4201 peccator,
877 4122 1022 4203 graviter
1044 4120 1174 4202 quidem
1227 4119 1329 4198 male,
1362 4139 1436 4184 meo
1457 4119 1588 4202 quidem
1619 4119 1752 4199 iudicio,
1786 4122 1833 4186 sic
1853 4119 2053 4203 poenitentia
2074 4119 2205 4184 definiri

196 4203 285 4286 apud
305 4225 341 4268 se
362 4205 510 4282 afflictus,
532 4202 629 4268 altius
652 4212 762 4269 tamen
785 4207 931 4289 emergit,
954 4213 987 4270 01
1004 4205 1174 4271 Christum
1226 4207 1360 4287 poterit:
1384 4227 1590 4271 asseverem
1612 4205 1654 4271 ad
1675 4207 1786 4272 Deum
1808 4208 1895 4273 vitae
1917 4213 2048 4271 nostrae
2070 4227 2205 4271 conver·

195 4288 342 4354 vulneris
365 4291 416 4354 sui
432 4289 642 4368 medicinam,
665 4291 800 4356 terroris
822 4292 1090 4368 consolationem,
1112 4291 1173 4354 mi-
1227 4292 1366 4370 sionem,
1400 4313 1420 4355 a
1447 4292 1573 4356 sincero
1606 4294 1753 4375 serioque
1781 4294 1846 4358 Dei
1873 4293 1990 4357 timore
2016 4292 2203 4376 profectam,

194 4376 300 4440 seriae
332 4383 463 4457 portum
501 4375 724 4457 apprehendit.
780 4377 914 4460 Legalis
951 4377 1174 4460 'poenitentiae
1226 4378 1434 4459 (1100001110
1451 4385 1582 4442 nostrae
1600 4380 1784 4462 veterisque
1802 4379 1944 4444 hominis
1956 4377 2204 4443 mortificatione

195 4461 347 4544 exempla
378 4483 448 4527 esse
476 4463 592 4526 volunt
618 4460 718 4540 Cain,
743 4459 839 4539 Saul,
868 4462 1000 4527 Iudam:
1035 4483 1174 4544 quorum
1226 4470 1260 4528 et
1282 4464 1415 4545 spiritus
1437 4463 1655 4528 vivificatione
1678 4475 1811 4530 constet.
1844 4466 1886 4531 In
1904 4486 1980 4529 0111
2000 4486 2133 4529 sensum
2152 4485 2205 4528 ao·

194 4548 430 4628 poenitentiam
453 4547 532 4613 dum
550 4547 712 4627 scriptura
730 4545 829 4631 (Gen.
849 4553 879 4626 4,
902 4552 949 4612 13.
976 4553 989 4610 1
1012 4546 1101 4612 Sam.
1124 4552 1172 4627 15,
1226 4548 1395 4631 eipiendae
1417 4566 1494 4614 sunt
1515 4550 1684 4615 conciones
1707 4572 1828 4629 omnes,
1850 4552 1967 4633 quibus
1989 4549 2043 4615 101
2064 4549 2205 4632 prophe·

196 4633 247 4696 20.
272 4633 390 4697 Matth.
410 4637 461 4713 27,
480 4634 516 4717 4)
539 4631 632 4695 nobis
655 4640 902 4710 commemorat,
924 4633 1080 4727 intelligit
1098 4655 1174 4717 pec·
1226 4641 1280 4699 tae
1309 4634 1487 4717 quondam,
1515 4635 1569 4701 101
1597 4636 1733 4717 apostoli
1762 4645 1875 4718 postea
1896 4637 1947 4701 sui
1969 4637 2123 4717 temporis
2146 4635 2205 4696 ho·

194 4718 259 4782 cati
293 4721 344 4783 sui
377 4720 537 4803 gravitate
571 4717 683 4800 agnita
710 4717 794 4781 iram
825 4719 889 4783 Dei
923 4720 1069 4784 timuisse
1076 4743 1084 4799 ;
1117 4720 1174 4786 sed
1225 4722 1332 4799 111100
1355 4720 1396 4785 ad
1417 4721 1650 4803 poenitentiam
1672 4721 1908 4786 hortabantur.v
1931 4721 2005 4785 Hoc
2023 4722 2110 4784 enim
2128 4739 2205 4782 con-

195 4801 305 4867 Deum
333 4805 495 4869 duntaxat
523 4805 664 4869 ultorem
691 4811 725 4866 et
757 4803 898 4869 iudicem
926 4806 1106 4888 cogitantes
1139 4807 1174 4870 in
1227 4805 1405 4872 tendebant
1424 4828 1545 4885 unum,
1567 4814 1605 4880 ut
1625 4808 1767 4889 peccatis
1788 4808 1855 4872 suis
1876 4805 2016 4883 confusi,
2041 4826 2078 4869 00
2101 4803 2205 4867 divini

196 4907 235 4952 eo
263 4911 360 4954 sensu
395 4890 557 4956 defecisse.
607 4889 697 4971 Ergo
731 4910 844 4954 eorum
875 4892 1075 4974 poenitentia
1107 4913 1173 4956 non
1226 4892 1337 4957 iudicii
1365 4894 1482 4957 timore
1502 4893 1630 4975 puncti,
1661 4913 1770 4981 copam
1792 4914 1830 4957 eo
1858 4889 2064 4975 prociderent
2086 4900 2119 4955 et
2141 4891 2203 4954 hu·

196 4972 286 5039 aliud
317 4975 379 5040 suit
408 4997 506 5058 quam
533 4973 696 5058 quoddam
728 4976 907 5041 inferorum
940 4978 1082 5055 atrium,
1110 4998 1173 5060 quo
1226 4977 1445 5057 miliarentur,
1478 4979 1515 5042 in
1535 4999 1633 5061 quem
1659 4977 1878 5060 deliquerant,
1907 4997 1945 5041 ao
1967 4997 2046 5041 vera
2073 4978 2205 5059 resipis-

195 5057 263 5123 iam
282 5062 318 5124 in
339 5061 400 5126 hac
422 5063 490 5126 vita
509 5061 648 5146 ingressi
670 5069 848 5144 coeperunt
869 5084 889 5127 a
910 5063 991 5128 facie
1013 5064 1081 5128 irae
1103 5084 1173 5127 ma-
1226 5064 1334 5128 oentia
1372 5065 1407 5127 in
1445 5070 1569 5128 1001011
1597 5064 1666 5127 eius
1700 5062 1791 5127 viam
1818 5085 1853 5128 se
1880 5063 2071 5144 reciperent.
2124 5063 2204 5128 ideo

196 5142 321 5212 iestatis
348 5147 411 5211 Dei
445 5169 567 5232 poenas
606 5145 692 5211 dare.
743 5147 979 5232 Evangeheam
1006 5150 1173 5232 poeniten·
1227 5148 1307 5213 haec
1329 5149 1512 5231 promiscue
1534 5154 1736 5231 usurpantur
1759 5148 1846 5231 apud
1867 5149 1954 5229 ipsos
1972 5148 2085 5214 eodem
2104 5151 2206 5234 signi-

196 5228 277 5295 tiam
304 5233 453 5299 videmus
481 5234 518 5298 in
544 5233 694 5299 omnibus
721 5235 777 5316 qui
803 5236 928 5317 peceati
953 5235 1064 5301 aculeo
1086 5233 1174 5318 apud
1225 5236 1338 5300 ficatu:
1372 5235 1518 5301 converti
1547 5255 1605 5299 seu
1631 5233 1752 5299 reverti
1779 5233 1822 5309 ad
1849 5234 2045 5316 Domintun,
2073 5237 2206 5320 resipis·
