4770 6030
218 331 259 390 iv
864 320 1130 388 mantuane
1151 323 1256 388 ann.
1279 322 1459 388 enarer.
1487 328 1577 388 aaa
1792 380 1825 410 ,.
2185 325 2230 387 te

217 517 367 581 ficatione
385 513 597 580 concedemus
619 533 689 576 esse
708 511 1003 593 supererogationis
1015 532 1122 592 opera,
1143 519 1195 574 ut
1248 531 1379 574 sursum
1400 509 1552 574 deorsum
1573 512 1659 588 ferri,
1682 512 1854 590 haesitare,
1877 533 2071 593 suspensum
2093 512 2228 590 versari,

217 609 293 684 pote
314 600 490 683 dequibus
511 620 531 662 a
557 598 716 680 propheta
732 597 809 681 (les.
832 595 864 679 1)
887 595 1094 661 dictumest:
1124 599 1196 679 quis
1249 594 1421 677 desperare
1450 595 1588 678 denique
1615 596 1716 661 fidere
1738 606 1801 675 est,
1831 597 1889 661 sed
1911 599 2072 662 constanti
2095 599 2228 662 certitu·

218 687 378 836 ffiraesivit
405 686 486 749 haec
514 683 554 748 de
587 683 736 748 manibus
763 680 904 747 vestris?
953 682 1069 747 Manet
1096 684 1197 766 igitur
1249 681 1324 745 dine
1344 703 1381 746 ac
1399 681 1502 746 solida
1519 684 1691 747 securitate
1709 685 1855 748 animum
1865 683 2037 760 offirmare,
2057 692 2090 747 et
2107 683 2229 748 habere

221 773 227 786 '
255 772 312 836 ud:
344 777 449 834 totum
471 769 640 833 hominum
662 790 765 851 genus
790 789 849 851 per
875 767 981 851 legem
995 769 1100 852 ,argui
1125 790 1195 832 ma-
1248 768 1305 831 ubi
1326 767 1496 832 recumbas
1517 775 1550 832 et
1575 768 1691 850 pedem
1712 770 1804 852 figas*
1817 768 1848 853 (l
1871 766 1944 832 Cor.
1965 771 1992 831 2.
2028 769 2140 835 acor.
2163 768 2226 848 13).

218 857 382 923 ledictioni
404 864 437 919 et
456 856 524 920 irae
544 857 609 921 Dei
631 855 821 932 obnoxium,
844 876 863 917 a
884 875 949 934 qna
970 861 1007 918 ut
1029 854 1197 918 solvantur
1249 853 1303 916 Ex
1325 874 1362 917 eo
1381 853 1520 917 alterum
1538 855 1696 936 seqnitur:
1719 855 1965 936 promissionem
1981 876 2107 936 quoque
2122 857 2229 937 ipsam

218 964 242 1007 e
258 950 416 1025 potestate
444 941 525 1024 legis
547 942 637 1005 exire
662 961 793 1006 necesse
815 948 865 1004 est
891 947 924 1003 et
945 940 1036 1004 velut
1064 940 1105 1005 ab
1127 942 1197 1004 eius
1250 939 1404 1002 abolitam
1425 961 1496 1003 esse
1523 947 1557 1002 et
1577 939 1750 1004 evanidam
1777 941 1891 1022 perire.
1938 939 2108 1021 Siquidem
2128 941 2228 1023 nullis

217 1030 373 1094 servitute
395 1029 430 1092 in
450 1028 635 1092 libertatem
657 1028 770 1090 asseri:
793 1048 859 1090 non
881 1027 1045 1103 carnalem
1067 1025 1197 1107 quidem
1249 1025 1449 1106 implebitur,
1478 1026 1542 1089 nisi
1568 1027 1623 1107 qui
1645 1033 1732 1091 certo
1755 1049 1792 1091 ac
1820 1028 1897 1090 sine
1919 1026 2132 1092 haesitatione
2153 1049 2228 1110 per-

215 1115 323 1191 illam,
353 1136 436 1196 quae
462 1113 502 1177 ab
531 1114 755 1178 observatione
776 1112 859 1194 legis
880 1133 940 1176 nos
961 1112 1129 1189 subducat,
1154 1111 1196 1175 ad
1250 1132 1383 1174 suasum
1406 1111 1587 1189 habuerint,
1609 1111 1809 1193 implendam
1831 1112 1891 1177 sibi
1914 1134 1993 1189 esse,
2017 1113 2079 1190 vel,
2103 1120 2141 1177 ut
2161 1136 2227 1178 nno

217 1202 484 1266 remmomnium
501 1200 666 1264 licentiam
684 1220 743 1262 nos
759 1199 885 1274 invitet,
904 1199 1197 1278 concupiscentiam
1249 1196 1348 1260 verbo
1366 1195 1480 1274 dicam,
1499 1196 1599 1260 fidem
1608 1197 1657 1261 illi
1674 1197 1856 1262 habuerint
1880 1197 2032 1280 Oellapsa
2042 1199 2143 1282 igitur
2153 1199 2227 1279 fide,

217 1293 363 1352 nostram
391 1287 482 1350 velut
509 1286 612 1367 ruptis
646 1283 809 1367 repagulis
837 1290 895 1347 aut
921 1284 1033 1348 effusis
1060 1283 1197 1347 habenis
1251 1277 1293 1379 [p.
1308 1277 1369 1367 st]
1383 1282 1475 1346 nulla
1493 1283 1543 1346 vis
1560 1283 1784 1364 promissionis
1800 1284 1930 1349 residua
1950 1305 2020 1349 esse
2037 1292 2151 1366 potest
2180 1285 2229 1352 Ut

217 1373 366 1438 lascivire
387 1373 568 1453 permittat,
591 1370 649 1434 sed
670 1370 885 1452 spiritualem,
909 1390 991 1450 quae
1012 1369 1197 1451 perculsam
1248 1368 1349 1451 igitur
1371 1389 1445 1450 spes
1467 1367 1575 1450 aliqua
1596 1369 1710 1433 salutis
1731 1377 1940 1452 proponatur,
1963 1391 2068 1436 novae
2088 1372 2227 1453 promis·

199 1453 252 1523 'et
272 1465 512 1523 consternatam
534 1456 772 1524 conscientiam„
786 1455 908 1519 soletur
929 1463 963 1519 et
979 1457 1093 1538 erigat,
1112 1447 1196 1519 libe-
1249 1455 1355 1517 siones
1382 1454 1561 1518 offerantur
1583 1461 1739 1537 oportet,‘
1753 1477 1836 1539 qnae
1857 1456 2017 1536 praestari
2037 1455 2132 1543 nohis
2152 1476 2227 1540 pos-
2307 1491 2310 1495 >

217 1566 290 1610 ram
316 1543 407 1608 illam
428 1542 602 1607 ostendens
624 1563 644 1605 a
669 1540 896 1605 maledictione
918 1562 955 1606 ae
978 1540 1194 1618 damnatione,
1249 1541 1329 1617 sint3
1353 1546 1430 1603 sunt
1447 1548 1557 1603 autem
1574 1541 1803 1622 promissiones
1825 1542 2048 1624 evangelicae,
2069 1540 2151 1627 quis
2168 1563 2228 1608 no-

150 1648 157 1664 ·
216 1651 281 1712 qua
312 1629 403 1693 illam
434 1629 489 1692 lex
520 1629 665 1692 vinctam
705 1634 739 1690 et
770 1627 979 1692 constrictam
1016 1626 1192 1709 premebat.
1247 1625 1297 1689 bis
1320 1626 1479 1708 gratuitas
1506 1627 1689 1691 misericors
1710 1628 1873 1691 Dominus
1895 1627 2003 1706 offert,
2031 1647 2099 1692 non
2117 1626 2229 1710 eliqua

216 1715 313 1780 Hanc
336 1736 356 1778 a
375 1714 572 1779 subiectione
599 1711 639 1799 [p.
657 1710 712 1798 83]
733 1711 814 1795 legis
837 1712 1060 1777 liberationem
1083 1721 1130 1790 et,
1159 1721 1196 1776 ut
1247 1719 1378 1775 nostrae
1400 1711 1568 1795 dignitatis
1591 1719 1649 1775 ant
1668 1712 1911 1777 benefactorum
1932 1714 2067 1790 ratione,
2090 1713 2147 1778 sed
2168 1736 2227 1796 pa-

216 1803 263 1866 ita
274 1801 389 1878 dicam,
407 1801 695 1864 manumissionem
712 1798 1195 1880 assequhnur,c1unperfidem
1248 1805 1343 1861 terna
1363 1818 1423 1861 sua
1444 1797 1588 1861 bonitate
1606 1796 1715 1882 (Rom.
1738 1799 1807 1882 10),
1835 1820 1895 1863 nec
1917 1798 2015 1863 aliam
2036 1800 2129 1864 nobis
2149 1820 2227 1865 cen·

216 1886 472 1951 misericordiam
498 1886 562 1949 Dei
590 1887 624 1948 in
653 1884 785 1949 Christo
813 1884 1102 1966 apprehendimus,
1132 1906 1196 1966 qua
1249 1882 1403 1946 ditionem
1425 1883 1608 1964 imponens,
1632 1904 1730 1965 quam
1751 1892 1789 1947 nt
1809 1892 1936 1990 tantam
1961 1885 2153 1966 beneplaeiti
2175 1886 2227 1950 sui

218 1973 324 2038 securi
345 1973 488 2053 certique
514 1970 682 2035 reddimur
704 1971 743 2034 de
764 1977 971 2052 peccatorum
997 1971 1194 2047 remissione,
1248 1969 1389 2051 gratiam
1419 1975 1486 2032 teto
1519 1969 1626 2032 animo
1665 1969 1907 2051 amplectamur.
1959 1971 2033 2034 Hoc
2060 1977 2110 2035 est
2139 1970 2226 2052 quod

218 2080 356 2141 quorum
377 2079 475 2122 sensu
496 2078 554 2121 nos
575 2058 742 2139 pungebat
763 2078 800 2120 ac
817 2055 986 2120 mordebat
1003 2055 1064 2119 lex.
1099 2056 1196 2121 Hanc
1248 2055 1376 2118 subiicit
1396 2054 1521 2128 Paulus
1550 2054 1659 2139 (Rom,
1678 2056 1728 2137 4):
1758 2055 1830 2120 ideo
1852 2078 1894 2120 ex
1920 2056 1985 2120 fide
2011 2056 2126 2121 salutis
2147 2056 2227 2122 hac-

218 2165 297 2209 vero
324 2150 531 2225 peccatorum
557 2144 781 2206 remissionem
807 2163 873 2205 non
898 2143 1012 2220 semel,
1043 2151 1084 2205 ut
1100 2141 1195 2204 multi
1248 2139 1420 2204 reditatem
1451 2141 1544 2204 nobis
1577 2141 1746 2218 obvenire,
1780 2149 1818 2206 ut
1843 2142 1940 2206 firma
1972 2143 2015 2206 sit
2046 2143 2225 2224 promissio.

218 2229 334 2295 stolide
355 2226 543 2311 opinantur,
565 2229 659 2292 nobis
680 2228 819 2311 largitur
839 2228 941 2304 Deus,
965 2235 1002 2290 ut
1023 2229 1196 2308 impetrata
1248 2225 1348 2289 Certa
1376 2227 1463 2289 enim
1492 2234 1542 2290 est
1572 2226 1670 2302 fides,
1698 2240 1786 2308 quae'
1814 2227 1883 2292 sela
1908 2229 1973 2292 Dei
2006 2227 2228 2293 misericordia

217 2317 411 2398 praeteritae
428 2316 515 2379 vitae
532 2316 637 2390 venia,
656 2321 768 2395 postea
784 2314 820 2377 in
836 2313 909 2396 lege
926 2314 1084 2377 iustitiam
1096 2334 1194 2394 quae-
1247 2312 1371 2389 nititur,
1396 2312 1515 2388 sciens,
1538 2314 1614 2394 quia
1635 2312 1856 2378 misericordia
1877 2321 1913 2378 et
1931 2316 2061 2390 veritas¹
2074 2314 2227 2380 obviave-

217 2423 343 2479 ramus,
366 2422 429 2483 quo
450 2401 534 2465 nihil
555 2421 652 2482 quam
675 2401 709 2463 in
731 2421 822 2481 spem
843 2399 959 2463 salsam
980 2398 1128 2463 inductos
1150 2400 1194 2461 ri-
1247 2405 1325 2460 runt
1346 2397 1416 2473 sibi,
1440 2397 1501 2462 hoe
1529 2407 1593 2475 est,
1620 2419 1831 2481 quaecunque
1857 2399 1950 2464 Deus
1977 2399 2229 2484 rmserioorditer

218 2486 310 2552 deret
331 2484 369 2552 ac
389 2485 524 2550 luderet.
569 2485 655 2550 Cum
683 2487 770 2549 enim
797 2486 951 2566 perfectio
976 2484 1068 2548 nulla
1089 2484 1194 2548 obtin-
1246 2483 1430 2564 pollicetur,
1458 2483 1598 2547 fideliter
1625 2506 1751 2566 quoque
1778 2492 1929 2567 praestet
1973 2486 2020 2549 Et
2041 2494 2164 2550 certam
2187 2487 2227 2550 fi-

218 2594 295 2657 gere
316 2575 408 2638 nobis
430 2574 539 2654 possit,
562 2571 718 2653 quamdiu
739 2571 801 2635 hac
824 2592 922 2636 earne
944 2570 1049 2634 induti
1072 2593 1193 2645 sumus,
1248 2567 1321 2632 dem
1340 2570 1486 2650 sequitur
1512 2571 1608 2633 firma
1628 2571 1813 2651 promissio,
1842 2592 1925 2653 quae
1946 2591 2011 2635 non
2034 2579 2139 2653 potest
2159 2592 2226 2636 non

217 2659 272 2723 lex
291 2667 404 2743 ⁸autem
428 2666 567 2721 mortem
596 2680 634 2722 ae
662 2657 818 2722 iudicium
845 2657 994 2720 omnibus
1022 2656 1196 2720 denunciet
1247 2655 1376 2736 impleri
1397 2654 1602 2719 credentibus
1624 2655 1726 2739 (Paul
1747 2655 1812 2741 85).
2034 2703 2036 2706 -

217 2745 273 2826 qui
294 2767 359 2808 non
380 2745 544 2826 integram
569 2744 727 2807 iustitiam
748 2763 844 2824 opere
865 2742 1067 2823 perfecerint,
1095 2741 1194 2805 habe-
1335 2738 1446 2820 Quare
1476 2742 1541 2805 iam
1564 2743 1806 2824 agnoscendum
1827 2750 1890 2820 est,
1919 2742 2059 2807 salutem
2080 2748 2226 2808 nostram

217 2831 266 2897 bit
286 2851 414 2912 semper
435 2850 498 2911 quo
518 2851 577 2893 nos
600 2835 744 2906 accuset,
768 2848 906 2908 reosque
925 2840 1010 2910 agat,
1033 2829 1097 2891 nisi
1119 2849 1194 2891 oon·
1247 2826 1315 2890 sola
1347 2827 1411 2890 Dei
1432 2826 1654 2892 misericordia
1685 2837 1849 2906 constare,
1881 2828 1974 2893 nulla
2004 2849 2083 2893 vero
2113 2835 2227 2894 nostra

216 2921 270 2980 tra
301 2923 486 2981 occurreret
517 2915 651 2979 Domini
680 2912 917 2989 misericordia,
951 2933 1033 2993 quae
1066 2912 1196 2977 assidua
1248 2911 1415 2994 dignitate,
1438 2920 1496 2976 aut
1514 2934 1704 2996 quacunque
1722 2936 1768 2992 re,
1789 2935 1873 2997 quae
1896 2936 1938 2979 ex
1955 2916 2048 2980 nobis
2065 2916 2116 2993 sit,
2137 2914 2226 2979 ideo-

216 3009 423 3084 peocatorum
442 3002 631 3064 remissione
648 3021 707 3064 nos
725 2998 861 3064 subinde
871 2997 1060 3064 absolveret
1085 2996 1196 3078 Quare
1248 3018 1310 3079 que
1342 2998 1377 3061 in
1407 2999 1469 3062 hoc
1496 3019 1588 3081 spem
1613 3006 1717 3064 totam
1743 3001 1858 3065 sistam
1884 3001 2049 3078 convenit,
2078 3008 2111 3064 et
2136 3000 2229 3067 velut

217 3087 251 3151 id
273 3108 402 3168 semper
423 3092 550 3150 constat
571 3084 655 3166 quod
677 3086 835 3169 principio
857 3084 1057 3163 dicebamus:
1084 3085 1112 3147 si
1134 3085 1196 3165 ipsi
1247 3083 1406 3164 profimde
1427 3085 1537 3166 figere,
1560 3107 1626 3149 non
1647 3093 1830 3168 respectare
1852 3086 1894 3150 ad
1911 3108 2010 3168 opera
2025 3095 2146 3165 nostra,
2170 3093 2229 3151 aut

218 3193 260 3236 ex
283 3179 394 3236 nostra
411 3170 569 3254 dignitate
587 3172 805 3247 aestimamur,
829 3169 985 3252 quidquid
1001 3169 1197 3234 meditemur
1248 3190 1290 3231 ex
1311 3168 1376 3233 illis
1398 3169 1578 3234 subsidium
1599 3171 1729 3253 aliquod
1747 3180 1867 3254 petere.
1908 3172 2063 3254 Adeoque
2085 3172 2166 3238 haec
2187 3173 2228 3238 fi-

95 3312 99 3319 .
218 3264 277 3322 aut
295 3257 483 3332 moliamur,
513 3278 571 3320 nos
598 3264 709 3320 tamen
734 3278 809 3321 cum
831 3256 980 3320 omnibus
1002 3256 1121 3320 nostris
1144 3277 1196 3319 co-
1249 3253 1302 3318 dei
1322 3261 1442 3318 namra
1463 3262 1526 3332 est,
1551 3278 1646 3321 aures
1669 3259 1829 3341 arrigere,
1851 3258 1960 3323 oculos
1982 3258 2142 3336 claudere,
2165 3258 2228 3324 hoc

217 3343 348 3410 natibus
376 3349 410 3407 et
436 3342 552 3407 studiis
578 3350 683 3406 morte
711 3349 744 3405 et
771 3343 957 3406 confusione
978 3340 1093 3423 dignos
1115 3362 1194 3405 esse.
1248 3347 1311 3418 est,
1341 3341 1545 3422 promissioni
1567 3341 1747 3422 attendere,
1770 3345 1998 3428 cogitationem
2015 3351 2163 3409 avertere
2186 3344 2227 3410 ab

218 3429 292 3494 Hac
313 3429 439 3493 ratione
460 3437 494 3493 et
513 3449 595 3510 quae
617 3429 652 3491 in
673 3428 745 3510 lege
766 3428 859 3490 nobis
880 3426 1101 3491 offerebantur
1121 3448 1195 3508 pro-
1248 3427 1337 3489 omni
1359 3427 1499 3491 heminis
1522 3426 1680 3510 dignitate
1701 3429 1755 3492 vol
1771 3431 1896 3494 merite.
1940 3430 2118 3512 Nunquam
2139 3431 2228 3494 enim

217 3515 402 3592 missiones,
431 3515 614 3578 inefficaces
641 3520 718 3578 sunt
745 3534 856 3576 omnes
879 3519 912 3576 et
939 3513 1058 3576 irritae.
1103 3513 1196 3577 Haec
1265 3538 1291 3589 p.
1308 3509 1362 3597 86]
1383 3513 1455 3576 Deo
1483 3515 1561 3577 satis
1583 3514 1795 3592 confidemus,
1824 3516 1887 3580 nisi
1915 3515 1955 3579 dc
1982 3517 2075 3581 nobis
2096 3516 2228 3598 penitus

122 3639 126 3649 ι
217 3601 306 3664 enim
334 3600 489 3677 conditio,
518 3605 556 3663 ut
586 3599 694 3682 legem
720 3599 941 3680 perficiamus,
971 3619 1081 3689 aqua
1106 3600 1196 3680 ipsae
1274 3599 1279 3609 '
1335 3599 1362 3675 i;
1384 3620 1552 3680 nunquam
1573 3601 1608 3663 in
1630 3600 1700 3679 ipso
1722 3602 1800 3665 satis
1822 3603 1947 3666 animos
1969 3602 2140 3685 erigemus,
2163 3602 2227 3666 nisi

217 3686 368 3767 pendent,
393 3694 425 3750 et
446 3708 510 3768 qua
532 3686 663 3750 demum
684 3683 900 3766 praestandae
921 3693 1006 3761 sunt,
1030 3706 1197 3766 nunquam
1248 3684 1339 3834 prius
1351 3685 1386 3746 in
1398 3685 1491 3748 nobis
1504 3684 1642 3748 deiectos
1648 3708 1656 3762 ;
1674 3707 1840 3766 nunquam
1853 3688 1888 3750 in
1899 3689 1971 3768 ipso
1982 3709 2042 3752 nos
2053 3689 2132 3753 satis
2142 3688 2229 3753 sola-

217 3771 412 3853 implebitur.
1271 3770 1365 3844 imur,
1387 3770 1451 3833 nisi
1472 3771 1507 3833 in
1529 3770 1621 3834 uobis
1643 3769 1791 3848 desolati;
1813 3794 1981 3855 nunquam
2002 3773 2126 3855 inipso
2148 3775 2228 3838 satis

280 3856 377 3922 'Hoc
400 3865 630 3942 argumentum
651 3857 756 3939 magis
783 3863 879 3938 urget
903 3853 943 3941 [p.
957 3853 1013 3941 84]
1034 3857 1197 3937 apostolus
1249 3854 1469 3938 gloriabimur,
1487 3857 1551 3919 nisi
1568 3856 1657 3919 omni
1673 3856 1708 3920 in
1726 3857 1820 3922 nobis
1837 3858 1941 3941 gloria
1957 3858 2105 3924 abdicati.
2140 3858 2228 3924 era

218 3941 328 4025 (Rem.
343 3943 387 4026 4).
426 3943 463 4008 si
483 3965 527 4007 ex
547 3943 628 4024 lege,
651 3943 764 4024 inquit,
787 3943 958 4025 promissio
976 3941 1195 4020 haereditatis,
1249 3941 1329 4004 tiam
1357 3963 1434 4023 ergo
1455 3942 1534 4018 Dei,
1564 3943 1689 4006 abiecta
1709 3943 1840 4024 quidem
1865 3964 1998 4025 prorsus
2019 3945 2123 4008 nostri
2142 3943 2229 4009 fidu·

218 4029 386 4093 exinanita
403 4035 453 4093 est
468 4029 559 4102 fides,
586 4028 705 4092 abolita
722 4035 772 4092 est
787 4028 965 4110 promissio.
996 4021 1072 4092 Dtio
1089 4029 1194 4093 infert.
1249 4028 1307 4103 cia,
1330 4026 1370 4090 de
1393 4028 1461 4092 eius
1484 4036 1593 4091 tamen
1621 4028 1764 4093 bonitate
1786 4037 1873 4094 certo
1895 4031 2023 4107 confisi,
2045 4029 2228 4112 apprehen-

218 4115 332 4191 Prius,
356 4115 556 4178 exinanitam
578 4120 612 4177 et
632 4121 823 4178 evacuatam
844 4136 915 4178 esse
935 4113 1049 4191 fidem,
1073 4115 1101 4177 si
1122 4135 1197 4195 pro-
1249 4112 1356 4176 dimus
1378 4134 1415 4177 ae
1433 4113 1623 4191 obtinemus,
1647 4121 1689 4191 et,
1711 4121 1749 4178 ut
1772 4116 1818 4178 ait
1834 4116 2047 4198 Augustinus,
2062 4114 2088 4198 ¹)
2116 4123 2230 4181 nostra

217 4200 329 4264 missio
358 4220 492 4281 operum
516 4207 703 4263 nestrorum
735 4201 852 4263 merita
879 4201 1044 4281 respiciat,
1073 4208 1131 4263 aut
1156 4221 1197 4263 ex
1248 4199 1365 4261 merita
1386 4199 1486 4277 obliti,
1508 4198 1632 4263 Christi
1656 4199 1741 4264 dena
1758 4201 1992 4282 amplectimur,
2014 4200 2101 4284 quod
2120 4202 2230 4283 ipsum

109 4359 124 4379 ,Ι
218 4286 300 4370 legis
322 4286 546 4349 observatione
562 4285 716 4366 pendeat;
739 4306 906 4366 nunquam
927 4286 1014 4348 enim
1031 4283 1089 4349 illa
1109 4293 1197 4349 certe
1248 4292 1298 4348 est
1319 4283 1440 4349 habere
1461 4306 1583 4361 veram,
1607 4296 1644 4349 ut
1663 4285 1764 4363 decet,
1787 4285 1893 4350 fidem.
1938 4287 2036 4352 Hane
2056 4308 2136 4353 vero
2157 4309 2229 4353 cer-

216 4371 319 4436 fidere
340 4372 511 4453 quisquam
532 4379 649 4453 posset,
672 4377 729 4434 aut
744 4371 780 4434 in
798 4393 837 4435 ea
854 4392 966 4437 secure
985 4371 1195 4452 acquiescere,
1247 4369 1420 4434 titudinem
1448 4370 1557 4434 nullus
1585 4373 1713 4454 assequi
1740 4379 1847 4455 potest
1873 4372 1937 4437 nisi
1961 4394 2020 4455 per
2046 4371 2227 4452 Christum,
2295 4422 2297 4426 -

193 4456 347 4546 ¹quando
379 4478 547 4538 nunquam
579 4457 725 4520 fotinum
757 4467 820 4529 est.
854 4465 892 4521 ut
923 4464 1012 4522 certe
1043 4455 1130 4538 apud
1162 4478 1196 4520 se
1249 4457 1340 4520 cuius
1362 4456 1461 4521 solius
1482 4457 1704 4523 benedictione
1726 4480 1746 4522 a
1767 4458 1993 4523 maledictione
2010 4459 2092 4541 legis
2109 4458 2228 4524 libera·

218 4543 390 4625 quisquam
411 4549 541 4619 stamat,
565 4565 600 4607 se
620 4542 685 4626 legi
699 4544 905 4622 satisfemssm
928 4550 1064 4607 utoerte
1085 4541 1195 4607 nullus
1247 4563 1337 4619 mur,
1366 4563 1448 4624 qnae
1469 4544 1618 4608 omnibus
1645 4545 1737 4609 nobis
1759 4543 1864 4608 edicta
1885 4551 1919 4609 et
1946 4543 2142 4609 denunciata
2162 4552 2227 4624 est;

217 4648 364 4709 unquam
391 4650 450 4711 per
471 4650 580 4709 ¹opera
606 4628 703 4710 plene
732 4630 896 4694 satisfacit.
947 4627 1050 4693 Cuius
1077 4628 1125 4690 rei
1154 4650 1195 4693 ne
1248 4649 1323 4692 cum
1344 4628 1384 4692 ob
1406 4628 1669 4708 imbecillitatem,
1693 4650 1791 4711 quam
1812 4651 1854 4693 ex
1875 4638 1969 4712 patre
1981 4630 2091 4694 Adam
2111 4630 2228 4696 haere·

218 4712 315 4796 longe
342 4722 495 4795 petantur
520 4715 720 4793 testimonia,
756 4716 818 4780 sibi
843 4715 977 4797 quisque
1005 4714 1097 4777 testis
1125 4735 1196 4779 esse
1248 4713 1400 4777 ditariam
1421 4715 1618 4796 accepimus,
1648 4715 1754 4799 legem
1775 4716 1926 4797 operibus
1950 4716 2069 4781 nostris
2090 4716 2229 4799 implere

218 4806 341 4881 potest,
368 4801 424 4882 qni
452 4822 486 4865 se
513 4808 601 4866 recte
629 4801 720 4866 oculo
747 4802 869 4865 intueri
890 4799 985 4864 volet.
1030 4799 1137 4882 Igitur
1160 4801 1196 4863 in
1247 4820 1312 4862 non
1334 4800 1504 4881 possimus,
1526 4809 1565 4865 ut
1584 4821 1717 4865 necesse
1738 4807 1810 4865 erat
1830 4802 1885 4881 iis,
1908 4803 1963 4883 qui
1986 4802 2048 4865 sibi
2066 4803 2228 4867 iustitiam

219 4886 364 4948 omnium
392 4886 517 4950 animes
545 4887 668 4951 subiret
688 4889 831 4968 primum
851 4885 1036 4962 haesitatio,
1064 4884 1196 4949 demum
1247 4884 1323 4949 iude
1348 4906 1536 4968 comparare
1563 4887 1680 4962 velint,
1715 4887 1806 4951 cuius
1834 4887 1950 4952 deinde
1975 4888 2115 4962 iustitia,
2149 4888 2228 4954 iusti

217 4978 253 5036 et
270 4971 458 5054 desperatio,
477 4972 555 5037 dum
572 4994 631 5054 pro
651 4973 836 5054 aequisque
854 4970 1055 5049 subduceret,
1074 4980 1197 5053 quanta
1247 4971 1308 5052 ipsi
1337 4979 1370 5034 et
1397 4971 1479 5055 legis
1504 4971 1691 5054 impletores
1718 4974 1824 5036 limus.
1875 4973 1971 5039 Hane
1992 4974 2081 5037 enim
2101 4980 2140 5038 ut
2159 4995 2228 5038 *no-

220 5056 320 5122 debiti
341 5058 425 5121 mole
447 5057 554 5123 adhuc
575 5058 773 5134 obrueretur,
796 5077 956 5138 quamque
977 5057 1073 5140 longe
1096 5057 1195 5123 dista-

220 5149 272 5206 ret
293 5142 333 5206 ab
353 5143 504 5224 imposita
525 5144 587 5208 sibi
608 5142 799 5209 conditione.
844 5142 898 5206 En
919 5142 986 5205 iam
1007 5163 1197 5225 oppressam
1856 5191 1857 5194 κ

218 5228 460 5311 extinctamque
485 5229 593 5293 fidem.
644 5229 719 5292 Non
749 5228 837 5291 enim
864 5228 1029 5307 fluctuari,
1057 5230 1194 5307 variare,
1316 5245 1346 5311 1)
1363 5245 1404 5297 De
1422 5245 1513 5297 verbis
1531 5246 1658 5314 Apostoli
1675 5245 1740 5316 (lep.
1759 5245 1800 5299 11.
