4770 6030
188 370 231 432 se
736 345 741 353 ’
910 363 1095 430 010111.
1140 365 1204 434 eu
1227 361 1475 429 carmena.
2155 365 2197 428 eo
2294 346 2351 399 ·'·

189 553 267 638 quid
292 553 381 620 dicas
403 553 527 619 nescit?
579 554 667 619 Nam
689 562 726 617 tu
754 556 877 639 gratias
899 554 984 637 agis,
1007 553 1064 618 sed
1087 552 1170 617 alius
1222 553 1291 618 vati
1312 554 1416 638 posui
1437 552 1514 617 boni
1540 551 1686 634 praecisa
1707 558 1806 629 esset,
1835 549 1917 616 haec
1943 558 2054 615 tamen
2076 553 2196 618 sancti·

189 662 256 705 non
292 639 490 705 aedificabit.
542 637 598 705 Sic
629 648 742 706 tamen
775 642 909 705 omnino
944 636 1168 704 sentiendum:
1221 639 1330 703 ficatio
1352 645 1386 702 et
1405 638 1470 703 alia
1491 657 1574 720 quae
1595 637 1638 702 ad
1658 636 1722 701 Dei
1744 635 1882 720 gloriam
1903 637 2077 719 pertinent,
2100 659 2120 702 a
2140 659 2199 704 no·

190 726 288 791 nulla*
312 727 438 790 ratione
466 726 538 790 fieri
566 746 676 808 posse,
705 732 766 791 nec
793 727 828 790 in
856 726 987 807 pubhca
1014 725 1169 802 oratione,
1222 724 1273 789 bis
1295 730 1329 788 et
1348 724 1454 807 optari
1473 730 1506 787 ιι
1526 722 1677 805 precibus
1703 721 1861 806 postulari
1883 743 1951 786 11011
1972 721 2125 788 desinant
2132 747 2140 803 ;
2161 732 2201 789 ι1ι

191 833 253 878 11οι
279 812 316 875 111
343 812 488 894 privata,
517 819 555 875 ut
582 811 697 895 lingua
723 813 794 877 sine
816 813 926 877 animo
944 810 1017 875 Dec
1039 817 1172 891 accepta
1223 811 1258 873 in
1292 810 1451 891 exemplis
1490 809 1593 874 Mosis
1622 815 1655 873 et
1681 807 1780 873 Pauli
1808 816 1973 890 spectatur
2001 806 2120 894 (Exod.
2148 812 2198 875 32.

192 899 244 962 sit
290 897 483 975 Praeterea,
511 903 639 962 tantam
669 918 740 962 esse
768 897 886 963 debere
907 897 976 962 vim
999 905 1096 978 atque
1118 917 1170 960 ar·
1222 895 1318 960 Rom
1339 894 1389 1045 9]
1417 895 1473 978 qui
1494 901 1621 958 mentes
1649 900 1683 959 et
1708 892 1817 959 oculos
1840 915 1860 958 a
1886 915 1921 957 se
1948 894 2027 977 ipsis
2049 907 2199 960 averten-

193 983 306 1049 dorem
328 984 398 1048 eius
419 981 505 1064 qued
532 1004 627 1048 mens
654 984 788 1067 cogitat,
806 993 852 1048 ut
871 991 976 1046 totum
997 982 1095 1065 longe
1117 1003 1172 1046 su·
1223 988 1287 1059 tes,
1315 1002 1357 1046 ve
1382 981 1504 1046 ementi
1527 977 1568 1066 [p.
1591 977 1665 1067 175]
1689 981 1886 1062 incensoque
1907 979 1976 1044 zelo
1998 1001 2091 1045 suam
2113 981 2199 1064 ipso-

192 1080 302 1152 peret,
335 1068 422 1150 quod
455 1068 570 1152 lingua
602 1069 808 1135 enuncianda
841 1069 1024 1151 exprimere
1055 1073 1169 1150 potest.
1223 1088 1298 1131 rum
1326 1066 1542 1149 perditionem
1568 1065 1778 1149 expetebant,
1805 1072 1844 1128 ιιι
1865 1064 1918 1131 vel
1940 1087 1998 1130 suo
2021 1066 2198 1149 dispendio,

192 1155 380 1229 Postremo,
407 1175 542 1219 ncesse
571 1154 703 1236 quidem
723 1156 862 1220 orationi
890 1154 1038 1235 privatae
1059 1175 1171 1218 neces·
1224 1153 1328 1236 gloria
1349 1159 1383 1216 et
1403 1173 1544 1236 regnum
1560 1152 1624 1216 Dei
1645 1157 1899 1234 promoveretur.
1944 1150 2101 1232 Rursum,
2125 1174 2200 1218 cum

194 1242 315 1306 sariam
340 1237 380 1325 [p.
397 1237 470 1325 173]
490 1239 805 1324 hnguam,‚interior
826 1262 942 1306 sensus
963 1241 1025 1304 sibi
1043 1241 1113 1322 ipse
1130 1238 1172 1304 ad
1223 1259 1344 1321 panem
1377 1245 1528 1303 nostrum
1561 1236 1787 1320 quotidianum
1819 1236 1912 1301 nobis
1945 1235 2016 1302 dari
2048 1239 2199 1321 petimus,

184 1327 418 1392 incitationem
445 1327 524 1391 satis
551 1334 649 1405 esset,
679 1334 717 1390 ut
743 1328 884 1409 optimae
911 1325 1079 1390 interdurn
1099 1346 1172 1390 ora-
1223 1325 1354 1389 tametsi
1379 1330 1530 1407 optamus
1558 1322 1643 1406 quod
1675 1329 1726 1388 est
1758 1323 1861 1387 nostri
1888 1322 2061 1402 commodi,
2088 1335 2201 1389 tamen

195 1413 300 1476 tiones
323 1433 401 1476 voce
423 1420 558 1476 careant
577 1432 641 1494 quo
663 1412 759 1477 modo
784 1413 820 1476 in
844 1410 993 1494 exemplo
1014 1412 1118 1477 Mosis
1140 1419 1173 1475 ιι
1225 1410 1278 1475 hic
1300 1431 1427 1493 quoque
1448 1410 1513 1475 Dei
1540 1409 1679 1494 gloriam
1706 1429 1862 1491 quaerere
1888 1410 2081 1492 praesertim
2103 1409 2200 1475 debe-

194 1497 338 1562 Hannae
361 1506 527 1579 spectatur
549 1497 668 1582 (Exod.
691 1503 738 1562 14.
766 1496 891 1563 lSam.
913 1496 956 1596 1).
1224 1517 1311 1560 mus:
1336 1502 1374 1560 ut
1391 1518 1437 1560 -ne
1459 1495 1592 1579 petituri
1614 1493 1745 1577 quidem
1767 1495 1878 1574 simus,
1901 1494 1966 1559 nisi
1987 1496 2023 1558 in
2044 1496 2109 1560 Dei
2130 1494 2200 1578 glo-

280 1583 380 1647 Nunc
403 1584 521 1650 certior
542 1583 658 1648 orandi
674 1605 743 1648 11011
759 1583 859 1649 modo
876 1590 968 1659 ratio,
991 1581 1048 1648 sed
1067 1584 1173 1648 forma
1223 1582 1308 1646 riam
1327 1588 1478 1647 verteret

79 1740 82 1745 ,
196 1689 323 1752 quoque
344 1670 416 1750 ipsa
438 1667 592 1734 discenda
613 1677 671 1734 ιιι
703 1670 756 1734 Ea
777 1669 908 1747 scilicet,
930 1690 1029 1751 quam
1047 1691 1105 1751 per
1123 1668 1172 1733 di·

195 1754 318 1820 lectum
344 1754 450 1818 filium
482 1775 580 1819 suum
614 1757 708 1822 nobis
735 1756 882 1821 eoelestis
914 1762 1007 1839 pater
1038 1754 1173 1819 tradidit

195 1840 253 1905 ubi
272 1841 468 1904 immensam
494 1840 674 1905 bonitatem
696 1863 733 1907 ac
761 1839 1048 1905 mansuetudinem
1070 1862 1171 1924 agno-
1343 1827 1477 1910 Pater
1506 1838 1652 1910 noster
1683 1826 1758 1937 qui
1788 1855 1834 1919 es
1865 1825 1909 1908 in
1940 1825 2078 1909 006118.

195 1946 286 1991 scere
307 1925 384 1990 licet
411 1925 545 2008 (Matth.
566 1931 594 1991 6.
617 1927 699 1992 Luc.
721 1925 785 2011 11).
829 1927 917 1993 Nam
943 1933 1171 2010 praeterquam
1856 1964 1859 1971 ‚

195 2010 282 2094 quod
304 2032 364 2075 nos
384 2025 496 2075 monet
517 2021 614 2095 atque
634 2013 799 2092 hortatur,
828 2019 868 2077 ut
887 2034 922 2078 se
943 2013 979 2075 in
1000 2013 1089 2076 omni
1111 2033 1170 2077 110-
1310 2010 1476 2088 Ρ1111111111,
1509 2011 1545 2075 111
1572 2012 1642 2093 ipsc
1674 2011 1788 2077 limine
1813 2012 1955 2076 occurrit
1985 2010 2072 2094 quod
2103 2017 2201 2076 antea

195 2107 265 2161 stra
286 2097 479 2162 necessitate
500 2119 710 2180 quaeramus,
739 2105 778 2163 ut
798 2098 857 2163 filii
879 2099 915 2163 in
935 2105 1111 2181 parentum
1132 2098 1171 2162 fi·
1224 2096 1380 2161 diximus:
1404 2117 1536 2160 omnem
1558 2118 1578 2161 a
1601 2098 1695 2162 nobis
1716 2098 1896 2162 orationem
1918 2098 2029 2162 offerri
2049 2097 2122 2161 Deo
2144 2096 2200 2160 de-

195 2181 271 2246 dem
293 2183 468 2265 confugere
495 2183 614 2262 solent,
635 2185 790 2266 quoniam
810 2183 957 2262 videbat,
979 2205 1022 2249 ne
1044 2183 1078 2248 id
1100 2185 1171 2266 qui·
1223 2183 1301 2247 bere
1321 2183 1357 2245 in
1379 2179 1505 2246 Christi
1526 2183 1673 2262 nomine,
1701 2183 1853 2247 utnulla
1874 2183 1946 2248 alio
1958 2184 2091 2248 nomine
2113 2204 2201 2248 com-

172 2266 271 2332 ·dem
299 2268 379 2332 satis
408 2289 468 2332 nos
496 2270 693 2352 perspicere,
722 2290 821 2353 quam
843 2277 985 2354 angusta
1007 2277 1093 2334 esset
1113 2289 1172 2334 no-
1224 2266 1373 2332 mendari
1399 2267 1447 2331 illi
1474 2275 1588 2351 potest
1632 2267 1720 2333 Nam
1742 2289 1785 2333 ex
1807 2289 1870 2351 quo
1896 2275 2024 2352 patrem
2046 2289 2201 2334 vocamus

195 2361 265 2419 stra
284 2361 473 2436 paupertas,
503 2354 582 2437 quid
603 2376 745 2438 aequum
764 2354 945 2437 postulare,
972 2355 1051 2437 q'uid
1073 2356 1173 2420 etiarn
1223 2353 1349 2432 Deum,
1381 2374 1504 2418 nomen
1536 2360 1624 2419 certe
1657 2353 1783 2418 Christi
1814 2355 2068 2437 praetendimus.
2124 2353 2202 2435 Qua

195 2461 215 2503 e
242 2459 278 2503 re
304 2446 416 2503 nostra
443 2447 543 2519 esset,
574 2441 651 2506 huic
680 2442 779 2506 etiam
806 2448 938 2505 nostrae
966 2442 1173 2524 ignorantiae
1225 2441 1314 2504 enim
1334 2438 1455 2505 fiducia
1474 2439 1585 2504 Deum
1613 2439 1730 2522 aliquis
1756 2447 1884 2521 patrem
1904 2442 2105 2519 nominaret,
2128 2440 2201 2522 quis

195 2526 349 2603 occurrit,
379 2533 413 2588 et
438 2525 525 2607 quod
551 2527 661 2609 captui
685 2532 798 2592 nostro
823 2525 935 2591 deerat
961 2525 1001 2591 de
1022 2547 1082 2591 suo
1103 2527 1173 2610 ipse
1225 2525 1290 2590 huc
1312 2525 1505 2590 temeritatis
1531 2533 1759 2608 prorumperet
1778 2532 1817 2589 ut
1843 2525 1904 2590 sibi
1926 2526 2084 2592 honorem
2103 2548 2201 2590 usur·

195 2609 361 2692 supplevit
386 2632 424 2676 ae
451 2612 587 2677 suffecit
644 2610 847 2693 Conscripsit
873 2613 962 2676 enim
989 2613 1083 2677 nobis
1107 2613 1172 2678 for·
1225 2617 1319 2694 paret
1339 2611 1399 2675 filii
1419 2610 1498 2689 Dei,
1525 2612 1597 2676 nisi
1616 2613 1651 2676 in
1679 2610 1811 2676 Christo
1834 2610 1977 2694 adoptati
1999 2633 2144 2676 essemus
2164 2612 2201 2676 in

131 2697 134 2700 ⁴
194 2695 336 2773 mulam,
363 2717 428 2779 qua
450 2697 541 2762 velut
565 2699 601 2761 in
629 2697 743 2763 tabula
763 2698 945 2780 proposuit,
974 2697 1131 2781 quidquid
1153 2720 1174 2762 a
1224 2696 1309 2761 filios
1337 2695 1485 2780 gratiae?
1537 2695 1603 2778 Qui
1630 2719 1705 2764 cum
1735 2719 1833 2762 verus
1855 2698 1898 2761 sit
1918 2696 2020 2776 filius,
2050 2697 2143 2763 nobis
2164 2697 2201 2760 in

195 2803 231 2848 ιι
253 2788 405 2863 expetere
432 2783 523 2861 licet,
552 2783 710 2867 quidquid
731 2784 768 2848 in
789 2804 859 2848 rem
881 2791 1028 2853 nostram
1050 2784 1173 2849 condu-
1225 2783 1361 2847 fratrem
1382 2783 1423 2848 ab
1443 2783 1513 2865 ipsc
1536 2783 1631 2848 datis
1653 2789 1711 2862 est,
1734 2792 1772 2847 ut
1792 2782 1879 2866 quod
1899 2789 2019 2848 natura
2040 2784 2109 2866 ipse
2125 2803 2201 2865 pro-

111 2921 116 2928 .
195 2868 253 2945 cit,
287 2866 444 2950 quidquid
475 2868 639 2952 postulare
668 2891 800 2934 necesse
827 2876 884 2934 est.
935 2870 989 2934 Ex
1016 2890 1082 2951 qua
1103 2871 1173 2936 eius
1225 2869 1335 2950 prium
1363 2868 1476 2946 habet,
1505 2868 1686 2951 adeptionis
1714 2869 1870 2934 beneficio
1896 2876 2046 2934 nostrum
2071 2869 2144 2946 fiat,
2173 2867 2202 2932 si

194 2953 397 3036 benignitate
424 2975 583 3038 magnum
610 2955 838 3020 consolationis
864 2956 1008 3020 fructum
1034 2956 1173 3038 percipi·
1224 2960 1353 3018 tantam
1371 2955 1619 3019 beneficentiam
1636 2963 1725 3020 ce1ta
1734 2953 1799 3019 fide
1812 2954 2046 3038 amplectimur.
2077 2952 2201 3035 Quem·

194 3060 270 3104 mus
277 3063 285 3118 ;
313 3038 399 3122 quod
420 3040 504 3104 nihil
529 3040 721 3117 absurdum,
753 3040 836 3105 nihil
859 3041 1004 3105 alienum
1026 3049 1084 3106 aut
1110 3043 1173 3105 im·
1226 3038 1402 3104 admodum
1429 3039 1571 3105 Ioannes
1598 3040 1656 3105 ait:
1696 3040 1807 3105 datam
1833 3061 1904 3106 esse
1936 3047 2131 3125 potestatem
2161 3041 2201 3104 iis

193 3135 388 3208 pcrtunum,
417 3125 501 3189 nihil
530 3126 669 3208 denique
696 3148 764 3190 11011
791 3127 838 3191 illi
866 3136 1036 3208 acceptum
1061 3134 1173 3209 postu·
1226 3126 1282 3207 qui
1309 3125 1449 3190 credunt
1480 3127 1515 3189 111
1548 3146 1669 3191 nemen
1696 3127 1858 3211 unigeniti
1884 3127 1944 3191 filii
1970 3128 2049 3206 Dei,
2079 3133 2117 3191 ut
2142 3126 2201 3190 filii

94 3284 100 3295 Ι
192 3210 265 3276 lare
290 3233 350 3276 uos
378 3211 607 3295 intelligimus,
635 3213 692 3294 qui
718 3233 821 3294 paene
844 3234 884 3277 ex
908 3213 978 3277 eius
999 3235 1055 3277 ore
1076 3234 1172 3296 rega-
1226 3211 1291 3275 Dei
1318 3212 1381 3292 ipsi
1401 3232 1528 3294 quoque
1553 3213 1637 3277 fiant
1659 3210 1764 3296 (Ioan.
1786 3210 1828 3297 1).
1878 3212 1994 3296 Itaque
2016 3221 2050 3277 et
2075 3218 2202 3296 patrem
2296 3280 2302 3297 Ι

193 3317 278 3360 mus.
322 3297 416 3363 Haec
438 3297 554 3362 orandi
575 3319 633 3362 seu
660 3299 778 3377 forma,
801 3320 859 3364 seu
880 3298 1011 3382 regula,
1035 3321 1094 3363 sex
1115 3320 1176 3381 pos
1226 3318 1261 3362 se
1282 3304 1432 3361 nostrum
1451 3318 1471 3361 a
1493 3296 1601 3379 pellat,
1623 3299 1719 3364 etsie
1739 3320 1760 3363 a
1776 3297 1870 3362 nobis
1886 3300 1996 3365 vocari
2014 3299 2093 3364 vult.
2127 3297 2201 3362 Hac

193 3382 363 3448 titionibus
384 3384 560 3448 constituta
582 3390 640 3448 est
685 3384 781 3459 Nam,
804 3385 909 3449 neiis
931 3383 1092 3462 accedam,
1116 3385 1173 3466 qui
1225 3318 1643 3469 tanta[p.176fn0minis
1669 3384 1831 3449 suavitate
1852 3385 1941 3448 omni
1968 3405 2029 3448 nos
2050 3382 2200 3447 diffiden-

193 3476 321 3550 septem
338 3469 498 3551 capitibus
517 3467 733 3552 distinguunt,
752 3471 830 3534 facit
840 3469 926 3551 quod
938 3469 1025 3551 apud
1039 3468 1079 3556 [p.
1094 3467 1169 3556 174]
1224 3470 1271 3533 tia
1293 3469 1455 3547 eximens,
1484 3467 1614 3552 quando
1641 3470 1753 3536 nullus
1781 3469 1858 3534 alibi
1883 3471 1988 3533 maior
2010 3469 2130 3533 amoris
2153 3467 2200 3532 af·

192 3553 323 3620 Lucam
352 3576 411 3619 sex
432 3553 595 3618 duntaxat
614 3555 784 3638 legtmtur,
813 3557 870 3638 qui
891 3577 970 3620 sane
991 3557 1172 3621 orationem
1224 3555 1342 3633 lectus,
1370 3576 1470 3636 quam
1497 3556 1533 3619 in
1559 3563 1652 3638 patre
1679 3556 1815 3638 reperiri
1840 3556 1950 3638 possit.
1995 3554 2103 3636 Ipsius
2123 3573 2201 3620 vero

192 3661 348 3704 mancam
369 3662 436 3704 11011
463 3640 659 3723 rehquisset;
686 3648 725 3705 ut
748 3642 814 3706 iam
836 3640 922 3723 quod
943 3642 1080 3723 septimo
1102 3641 1171 3706 loco
1224 3641 1343 3705 caritas
1373 3647 1465 3706 tanto
1497 3662 1576 3724 ergo
1607 3662 1667 3706 nos
1700 3642 1804 3707 maior
1839 3642 2120 3724 praestantiorque
2152 3645 2203 3704 est

193 3725 281 3808 apud
302 3725 511 3790 Matthaeum
532 3725 681 3791 additum
701 3733 763 3806 est,
794 3728 958 3811 exegetica
980 3727 1023 3792 ad
1044 3735 1172 3792 sextam
1224 3727 1314 3789 omni
1351 3733 1525 3808 parentum
1564 3734 1751 3792 nostrorum
1788 3727 1937 3807 caritate,
1976 3735 2099 3809 quanto
2130 3726 2201 3808 ipse

191 3813 384 3896 petitionem
412 3810 620 3876 referendum
643 3813 693 3877 sit
738 3812 780 3876 In
807 3812 859 3877 hia
879 3821 989 3876 autern
1011 3814 1170 3892 omnibus,
1224 3832 1338 3877 omnes
1355 3812 1504 3877 homines
1521 3813 1666 3878 bonitate
1687 3833 1725 3879 ac
1742 3811 1963 3891 misericordia
1980 3820 2120 3895 superat.
2153 3811 2202 3877 Ut

169 3898 325 3962 tametsi
346 3897 468 3981 gloriae
488 3898 551 3962 Dei
572 3898 655 3962 ratio
672 3899 832 3980 imprimis
850 3897 1001 3963 habenda
1018 3905 1076 3977 est,
1098 3921 1172 3963 rur-
1224 3898 1266 3977 si,
1295 3902 1453 3979 quotquot
1478 3899 1514 3961 in
1545 3906 1635 3962 terra
1665 3905 1746 3963 sunt
1769 3906 1894 3981 putres,
1926 3900 2016 3963 omni
2044 3905 2201 3981 paternae

193 4005 270 4049 sum
291 3984 421 4048 tametsi
443 4004 557 4047 omnes
577 3984 614 4046 in
635 4004 707 4048 rem
728 3991 875 4048 nostram
897 3990 983 4062 sunt,
1007 3993 1104 4067 atque
1124 3985 1172 4050 ita
1224 3983 1353 4065 pietatis
1379 4003 1480 4048 sensu
1507 3984 1612 4063 exuti,
1641 3983 1726 4048 filios
1751 3982 1973 4065 destituerint,
2004 3986 2075 4067 ipse
2107 3984 2201 4049 nobis

193 4071 326 4134 evenire
348 4078 386 4132 ut
406 4069 548 4151 petimus
569 4068 709 4151 expedit,
732 4071 856 4151 priores
878 4077 989 4134 tamen
1012 4078 1088 4149 tres,
1106 4070 1171 4135 Dei
1223 4089 1394 4150 nunquam
1423 4067 1595 4133 defuturus
1623 4070 1680 4149 sit,
1715 4071 1870 4154 queniam
1902 4072 2046 4154 seipsum
2079 4089 2228 4153 negare¹

192 4155 316 4238 gloriae
338 4155 546 4236 peculiariter
567 4154 748 4220 destinatae
769 4162 861 4220 sunt:
890 4176 989 4238 quam
1010 4156 1113 4220 selam
1134 4157 1171 4220 in
1223 4174 1291 4217 11011
1312 4161 1426 4236 potest
1461 4154 1633 4220 Habemus
1650 4157 1744 4220 'enim
1766 4157 1837 4222 eius
1857 4157 2068 4238 promissum:
2092 4157 2121 4221 si
2142 4174 2201 4221 vos

191 4239 259 4305 illis
285 4241 408 4304 intueri
434 4261 494 4305 11οι
516 4248 656 4322 oportet,
684 4240 786 4305 nullo·
802 4241 963 4306 commodi
984 4243 1105 4319 nostri,
1133 4251 1172 4305 ut
1223 4261 1300 4306 cum
1321 4240 1399 4304 mali
1422 4241 1501 4320 sitis,
1524 4242 1627 4307 nostis
1648 4244 1735 4307 bona
1756 4241 1835 4307 dare
1852 4241 1928 4306 filiis
1946 4243 2072 4320 vestris,
2096 4260 2200 4323 quan·

192 4327 295 4405 aiunt,
318 4334 477 4408 respectu.
512 4326 593 4392 'lhos
615 4326 767 4409 rehquae,
786 4329 890 4392 nostri
907 4338 1021 4392 cur'am
1039 4337 1168 4412 gerunt,
1223 4333 1256 4390 tc
1281 4326 1388 4410 magis
1409 4333 1504 4408 pater
1529 4334 1639 4393 vester
1657 4329 1771 4412 quiin
1797 4327 1894 4394 ιοι11ι
1915 4334 1966 4393 ιιι
1987 4327 2120 4413 (Μιιι11.
2141 4321 2199 4409 7)’1

191 4432 231 4477 ac
250 4413 380 4494 proprie
401 4413 441 4476 iis
464 4433 547 4495 quae
574 4433 616 4476 ex
641 4434 704 4477 usu
726 4420 837 4477 nestro
866 4420 944 4478 sunt
966 4411 1170 4495 postulandis
1223 4410 1321 4492 Quod
1342 4412 1370 4476 si
1392 4411 1452 4476 filii
1473 4413 1543 4478 eius
1565 4434 1688 4492 sumus,
1711 4421 1750 4478 ut
1769 4413 1858 4479 filius
1879 4413 1914 4477 in
1936 4412 2035 4478 fidem
2052 4408 2200 4475 extranei

161 4504 272 4562 ‘sunt
299 4498 492 4581 assignatae.
542 4497 591 4564 Ut
622 4520 699 4563 cum
730 4518 852 4562 nomen
878 4498 943 4563 Dei
974 4499 1170 4564 sanctificari
1223 4498 1384 4580 alienique
1406 4497 1549 4564 hominis
1570 4520 1605 4564 ιι
1627 4499 1775 4565 conferre
1796 4521 1863 4565 non
1884 4505 1998 4581 potest,
2021 4498 2085 4562 nisi
2101 4493 2200 4561 simul

190 4584 348 4667 petimus,
373 4583 458 4647 nihil
479 4591 551 4647 tum
573 4582 613 4654 de
635 4590 747 4648 nostro
769 4583 937 4649 commodo
960 4582 1170 4667 cogitandum
1223 4582 1263 4648 de
1284 4584 1388 4666 patris
1403 4583 1456 4649 vel
1475 4584 1619 4664 saevitia,
1642 4585 1695 4652 vel
1716 4587 1827 4668 inopia
1844 4590 2007 4666 queratur,
2028 4583 2075 4646 ita
2092 4582 2199 4647 aliun-

191 4676 250 4749 est,
274 4669 331 4734 sed
354 4669 424 4735 eius
446 4669 551 4752 gloria
571 4669 665 4736 nobis
684 4668 895 4752 proponenda
917 4677 974 4748 ιιι,
997 4691 1096 4752 quam
1118 4671 1170 4733 in-
1223 4667 1263 4734 de
1285 4668 1430 4735 subsidia
1455 4690 1555 4751 quam
1583 4671 1624 4735 ab
1652 4672 1722 4752 ipso
1744 4692 1900 4754 quaerere
1921 4690 1989 4733 11011
2015 4689 2198 4751 possumus,

191 4757 292 4821 tentis
313 4755 415 4821 oculis
442 4775 545 4819 unam
565 4755 769 4835 intueamur,
798 4774 860 4819 nec
882 4755 977 4820 aliter
998 4757 1034 4820 in
1055 4756 1170 4820 huius·
1222 4756 1287 4820 nisi
1314 4755 1511 4838 exprobrata
1542 4755 1590 4820 illi
1618 4764 1762 4841 egestate
1790 4778 1828 4822 ac
1854 4754 2047 4821 facultatum
2079 4755 2197 4837 inopia,

189 4841 278 4907 modi
300 4840 450 4924 precibus
473 4840 581 4906 affecti
602 4862 672 4906 esse
694 4840 858 4907 debemus.
892 4841 1001 4924 Atque
1019 4840 1081 4906 hoc
1098 4842 1170 4923 qui-
1222 4839 1277 4905 vel
1304 4840 1440 4906 saevitia
1454 4850 1458 4865 ‘
1474 4842 1640 4924 nimiaque
1668 4842 1864 4908 austeritate.
1914 4840 1983 4904 Nec
2014 4861 2197 4920 causemur,

66 4994 76 5014 ,
191 4926 266 4992 dem
298 4929 408 5011 ipsum
439 4927 533 4991 nobis
570 4927 606 4990 in
644 4949 804 5011 magnum
836 4926 1042 4992 commodum
1075 4926 1169 5006 cedit,
1223 4946 1283 4990 nos
1315 4927 1432 4991 merito
1465 4924 1597 4992 timidos
1631 4926 1723 4992 reddi
1754 4932 1961 5010 peccatorum
1991 4927 2198 5007 conscientia,

190 5013 276 5096 quod
298 5013 378 5078 dum
400 5014 446 5076 ita
467 5021 505 5076 ut
525 5013 667 5095 petimus
685 5014 916 5092 sanctificatur,
936 5015 977 5078 fit
993 5013 1093 5078 etiam
1110 5033 1170 5076 no-
1223 5031 1306 5094 quae
1333 5019 1475 5094 patrem,
1508 5013 1657 5095 quamvis
1683 5013 1806 5077 bonum
1834 5032 1872 5076 ac
1898 5019 2121 5091 mansuetam,
2149 5019 2199 5077 ta

190 5105 259 5165 stra
280 5099 501 5165 sanctificatio.
537 5095 605 5163 Sed
627 5098 669 5164 ad
687 5097 875 5164 huiusmodi
892 5098 1067 5164 utilitatem
1085 5097 1169 5164 oculi
1222 5118 1301 5161 men
1322 5096 1415 5162 nobis
1437 5098 1599 5164 offensum
1620 5097 1829 5164 reddiderint
1873 5096 1962 5162 Nam
1983 5098 2011 5162 si
2031 5099 2119 5162 inter
2140 5097 2200 5163 ho-

189 5186 363 5264 nestri„ut
385 5183 509 5248 dictum
530 5192 594 5264 est,
616 5185 708 5250 velut
728 5185 891 5250 caecutire
912 5182 1046 5263 debent,
1069 5205 1111 5249 ne
1133 5184 1170 5248 in
1222 5183 1328 5248 mines
1360 5181 1453 5247 nullo
1485 5183 1619 5249 meliore
1650 5190 1788 5266 patrono
1816 5203 1950 5248 causam
1987 5205 2081 5249 suam
2113 5183 2200 5267 apud

187 5270 296 5354 ipsam
316 5268 501 5334 ullomodo
528 5271 713 5353 respiciant
758 5269 805 5337 Ut
826 5271 854 5336 si
876 5272 982 5336 omnis
1005 5290 1080 5354 spes
1100 5270 1169 5354 pri·
1222 5275 1350 5353 patrem
1376 5267 1465 5335 filius
1487 5289 1585 5354 agere
1606 5276 1726 5352 potest,
1753 5267 1845 5334 nullo
1864 5268 1998 5335 meliore
2023 5271 2200 5354 interprete
