4732 6030
177 351 238 414 666
462 391 466 404 .
544 405 548 417 ,
718 347 936 416 6666116
961 348 1053 434 an)
1096 345 1311 416 66666616
1331 344 1627 415 6666666616.
2110 332 2218 451 666Ι

174 461 286 530 6196,
306 460 408 516 (6196.

175 536 256 620 qood
287 536 396 600 nullus
402 446 474 599 ]ibi
503 536 685 616 adfuerit
671 555 707 600 66
732 535 844 618 priene
875 536 1062 618 defensione,
1094 535 1149 600 sed
1198 537 1298 601 saneti
1318 535 1466 616 episcopi,
1494 494 1618 601 sedilus
1638 535 1707 599 suis
1723 534 1828 616 pulsi,
1859 533 1934 599 illuc
1954 556 2000 615 66,
2028 536 2174 603 tolutim

175 641 278 688 666666
310 642 379 686 eum
412 620 635 701 dereliquerint.
686 620 747 688 Ubi
779 626 851 684 tuuc
882 623 979 704 696666
1013 621 1150 685 Petrus?
1200 623 1321 704 asylum
1343 626 1398 685 aut
1418 625 1547 702 portum
1568 621 1735 702 quendam,
1757 640 1848 718 saepe
1868 587 2042 702 6666966666.
2087 622 2175 688 Nam

176 708 263 773 Nam
285 708 316 772 si
338 706 456 772 Romae
474 707 575 788 fuisse
596 707 692 786 66666,
712 712 860 788 quantam
880 707 959 771 illi
945 708 1149 790 6966666666
1199 727 1258 790 quo
1290 707 1397 771 minus
1428 712 1516 770 acuto
1547 713 1575 772 et
1601 706 1690 770 celeri
1721 706 1842 788 6696666
1874 710 1947 770 suut
1979 708 2175 774 mddcutales

174 794 276 859 inurit
298 791 436 871 Paulus,
457 793 537 872 qnod
558 793 690 857 desertor
709 794 806 873 fucrit
826 793 999 875 coeuqelii?
1042 792 1149 873 Siqui-
1200 793 1355 857 Asiaticis
1375 796 1403 855 et
1422 792 1534 873 Afris,
1556 813 1589 857 ee
1610 793 1704 856 etiam
1725 795 1798 856 sunt
1819 811 1925 856 rerum
1945 812 2095 856 novarum
2116 795 2174 858 mu

174 880 243 946 dom
271 878 309 942 de
329 877 471 958 fidelibus
492 878 642 958 loquitur:
669 879 745 958 quie
771 878 942 960 6666666966,
972 876 1061 942 Deus
1082 877 1149 942 illis
1199 899 1260 943 nus
1297 877 1412 958 cupidi.
1478 877 1546 942 Hoc
1593 897 1662 958 6696
1706 896 1852 942 66666666
1895 878 2035 943 ecclesiae
2071 878 2175 958 96666-

174 964 789 1114 fflmiwtghhhtLPetduuffihtichhslane}
808 963 1148 1130 doloshermqoptdihrhw
1198 984 1386 1132 mtedipeiibusm
1322 963 1673 1114 milhmam&
1699 963 2175 1129 96666666660666166666666
2215 1073 2217 1082 ¹

173 1136 355 1216 utensque
372 1135 414 1199 od
434 1140 561 1199 66666666
582 1135 737 1199 eeclesiam
759 1135 847 1199 666666
865 1133 1058 1217 9666666666.
1102 1133 1148 1198 At
1199 1135 1291 1200 666666
1311 1134 1445 1199 traditae
1463 1136 1526 1217 fuit
1551 1135 1627 1199 aliis
1648 1133 1788 1198 erunibus
1810 1135 1959 1214 uncum
1980 1136 2174 1215 quomadmo-

174 1221 255 1285 inter
275 1221 362 1302 ipsos
378 1221 541 1300 scriptores
558 1241 618 1284 nen
635 1225 757 1300 constat,
780 1221 859 1301 quis
866 1221 962 1300 fuerit
978 1238 1147 1296 666666666;
1198 1223 1274 1286 dum
1300 1220 1412 1285 melius
1437 1221 1543 1284 statim
1565 1219 1795 1300 explicabimus.
1839 1219 1925 1298 Has,
1948 1222 2089 1301 inquom,
2111 1227 2173 1286 tres

174 1307 251 1387 quia
272 1306 332 1370 alii
354 1305 487 1384 Inuum,
516 1306 574 1370 alii
596 1305 777 1370 Clementem
796 1307 924 1387 faciunt.
968 1304 1013 1369 Et
1032 1304 1148 1369 multas
1198 1307 1234 1373 eb
1255 1325 1368 1371 666666
1387 1326 1448 1370 neri
1468 1305 1593 1389 6669666
1613 1306 1648 1369 66
1669 1306 1780 1371 tenere
1800 1304 1905 1370 habita
1923 1306 1995 1387 fuit,
2017 1310 2044 1370 et
2065 1306 2173 1373 6666666

175 1391 329 1457 absurdas
348 1391 474 1472 fabulis
494 1396 627 1455 6666666
647 1393 684 1455 de
705 1391 909 1472 disputatione
930 1390 1017 1454 inter
1030 1410 1101 1455 eum
1121 1394 1149 1455 66
1192 1392 1368 1474 praeclaris
1389 1395 1522 1456 66666666
1543 1391 1724 1456 testimoniis
1745 1391 1960 1456 commendata.

177 1476 333 1576 Simonem
352 1497 478 1575 6669666
498 1477 612 1541 habita.
655 1476 799 1558 Denique
825 1496 875 1541 res
896 1475 984 1540 illius
1005 1476 1148 1557 temporis
1287 1482 1356 1542 104.
1408 1478 1523 1543 Verum
1549 1496 1645 1558 quum
1663 1477 1837 1574 9666666666
1859 1478 1947 1555 inde,
1970 1481 2173 1543 6666666666

174 1564 221 1628 ita
242 1568 316 1627 snut
335 1563 513 1643 epimonem
534 1564 681 1627 666666666
701 1563 882 1644 implicitae,
904 1567 939 1626 ut
959 1582 1021 1627 nen
1041 1566 1149 1626 temere
1198 1565 1233 1628 iu
1258 1562 1342 1628 alias
1368 1563 1510 1629 molesios
1536 1567 1715 1644 potestaten
1736 1563 1765 1626 ei
1791 1567 1929 1627 ostensore
1949 1561 2052 1626 vehent
2072 1563 2171 1627 nostri

100 1682 104 1695 =
174 1647 348 1713 adhibenda
368 1649 411 1712 sit
429 1649 516 1729 666666,
538 1647 591 1712 ubi
613 1648 736 1728 aliquid
756 1649 906 1729 seriptum
928 1647 1066 1730 leqimus.
1101 1645 1148 1711 m
1199 1649 1383 1727 adversarii,
1404 1647 1844 1746 rememorandum,
1865 1649 1994 1728 faciunt.
2030 1648 2119 1729 Quod
2137 1651 2174 1713 ut
2204 1662 2208 1670 '

175 1739 275 1798 tamen
294 1739 420 1814 prepter
440 1732 520 1798 hunc
545 1735 730 1813 scriptorium
751 1753 943 1812 consensum,
964 1753 1026 1797 uon
1041 1752 1148 1815 96966
1199 1735 1310 1799 melius
1330 1740 1439 1799 constet
1438 1736 1606 1816 ,primum
1626 1734 1754 1800 brevite
1774 1697 1930 1798 ostchdonn
1949 1734 2026 1814 quid
2046 1733 2083 1798 de
2104 1733 2170 1813 hac,

174 1820 251 1901 quin
271 1818 337 1883 illio
356 1805 495 1882 6666666666
514 1819 626 1899 fuerit;
654 1820 708 1883 sed
728 1820 903 1900 6966669666
922 1782 1037 1900 666666,
1054 1837 1148 1898 pree
1199 1841 1294 1903 quam
1313 1824 1468 1901 tantopere
1488 1824 1610 1902 urqent,
1632 1821 1749 1883 rcriitcte
1768 1820 1919 1883 senserint
1938 1823 2056 1883 6666666.
2095 1817 2172 1884 Η66-

174 1906 280 1970 sertim
310 1904 395 1986 66696
421 1910 566 1984 tempere,
596 1905 783 1984 persuaderi
810 1924 931 1984 nequeo.
982 1904 1089 1985 Neque
1113 1904 1148 1968 id
1198 1926 1347 1987 66696666
1377 1906 1420 1969 ad
1453 1869 1676 1986 Nepotian’mn,
1708 1909 1874 1985 postquam
1907 1904 2006 1968 multa
2040 1905 2172 1969 unitatis
2195 1974 2198 1981 ,

174 1991 268 2056 etiam
293 1990 426 2053 multum
452 2009 569 2053 meror:
598 1990 719 2069 qnando
747 1995 874 2053 testatur
903 1989 1028 2054 Paulus
1055 1988 1145 2073 (Gal.
1199 2012 1304 2073 666669
1305 1991 1338 2055 la
1364 1991 1528 2068 recensuit,
1560 1990 1712 2055 descendit
1732 1992 1855 2055 66666666
1876 1990 1919 2055 ed
1939 1990 2173 2055 6666666666

176 2079 205 2154 2,
225 2080 252 2138 7.
272 2075 307 2159 8)
328 2074 415 2139 Petri
434 2075 636 2156 apostolatum
648 2075 850 2156 peculiariter
867 2075 910 2139 ad
928 2074 1064 2140 Iudaees
1075 2095 1148 2156 per-
1199 2076 1414 2141 hierarchiam.
1465 2074 1603 2158 Sinquli,
1647 2076 1757 2156 iuquit,
1795 2077 1993 2141 ecclesiarum
2028 2076 2172 2157 episcopi,

174 2163 284 2239 tinere,
315 2181 409 2224 66666
440 2180 510 2224 6666
542 2159 584 2223 ad
610 2180 674 2223 666.
720 2159 856 2226 Proinde
880 2161 1070 2228 nlsociotas
1090 2160 1148 2225 illa
1199 2162 1317 2245 6669666
1338 2160 1604 2244 archipresbyteri,
1632 2161 1749 2243 sinenti
1770 2161 1995 2238 archidiaconi,
2024 2161 2173 2225 66666666

174 2267 269 2327 quam
291 2245 371 2309 inter
391 2266 424 2309 se
440 2245 529 2325 pacti
549 2250 636 2323 sunt,
659 2251 730 2310 rate
752 2247 839 2326 apud
858 2266 915 2311 nos
935 2248 977 2310 sit
984 2271 994 2325 ;
1015 2248 1091 2325 ima,
1114 2251 1148 2310 ut
1198 2249 1272 2314 ordo
1292 2247 1512 2312 ecelesiasticis
1531 2247 1601 2310 suis
1619 2245 1785 2311 rectoribus
1803 2248 1922 2310 nititur.
1955 2247 2020 2311 Hic
2036 2247 2173 2327 loquitur

174 2333 306 2414 spiritns
327 2332 425 2396 sancti
451 2331 606 2395 ordinatio
625 2332 720 2412 firma
740 2333 826 2413 apud
847 2353 904 2396 nes
923 2332 1086 2411 habeatur,
1112 2332 1148 2397 66
1198 2353 1347 2399 66666666
1371 2332 1531 2414 presbyter
1537 2356 1547 2410 ;
1586 2332 1735 2396 unitatem
1767 2333 1803 2395 in
1835 2332 1942 2396 ordine
1973 2332 2172 2397 omlesiastioa

177 2417 274 2481 Pauli
301 2417 504 2496 apostolatum
530 2417 633 2500 666966
664 2438 758 2497 qnam
792 2416 880 2482 Petri
911 2418 1061 2500 respicere
1091 2437 1147 2483 nos
1198 2420 1394 2484 6666666666.
1440 2416 1505 2482 Cur
1535 2437 1597 2482 neri
1622 2422 1846 2495 commemorat,
1874 2437 1936 2480 iiico
1963 2419 2075 2499 capite,
2105 2423 2172 2482 tan-

175 2503 324 2580 6666666·
345 2503 498 2582 siqnidem
520 2503 566 2566 ita
586 2503 666 2567 inter
686 2523 737 2567 ees
751 2503 934 2585 9666666666
955 2504 1064 2568 6666666
1084 2504 1147 2583 spi
1198 2526 1293 2586 quam
1313 2504 1443 2583 6666666,
1465 2523 1568 2569 munes
1588 2504 1668 2567 inter
1688 2520 1721 2566 se
1743 2502 1883 2567 eulesms
1904 2522 1969 2566 esse
1990 2502 2172 2599 cehiqates?

175 2589 257 2652 ritus
277 2552 418 2666 scholas,
446 2593 480 2650 ut
504 2587 631 2651 Petrum
653 2586 798 2667 Iudaeis,
825 2588 913 2653 nobis
936 2588 1075 2653 Paulum
1097 2589 1147 2653 de
1200 2590 1293 2656 Nihil
1314 2595 1388 2669 erat,
1410 2554 1492 2671 qhod
1506 2589 1666 2670 praesenti
1687 2608 1799 2652 causae
1814 2588 1916 2670 666966
1937 2588 2071 2651 serviret.
2106 2588 2172 2653 Nec

174 2675 311 2738 stiuaret.
356 2673 449 2737 Nunc
469 2675 573 2771 itaque
593 2694 686 2738 666666
703 2676 879 2755 primatum
899 2674 976 2739 alibi
996 2678 1146 2755 quaerant
1197 2677 1260 2741 dici
1275 2681 1376 2758 petest
1397 2676 1543 2740 oblivione
1562 2676 1679 2773 factum
1699 2679 1734 2737 ut
1750 2674 1963 2754 praeterierit:
1985 2672 2066 2736 nihil
2086 2674 2171 2737 enim

176 2758 398 2837 Rmianenses,
424 2779 519 2840 96666
539 2760 574 2824 66
595 2759 683 2824 66666
704 2760 783 2840 Dei,
811 2760 865 2824 ubi
886 2761 1014 2824 minime
1032 2761 1146 2842 66666-
1195 2763 1316 2843 fecisset
1347 2760 1505 2839 hibernius,
1538 2762 1568 2824 si
1600 2781 1650 2825 res
1682 2779 1785 2840 passa
1815 2765 1899 2824 esset.
1955 2757 2042 2823 Vidit
2067 2759 2172 2838 itaque

172 2850 223 2909 tus
244 2845 406 2909 6666666666.
1191 2847 1303 2929 prceul
1323 2846 1425 2926 dubio,
1443 2846 1532 2911 illam
1549 2865 1614 2910 esse
1632 2866 1736 2910 aeram
1752 2846 1883 2909 unitatis
1900 2845 2057 2922 66666666,
2075 2863 2171 2940 quam

261 2929 551 2994 wulfuuine
579 2951 660 2995 nunc
692 2931 734 2995 ad
760 2891 916 2996 6666666666
942 2936 1084 3010 66666666,
1110 2937 1146 2996 nt
1199 2932 1379 3015 Cyprianus
1401 2931 1609 3030 pulcherrime
1637 2929 1780 2994 describit
1800 2930 1851 2994 his
1871 2930 1987 2995 uerbis:
2004 2930 2029 3013 ι)
2056 2929 2169 3011 696666-

168 3015 279 3096 palem
298 3035 413 3095 quoque
432 3016 488 3096 666
508 3017 576 3080 eius
597 3018 748 3099 suffraqio
775 3038 835 3082 non
862 3018 967 3081 minus
988 2981 1097 3082 6666666
1118 3021 1146 3080 et
1191 3025 1288 3100 patus
1308 3039 1391 3082 uuus
1412 3022 1469 3095 est,
1498 3018 1589 3081 ouius
1619 3039 1640 3080 a
1665 3016 1833 3114 66696666
1819 3038 1854 3080 66
1881 3016 2015 3081 solidum
2029 3035 2111 3096 pars
2131 3020 2172 3081 te·

172 3100 254 3181 falso
285 3100 444 3183 superbire
471 3106 589 3166 nostres
616 3104 826 3182 aduersarios,
855 3123 950 3184 quam
976 3102 1145 3168 6666666666
1195 3109 1301 3182 netur,·
1329 3103 1499 3167 etocclcsia
1520 3123 1587 3166 6666
1612 3107 1669 3181 666,
1697 3123 1776 3183 quae
1797 3103 1832 3165 66
1859 3101 2054 3166 multitudine
2075 3101 2171 3165 latius

174 3186 257 3250 oerbi
278 3186 351 3250 Dei.
399 3187 500 3267 Quum
528 3189 632 3268 itaque
653 3208 747 3252 suum
773 3189 853 3254 illud
874 3190 999 3253 6666666
1019 3189 1143 3265 6666666,
1196 3191 1377 3254 ineruncnto
1396 3187 1612 3269 foecunditatis
1633 3151 1820 3266 cdtenditcm
1841 3189 1987 3268 9666666666
2009 3186 2099 3251 multi
2119 3206 2171 3251 ra·
2223 3222 2234 3228 -

173 3291 233 3334 neu
254 3272 345 3335 aliter
371 3274 516 3336 conlisuri
538 3274 678 3337 ecclesiae
695 3275 844 3339 unitatem
866 3294 973 3356 posse,
999 3295 1094 3355 quam
1114 3274 1145 3338 66
1196 3276 1244 3340 dii
1264 3280 1337 3338 suut
1358 3280 1385 3339 et
1406 3275 1508 3338 lumen
1531 3294 1637 3352 66666,
1659 3278 1687 3336 et
1707 3274 1791 3338 rami
1812 3275 1934 3338 arboris
1954 3273 2053 3350 multi,
2075 3271 2170 3335 robur

173 3378 270 3420 unum
291 3359 333 3421 sit
353 3358 388 3420 in
409 3359 501 3422 terris
516 3378 695 3440 supremum
712 3365 804 3441 669666
821 3362 872 3424 cui
889 3359 1023 3424 membra
1040 3360 1145 3423 munia
1196 3366 1297 3426 666666
1317 3381 1430 3439 unum,
1458 3359 1563 3424 radice
1583 3360 1682 3424 lenaei
1706 3359 1890 3441 fundatum
1915 3362 1943 3422 66
1963 3358 2110 3436 quomedo
2132 3356 2170 3421 de

167 3449 309 3540 9666666,
331 3443 457 3525 ideaque
479 3443 652 3508 Dominum
676 3444 780 3524 Petro,
803 3445 960 3510 etdeinde
981 3445 1145 3510 successie-
1193 3448 1274 3527 fonte
1299 3465 1361 3509 une
1385 3446 1449 3509 rioi
1473 3445 1605 3527 96666666
1632 3445 1782 3524 defluunt,
1816 3451 1843 3508 66
1869 3443 2074 3508 numerositas
2101 3442 2169 3506 licet

173 3528 223 3591 nis
243 3530 312 3593 iure
332 3529 398 3592 sedi
419 3550 564 3593 romanae
585 3531 705 3595 dedisse
720 3496 904 3611 primatum,
925 3532 993 3595 ut
981 3552 1015 3594 in
1035 3551 1071 3595 ea
1092 3551 1144 3594 ns-
1195 3532 1313 3613 diffusa
1334 3532 1477 3596 videatur
1497 3531 1684 3596 6666666666
1704 3532 1808 3628 cepiae
1824 3530 1974 3628 larqitnte,
1996 3529 2103 3592 unitas
2123 3532 2169 3591 ta·

173 3634 230 3693 que
261 3615 303 3679 ad
332 3615 424 3693 finem
450 3617 598 3679 resideat:
630 3623 773 3681 asserunt
760 3618 833 3682 tid
862 3616 962 3697 fuisso
990 3616 1029 3679 ab
1054 3614 1144 3681 initio
1194 3621 1431 3682 mensurentur
1458 3618 1578 3700 6666966
1601 3618 1637 3680 66
1664 3616 1797 3698 eriqine:
1825 3617 1871 3679 sie
1892 3620 1920 3679 et
1935 3606 2079 3692 eeclesia,
2104 3612 2168 3678 Do·

173 3718 291 3780 semper
310 3699 508 3764 observatum.
556 3701 709 3781 Quoniam
730 3708 832 3766 autem
852 3703 949 3766 666666
969 3703 1144 3767 testimonia
1195 3704 1274 3767 mini
1295 3703 1361 3767 luce
1376 3703 1519 3784 perfusa,
1536 3722 1597 3784 per
1617 3706 1711 3765 totum
1731 3701 1831 3767 orbem
1845 3701 1953 3765 radios
1974 3719 2047 3764 suos
2062 3699 2168 3780 porri·

167 3805 332 3867 perperam
361 3786 549 3882 detorquent,
579 3786 633 3850 heo
656 3789 799 3867 primum
818 3789 965 3870 praefari
991 3787 1070 3867 celo,
1095 3808 1143 3852 me
1192 3790 1255 3871 96’6,·
1277 3808 1375 3852 uuum
1390 3793 1492 3853 tamen
1508 3793 1561 3865 est,
1583 3787 1663 3868 quod
1679 3785 1790 3867 ubique
1810 3787 2006 3883 diffunditur,
2029 3805 2082 3849 nec
2097 3785 2167 3849 uui-

172 3890 231 3933 nen
252 3890 376 3953 669666,
404 3872 481 3951 9666
501 3892 649 3954 maenum
676 3894 821 3939 66666666
842 3875 981 3938 ecelesiae
1002 3873 1144 3938 honorem
1194 3879 1243 3938 tas
1263 3874 1401 3955 eorporis
1419 3879 1600 3956 669666666,·
1622 3892 1727 3936 ramos
1748 3892 1821 3937 sues
1837 3894 1896 3970 per
1916 3872 2097 3936 6666666666
2117 3891 2165 3935 or-

171 3955 283 4037 ubique
303 3956 442 4037 deferam
462 3963 587 4036 6666666,
610 3966 834 4056 6666666966
854 3961 891 4024 de
912 3981 948 4023 66
970 3959 1141 4040 loquentiu.
1194 3960 1259 4023 6666
1279 3959 1426 4038 ostendit,
1450 3960 1635 4057 perfluentes
1661 3958 1795 4040 66696666·
1814 3959 1916 4036 66666;
1943 3977 2040 4021 uuum
2065 3963 2167 4021 tamen

174 4041 261 4138 Quod
281 4042 381 4106 tribus
407 4044 542 4107 inarime
569 4008 606 4108 de
627 4045 732 4108 causis
748 4046 820 4126 6666
840 4045 982 4110 arbitror.
1030 4044 1143 4125 Opinio
1194 4050 1285 4127 eaput
1311 4050 1368 4122 est,
1393 4050 1505 4109 66666
1530 4045 1628 4127 eripe,
1656 4049 1706 4108 eto.
1750 4043 1888 4108 Deinde:
1916 4043 2088 4108 6666666666
2106 4061 2168 4106 nen

170 4128 252 4190 66666
279 4127 352 4207 illa,
380 4149 459 4208 quac
480 4129 579 4193 nescio
599 4130 745 4209 mornado
764 4131 952 4210 moalnerat,
976 4131 1143 4212 fundatam
1187 4137 1287 4212 petest
1312 4150 1427 4212 sponsa
1451 4129 1583 4195 Christi:
1608 4150 1706 4194 uucm
1725 4130 1850 4194 dornmn
1877 4130 1975 4209 66666,
1999 4130 2096 4193 unius
2116 4146 2167 4190 cu-

171 4217 198 4276 66
228 4214 422 4277 constitutam
449 4235 517 4279 eam
542 4216 642 4294 fuisse
671 4215 759 4279 Petri
787 4179 973 4293 ministerii,
1005 4217 1048 4281 ad
1075 4236 1142 4281 cori·
1193 4217 1287 4281 666666
1322 4217 1513 4281 sanctitatem
1550 4221 1632 4280 casto
1665 4216 1787 4297 pedore
1818 4216 1955 4280 6666666666.
2013 4214 2107 4279 Vides
2131 4215 2167 4275 ut

88 4315 94 4324 ’
169 4297 339 4362 sitiendam
363 4301 500 4382 96666666
532 4305 559 4364 et
591 4301 785 4366 autoritatem
811 4265 990 4384 plurimum
1016 4301 1141 4367 calebat.
1195 4301 1316 4368 Christi
1341 4303 1437 4366 unius
1458 4303 1665 4383 6966696666
1685 4302 1890 4367 universalem
1909 4301 2021 4399 faciat,
2046 4299 2165 4378 quito·

170 4382 327 4464 Itaque
314 4406 349 4448 66
381 4387 528 4451 occidente
554 4387 640 4452 666666
664 4386 847 4468 apostolica,
880 4387 1006 4452 6666666
1035 4406 1139 4466 causa,
1192 4394 1256 4453 tam
1274 4386 1332 4452 snb
1358 4407 1391 4452 se
1411 4387 1567 4452 molosiam
1588 4389 1706 4468 capiat,·
1732 4387 1821 4452 illius
1842 4391 1951 4469 partes
1976 4387 2010 4450 66
2032 4382 2166 4447 solidum

169 4468 341 4533 recabatur.
384 4470 506 4536 Deinde
527 4493 622 4553 quum
650 4472 716 4536 illio
736 4477 812 4537 esset
832 4474 957 4554 caput
943 4473 1084 4553 imperii,
1114 4436 1141 4538 d
1193 4473 1231 4538 ab
1250 4472 1391 4538 omnibus
1411 4474 1506 4538 teneri
1526 4474 1623 4552 dicat,
1643 4475 1699 4570 qui
1719 4473 1776 4536 sub
1797 4472 1852 4538 heo
1872 4473 1971 4554 cupite
1989 4470 2166 4566 episcopatu

169 4554 226 4618 666
246 4557 363 4620 6666666
384 4558 526 4623 credibile
547 4563 630 4636 esset,
646 4560 890 4639 9666666666666
905 4563 971 4623 him
991 4559 1140 4637 dedeina,
1190 4560 1371 4642 fmiquutur.
1424 4558 1487 4624 Ubi
1517 4523 1694 4641 primdtus'
1710 4560 1795 4624 sedis
1820 4578 1981 4635 romanae,
2010 4556 2040 4619 si
2067 4573 2166 4634 penes

169 4644 234 4704 tum
259 4642 441 4722 prudentia,
464 4648 529 4707 tum
545 4644 678 4725 peritia,
706 4648 733 4707 et
753 4644 922 4709 multarum
943 4664 1048 4708 rerum
1069 4665 1139 4723 usu,
1195 4644 1353 4710 Christum
1372 4645 1473 4709 selum
1494 4645 1608 4727 6666966
1627 4645 1740 4710 residet
1761 4645 1961 4726 episcopatus,
1984 4662 2005 4704 6
2029 4638 2166 4722 66696666

169 4727 252 4791 ciros
279 4726 345 4791 illic
373 4747 449 4807 esse,
477 4750 571 4810 96666
598 4695 678 4794 alibi
702 4749 850 4810 usquam:
876 4730 944 4794 eius
964 4731 1012 4794 rei
1032 4695 1140 4794 6666666
1186 4750 1268 4811 9666
1295 4732 1364 4795 eius
1389 4731 1425 4795 66
1452 4730 1585 4796 solidum
1606 4731 1744 4795 tenetur?
1786 4729 1873 4794 Haec
1893 4748 1927 4792 eo
1942 4727 2108 4808 pertinent,
2128 4729 2165 4790 ut

168 4810 452 4894 habebaturrati'o,
480 4836 518 4879 ne
546 4820 574 4878 et
601 4815 689 4880 66666
716 4814 876 4892 nobilitas,
904 4815 1140 4880 daliactiam
1192 4815 1422 4898 obiterintelliq
1423 4817 1578 4895 atlector,
1606 4811 2165 4895 aciomailludquodllomanenses

169 4895 232 4961 Dei
250 4898 332 4962 dona
352 4900 446 4965 multo
467 4900 675 4966 6666666666
696 4901 841 4965 66666666
862 4900 1045 4966 6666666666.
1078 4901 1140 4965 Ae
1187 4920 1249 4982 pro
1270 4900 1405 4998 66666666
1426 4907 1454 4966 et
1475 4865 1601 4966 6666666
1622 4907 1763 4979 sumunt,
1785 4900 1823 4965 de
1843 4900 1960 4963 6666666
1981 4897 2095 4963 terreri
2115 4915 2164 4961 ea-

169 4985 257 5047 666666
277 4984 320 5048 ad
337 4984 410 5050 haec
427 4992 454 5051 et
472 4986 604 5066 66666666,
622 4987 702 5068 qued
719 5006 815 5067 quum
831 4986 993 5051 6666666666
1009 4991 1037 5050 et
1051 5006 1139 5069 9666-
1185 4986 1299 5068 pitis'
1287 5005 1322 5050 m
1342 4985 1527 5065 hierarchia,
1549 4986 1698 5052 66666666
1716 4950 1816 5067 fuisse
1830 5003 1966 5067 9666666
1988 4985 2132 5067 69666666

168 5087 220 5132 ece
240 5069 394 5149 66666666,
423 5072 583 5153 africanae
609 5074 715 5152 666666,
743 5072 849 5137 multis
875 5073 1055 5154 opinionum
1076 5072 1139 5136 dis-

167 5154 360 5220 sensionibus
380 5120 459 5221 inter
477 5163 542 5222 666
529 5158 799 5238 tumultuarentur,
820 5157 894 5223 haec
912 5158 1047 5222 sedatior
1063 5157 1139 5223 aliis

167 5241 321 5304 etmlttus
347 5241 520 5309 imbibita
537 5243 642 5325 6666666.
685 5244 739 5310 Ila
765 5207 883 5326 fddttm
903 5249 962 5325 686,
987 5248 1023 5308 nt
1037 5244 1091 5325 966
1111 5248 1146 5309 et
1258 5256 1288 5324 1)
1306 5258 1349 5312 De
1364 5258 1477 5328 simplic.
1496 5261 1609 5328 praelat.
