4770 6030
158 492 199 550 25
845 486 1077 551 EPISTULA
1100 484 1474 595 xrxctmbals.
2129 494 2170 554 26

158 699 193 742 se
216 699 403 760 pressurum
425 678 582 741 suscitare
603 677 743 741 vinculis
764 679 834 741 eius
855 676 956 760 (Phil
980 675 1022 756 l).
1067 675 1138 739 Ali·
1162 734 1167 753 ,
1189 673 1264 743 Ilei.
1284 675 1319 737 in
1338 674 1520 757 Evangelio
1535 676 1740 756 profecimus.
1761 678 1841 758 quin
1860 680 1930 742 istis
1948 680 2171 746 obtuectatori-

157 790 231 854 cubi
244 811 311 853 non
321 788 446 852 multus
457 803 529 852 crat
539 788 713 871 Evangelii
723 790 894 870 profectus.
922 785 1139 868 omnesquae
1189 787 1252 850 bus
1274 783 1316 870 [p.
1330 784 1386 871 aa]
1405 788 1474 849 utta
1491 800 1603 851 nocua
1621 789 1789 857 essemus.
1808 789 2027 871 benignitas
2044 795 2172 857 maseri-

157 923 216 965 sua
239 915 333 964 erant
354 900 568 982 quaerebant,
595 921 662 963 non
687 921 771 981 quae
791 901 865 964 Iesu
888 898 1021 964 Christi
1071 898 1138 961 Alii
1163 930 1166 993 f
1191 897 1329 975 cordiae,
1352 899 1578 973 continentiae,
1601 901 1786 981 patientiae,
1804 899 1991 971 modestiae,
2013 914 2047 965 et-
2068 905 2172 968 virtu·

157 1026 338 1077 retrorsum
367 1013 514 1085 abibant,
543 1032 641 1076 canes
672 1010 714 1074 ad
749 1013 922 1088 vomitum,
956 1008 997 1096 [p
1016 1008 1071 1096 37]
1106 1022 1166 1073 et.
1192 1010 1234 1072 tis
1257 1011 1400 1073 cuiusvis
1420 1009 1606 1091 exemplum
1628 1032 1700 1074 esse
1718 1013 1827 1092 possit
1873 1011 1941 1075 Nos
1961 1035 2041 1077 sane
2062 1015 2172 1078 Detun

115 1147 118 1150 ’
159 1147 234 1188 sues
256 1123 298 1187 ad
314 1123 524 1188 volutabrum
542 1123 613 1186 luti.
642 1122 795 1204 Plerique
807 1123 992 1186 libertatem
1004 1124 1140 1204 spiritus
1164 1192 1165 1201 χ
1191 1123 1317 1186 sincere
1342 1123 1457 1185 timere
1484 1136 1518 1185 et
1538 1122 1658 1195 colere,
1681 1145 1734 1187 res
1761 1126 1833 1205 ipsa
1860 1139 2012 1191 testatum.
2039 1126 2169 1207 quando

158 1236 329 1318 rapiebant
350 1236 385 1299 in
399 1235 564 1299 licentiam
581 1234 802 1318 earnisffhil
815 1238 843 1296 2.
869 1234 989 1298 2Petr.
1003 1235 1047 1317 2).
1081 1234 1139 1297 In·
1191 1248 1263 1296 tum
1283 1235 1361 1309 vita,
1383 1244 1454 1296 tum
1473 1244 1579 1296 morte
1600 1242 1721 1311 nostra,
1743 1257 1862 1298 nomen
1883 1237 1953 1299 eius
1975 1238 2170 1301 sanctificari

158 1348 332 1412 sinuabant
359 1369 430 1411 sese
455 1346 551 1410 multi
577 1347 697 1410 frames
718 1346 806 1417 firlsi,
836 1370 856 1409 11
882 1347 1000 1427 qrribus
1022 1345 1139 1409 deinde
1163 1430 1166 1437 Ι
1190 1346 1340 1426 petitum
1385 1346 1431 1408 Et
1451 1347 1522 1428 ipsa
1543 1345 1666 1410 invidia
1687 1362 1798 1411 coacta
1819 1360 1878 1421 oet,
1900 1348 2094 1429 quibusdam
2112 1371 2171 1413 no-

157 1462 219 1542 piis
240 1460 455 1523 imminebant
476 1458 628 1540 pericula.
667 1458 760 1522 Inter
778 1460 865 1540 ipsos
887 1459 1005 1521 tratres
1027 1459 1139 1521 variae
1162 1516 1166 1527 ,
1191 1468 1296 1520 strum
1317 1458 1522 1522 innocentiae
1543 1468 1577 1521 et
1597 1457 1702 1522 civilis
1729 1460 1927 1541 integritatis
1949 1462 2171 1527 testimenium

158 1573 414 1637 concertationes
453 1571 701 1635 suscitabantur.
754 1567 846 1650 Quid
887 1569 940 1634 hic
973 1569 1139 1651 Apostolis
1162 1570 1166 1579 ’
1190 1567 1283 1639 dum,
1316 1570 1352 1632 in
1378 1569 1496 1650 quibus
1522 1568 1557 1632 id
1584 1592 1688 1633 unmn
1708 1580 1814 1633 morte
1839 1571 2056 1654 plectebatur,
2085 1573 2171 1654 quod

158 1683 323 1768 agendmm
344 1682 436 1747 erat?
475 1684 530 1746 An
556 1704 623 1753 non
644 1682 697 1746 vel
719 1681 761 1745 ad
781 1693 910 1764 tempus
930 1680 1139 1747 dissimulan-
1190 1680 1350 1763 singulari
1370 1682 1405 1746 iu
1426 1680 1524 1745 laude
1544 1681 1732 1763 ponendum
1752 1692 1832 1746 erat.
1871 1682 1968 1764 Quod
1989 1685 2092 1767 siqui
2110 1687 2170 1750 sub

159 1795 247 1871 dnm,
270 1794 324 1858 vel
344 1814 477 1877 prorsus
497 1793 713 1858 omittendum
735 1792 821 1858 isurd
842 1792 1077 1875 Evangelium
1100 1814 1138 1857 ae
1161 1739 1167 1819 1
1189 1776 1363 1872 praetextu
1388 1792 1562 1876 Evangelii
1589 1793 1833 1858 tumultuantur
1861 1795 1989 1879 (quales
2013 1796 2172 1861 hactenus

158 1906 375 1971 deserendmn
403 1916 490 1981 erat,
515 1906 601 1988 quod
621 1916 671 1969 tot
691 1906 799 1968 litium
819 1904 976 1969 videbant
994 1926 1067 1968 esse
1087 1926 1138 1968 se·
1161 1882 1166 1985 i
1190 1902 1315 1985 aliquos
1341 1904 1376 1968 in
1402 1926 1504 1988 regno
1525 1918 1581 1968 tuo
1603 1906 1703 1969 firiaee
1725 1928 1790 1969 non
1812 1917 2013 1988 compertum
2039 1909 2114 1988 est).
2142 1911 2170 1973 si

158 2020 350 2094 minarium,
378 2027 426 2081 tot
453 2017 671 2099 periculorum
692 2018 878 2093 materiam,
900 2025 949 2080 tot
969 2015 1138 2080 scandalo-
1162 2007 1166 2037 ³
1189 2016 1246 2096 qui
1267 2016 1420 2078 vitiorum
1443 2039 1576 2080 suorum
1592 2017 1743 2082 licentiae
1762 2019 1946 2083 libertatem
1964 2022 2089 2103 gratiae
2107 2022 2170 2085 Dei

158 2153 233 2196 rum
254 2129 477 2195 occasionem?
509 2130 611 2193 Atia
633 2127 819 2193 huiuamodi
835 2129 1139 2212 angustiissuccur·
1161 2132 1166 2211 f
1188 2136 1386 2208 praetexunt
1412 2128 1540 2209 (quales
1566 2129 1747 2210 permultos
1771 2131 1877 2214 novi),
1907 2141 1985 2195 sunt
2005 2130 2110 2216 leges.
2137 2146 2172 2196 et

159 2243 262 2319 rebat,
285 2240 455 2306 Christum
482 2262 554 2306 ease
579 2240 722 2321 lapidem
742 2241 930 2305 offensionis
950 2253 985 2303 et
1010 2254 1139 2322 petram
1161 2216 1166 2321 ξ
1189 2238 1301 2320 legum
1320 2259 1454 2320 menae,
1476 2240 1594 2322 qmbus
1614 2263 1674 2323 pro
1695 2243 1821 2306 meritis
1839 2219 1985 2327 gravit&
2001 2266 2171 2308 ctvcrccan·

159 2353 315 2430 scandali,
336 2354 477 2434 positum
498 2354 534 2415 in
558 2353 688 2415 ruinam
708 2366 742 2415 et
763 2353 1033 2416 resurrectionem
1052 2350 1137 2415 mul-
1161 2370 1166 2455 )
1190 2359 1260 2425 tur,
1282 2350 1378 2413 modo
1399 2371 1442 2414 ne
1467 2351 1600 2415 interim
1620 2353 1839 2436 Evangelium
1860 2355 1925 2419 Dei
1953 2356 1994 2419 ob
2022 2355 2172 2420 melesto-

159 2472 282 2541 tcrum,
317 2478 351 2528 et
384 2465 420 2527 in
452 2464 582 2547 signum
621 2465 674 2527 cui
706 2463 982 2528 contradiceretur
1008 2463 1086 2548 (les.
1109 2467 1138 2527 8.
1162 2462 1166 2549 ξ
1190 2482 1265 2523 rum
1287 2461 1457 2525 hominum
1478 2463 1657 2544 nequitiam
1678 2465 1765 2528 male
1787 2465 1906 2529 audiat.
1952 2467 2075 2536 Habes
2097 2468 2172 2531 Rex

159 2577 304 2641 11111119.
343 2575 473 2640 111112.
516 2576 639 2640 lPetr.
663 2576 707 2658 2).
758 2572 833 2655 Qua
865 2574 985 2639 fiducia
1009 2577 1136 2653 armati,
1191 2574 1521 2655 magnificentissime,
1549 2576 1630 2639 sads
1650 2575 1763 2640 multis
1784 2579 1967 2658 expositam
1993 2578 2172 2643 calunmia·

159 2710 221 2771 per
233 2687 563 2763 omniatumultuum,
576 2686 855 2768 offensionumque
873 2685 1062 2750 discrimina
1079 2708 1137 2780 au·
1163 2744 1166 2749 ,
1191 2696 1300 2747 torum
1321 2685 1518 2749 vinulentum
1538 2687 1757 2768 iniquitatem,
1781 2710 1823 2751 ne
1845 2690 1880 2751 in
1901 2710 2015 2752 eorum
2037 2689 2171 2754 delatio-

158 2800 271 2865 dacter
298 2798 598 2883 progrediebantur.
647 2796 774 2861 Eadem
803 2808 836 2860 et
862 2819 923 2861 nos
943 2798 1138 2880 cogitatione
1190 2816 1249 2859 nes
1276 2792 1316 2881 [p.
1336 2794 1391 2882 40]
1420 2796 1507 2861 ultra
1534 2797 1667 2862 modum
1693 2798 1826 2863 credula
1854 2821 1933 2863 aure
1960 2801 2170 2882 pmpendeas,

158 2913 335 2977 sustentari
355 2911 463 2987 decet,
489 2909 619 2991 quando
646 2909 708 2974 hoc
728 2909 904 2991 Evangelii
924 2931 995 2973 asse
1022 2931 1137 2991 perpe-
1191 2928 1305 2970 vereor
1325 2910 1425 2972 etiam
1447 2931 1488 2973 ne
1510 2911 1608 2974 nimis
1628 2911 1750 2974 mulus.

157 3034 252 3088 tuum
273 3032 413 3088 testatur
429 3023 562 3091 Paulus.
585 3030 623 3084 ut
643 3022 688 3085 sit
707 3020 787 3084 odor
806 3022 921 3086 mortis
942 3022 977 3084 in
998 3030 1138 3084 mortem
1162 3063 1166 3087 ,
1276 3018 1417 3100 Quando
1437 3020 1607 3087 iam‘haec
1622 3024 1780 3104 praefatio
1801 3023 1842 3088 ad
1860 3025 1964 3088 iustae
1976 3046 2080 3107 pwue
2094 3045 2172 3106 apo·

155 3136 198 3200 iis
225 3137 281 3218 qni
308 3143 461 3216 pereum,
489 3133 569 3196 odor
589 3135 678 3197 vitae
704 3134 739 3196 in
761 3134 864 3197 vitam
890 3134 944 3211 iis,
972 3133 1028 3215 qui
1055 3132 1138 3197 salvi
1190 3131 1296 3215 legiae
1315 3132 1450 3196 modum
1471 3133 1612 3211 accedit,
1634 3156 1699 3215 qua
1720 3157 1786 3199 non
1808 3135 2028 3201 defensionem
2050 3148 2170 3215 texere,

155 3248 242 3312 fiunt
262 3246 297 3331 (2
316 3245 391 3311 Cor.
411 3246 455 3328 2).
1162 3272 1166 3317 t
1190 3241 1249 3307 sed
1271 3243 1432 3308 duntaxat
1458 3244 1501 3309 ad
1527 3247 1634 3328 ipsum
1654 3268 1772 3312 causae
1793 3248 1954 3313 audonem
1975 3248 2171 3313 audiendam

244 3357 313 3424 Sed
330 3358 372 3423 ad
387 3371 420 3422 te
439 3372 593 3433 revertor,
616 3379 636 3420 ο
658 3357 963 3440 magnanimellen
996 3357 1089 3421 Nihil
1106 3368 1138 3421 te
1190 3356 1337 3419 animuum
1358 3368 1453 3419 tuum
1478 3358 1686 3438 praemollire
1708 3358 1834 3437 studui,
1866 3382 2019 3425 aversmn
2039 3360 2171 3442 quidem

158 3469 265 3558 [pse]
277 3480 432 3534 moveant
442 3469 630 3533 vanaeillae
641 3468 829 3546 delationes,
846 3469 966 3551 quibus
981 3477 1139 3534 terrorem
1191 3489 1278 3532 nunc
1295 3475 1329 3531 et
1346 3467 1524 3532 alienatum
1540 3490 1562 3533 a
1581 3470 1684 3547 nobis,
1705 3469 1789 3534 addo
1805 3473 1905 3535 etiam
1921 3474 2170 3548 inflanrmatum,

155 3584 217 3648 tabi
234 3584 366 3647 iniicere
384 3583 534 3645 nituntur
551 3582 653 3645 nostri
670 3580 864 3644 adversarii:
887 3602 954 3644 non
971 3580 1059 3645 aliud
1077 3580 1139 3645 hoc
1163 3581 1167 3641 !
1191 3577 1248 3642 sed
1270 3579 1362 3643 cuius
1375 3581 1516 3663 gratiam
1531 3581 1720 3666 recolligere
1736 3604 1796 3647 nos
1811 3604 1906 3664 posse
1919 3581 2120 3660 confidimus,
2143 3583 2171 3646 si

155 3693 606 3777 novoEvangelio(sicenim
619 3691 800 3775 appellant)
817 3694 943 3775 capturi
959 3714 998 3758 ac
1016 3693 1138 3775 quaeri,
1163 3702 1168 3785 )
1192 3690 1278 3755 hanc
1310 3700 1458 3756 nostram
1483 3694 1734 3771 confessum,
1767 3715 1866 3776 qnam
1898 3715 1957 3776 pro
1986 3693 2172 3759 defenmoae
2258 3732 2263 3744 =

156 3808 221 3872 nisi
243 3806 439 3871 seditionum
456 3806 747 3887 opportunitatem,
765 3826 804 3870 ac
824 3806 978 3869 vitiorum
993 3805 1140 3868 omnimn
1164 3788 1168 3869 1
1192 3801 1279 3883 apud
1299 3813 1392 3867 tuam
1416 3805 1619 3869 maiestatem
1641 3827 1712 3870 esse
1733 3806 1893 3875 velumus.
1915 3805 2062 3887 placidus
2084 3827 2173 3870 corn-

155 3920 394 4001 imprmitutcnu
423 3917 537 3998 Neque
557 3918 646 3980 euim
667 3916 836 3981 divimonis
853 3917 945 3980 Deus
968 3912 1064 3981 autrlr
1080 3924 1139 3991 cst,
1165 3950 1168 3960 ·
1192 3915 1380 3996 positusque
1406 3917 1508 3979 semel
1534 3917 1661 4000 legeris
1713 3915 1775 3981 Sin
1804 3939 1882 3981 veru
1908 3918 1953 3981 ita
1981 3938 2077 3982 aures
2098 3933 2173 3983 tuas

155 4029 215 4096 sed
243 4030 348 4112 pacis,
380 4038 415 4092 et
434 4029 522 4093 filius
549 4029 614 4092 Dei
646 4050 710 4120 uon
747 4030 872 4110 peccati
903 4029 1054 4092 minister
1080 4036 1139 4111 cst,
1192 4006 1352 4107 occupaint
1382 4027 1618 4092 malevolorum
1655 4030 1796 4107 susurri,
1829 4040 1867 4093 ut
1898 4028 2009 4094 nullus
2038 4030 2172 4094 citreis

154 4143 213 4224 qui
239 4143 331 4205 venit
358 4140 400 4204 ad
422 4140 628 4206 dissolvenda
653 4161 753 4222 opera
776 4140 896 4205 diaboli
928 4140 961 4224 (l
988 4139 1062 4204 Gor.
1090 4144 1138 4202 14.
1164 4158 1168 4237 ξ
1192 4157 1252 4218 pro
1279 4159 1315 4202 se
1342 4138 1469 4203 dicendi
1497 4139 1603 4217 locus,
1631 4141 1836 4222 importamus
1862 4163 1941 4205 vero
1962 4140 2038 4204 illae
2058 4142 2171 4217 furiae,

155 4252 233 4318 Gal
254 4257 282 4316 2.
316 4253 440 4316 lIcan.
461 4250 504 4336 3).
548 4251 595 4315 Et
616 4273 676 4316 nos
704 4252 819 4316 talium
841 4250 1057 4333 cupiditatum
1076 4252 1139 4314 im·
1164 4246 1168 4307 ἒ
1192 4259 1225 4311 te
1257 4250 1465 4328 connivente,
1504 4272 1634 4334 semper
1666 4251 1822 4330 vinculis,
1854 4253 1983 4336 flagris,
2016 4252 2169 4335 equuleis,

154 4366 274 4429 memte
295 4386 496 4442 accusamur,
516 4384 656 4445 quanam
676 4386 719 4428 ne
739 4365 910 4427 minimam
931 4361 1062 4445 quidem
1084 4385 1139 4427 su·
1164 4310 1168 4411 1
1191 4362 1402 4440 sectiombus,
1435 4362 1593 4428 incendiis
1627 4364 1792 4442 saeviunt,
1827 4386 1887 4430 nos
1919 4365 2048 4448 quidem
2081 4362 2172 4426 velut

156 4478 337 4559 spicionem
358 4498 503 4558 unquam
524 4474 681 4540 dedimus.
726 4473 860 4541 Scilicet
880 4496 940 4539 nos
961 4495 1139 4557 regnorum
1163 4526 1167 4547 ,
1190 4494 1268 4537 oves
1288 4475 1478 4538 mactationi
1498 4474 1694 4553 destinatae,
1717 4475 1761 4540 ad
1781 4485 1930 4540 extrema
1950 4495 2096 4557 quaeque
2117 4496 2169 4538 re-

155 4590 375 4653 invcrsicnem
392 4587 597 4659 meditamur,
615 4608 754 4668 quorum
765 4586 858 4650 nulla
870 4608 1015 4668 unquam
1024 4587 1138 4651 factio-
1162 4578 1166 4617 ¹
1190 4583 1355 4668 digemur:
1377 4587 1424 4650 sic
1443 4594 1564 4664 tamen,
1585 4598 1625 4649 ut
1643 4588 1680 4650 in
1700 4588 1857 4669 patientia
1878 4600 1989 4651 nesus
2005 4584 2169 4668 possidea-

155 4721 194 4765 sa
215 4721 281 4763 vox
303 4685 413 4763 audita
435 4709 493 4778 est,
515 4707 549 4763 et
569 4700 638 4762 vitu
660 4719 789 4779 semper
809 4700 919 4780 quieta
935 4697 1137 4780 simplexque
1161 4716 1166 4737 ¹
1189 4718 1264 4761 mus
1292 4698 1419 4762 animas
1446 4705 1575 4763 nocuus
1603 4697 1699 4783 (Luc.
1725 4699 1792 4782 21),
1819 4712 1853 4763 et
1878 4719 2013 4762 manum
2034 4698 2169 4762 Domini

155 4813 288 4895 cognita
319 4812 395 4887 fuit,
426 4832 501 4875 cum
527 4811 588 4875 sub
619 4824 654 4874 te
680 4812 880 4888 viveremus,
907 4811 1022 4892 etqui
1049 4832 1137 4875 nunc
1161 4746 1165 4885 1
1189 4809 1308 4873 fortem
1329 4818 1552 4892 expectemus,
1574 4832 1658 4893 quae
1680 4810 1813 4875 indubie
1834 4819 1979 4890 tempore
2000 4808 2114 4887 aderit,
2135 4818 2170 4872 et

156 4924 267 4999 etiarn,
290 4921 385 4985 domo
405 4923 544 5006 prologi,
566 4922 626 4987 ubi
643 4930 755 4985 tamen
773 4942 938 5004 regnoque
955 4932 1012 4986 tuo
1028 4923 1137 4987 musta
1159 4898 1164 5079 ἱ
1188 4942 1259 4985 sese
1286 4930 1413 4985 armata
1434 4930 1561 5000 exera,
1583 4934 1655 4986 tum
1677 4921 1720 4986 ad
1746 4942 1905 5003 pauperes
1926 4942 1968 4983 ex
1988 4918 2028 5006 [p.
2041 4918 2098 5006 41]
2121 4921 2169 4984 af·

1158 5084 1163 5139 l

154 5036 264 5099 omnia
292 5035 419 5115 precari
439 5055 507 5096 nou
526 5032 713 5097 desinimus
757 5031 891 5098 Scilicet
911 5054 971 5097 nos
991 5035 1134 5116 impuni·
1187 5032 1510 5111 flictioneeruendos,
1533 5042 1605 5097 tum
1625 5033 1669 5098 ad
1689 5031 1901 5097 vindicandos
1922 5040 2168 5115 contemptores

154 5159 225 5210 tam
252 5146 406 5210 vitiorum
440 5144 656 5226 pcfflautiam
683 5166 900 5227 aucupamur,
932 5167 1071 5229 quorum
1098 5147 1135 5211 in
1186 5144 1364 5222 Dominus,
1392 5144 1469 5209 Rex
1494 5145 1641 5229 Regum,
1664 5144 1822 5208 thronum
1842 5153 1937 5208 tuum
1958 5145 2083 5208 iustitia
2103 5152 2170 5208 sta-

154 5257 310 5334 moribus,
332 5255 1134 5339 ctsimnltareprehendipossuntnibilurmcn
1185 5255 1599 5334 baliatetsoliumtuum
1619 5256 1790 5338 1111111ιί1110,
1811 5254 2170 5322 Fortissirneacillus·

156 5367 628 5451 tantuinscctationedignum.
661 5367 732 5434 Nec
747 5367 1009 5446 taminfelicitcr,
1027 5369 1134 5451 gratia
1185 5368 1329 5432 mammo
1350 5366 1434 5432 Rem
1477 5366 1638 5445 Βεὼρ,
1662 5365 1697 5431 X
1720 5363 1883 5430 Calendas
1905 5363 2123 5449 Septembres.
