4770 6030
892 257 897 266 ι

172 345 253 408 rear
652 339 767 423 (crs.
790 304 901 420 mv.)
944 337 1013 405 oa
1030 334 1300 414 recasuras
1321 334 1695 403 aconasmsrror.
2095 343 2175 402 rore

167 456 193 509 A
209 458 278 509 372.

167 441 305 597 lestiani.
334 529 504 594 Hactenus
526 529 619 593 nobis
641 530 771 613 egregie
789 528 1021 609 patrocinatur.
1051 524 1145 606 Quae
1197 524 1356 607 superbit,
1383 525 1518 605 impiam
1546 546 1616 590 esse
1642 534 1758 591 contra
1787 526 1851 590 Dei
1874 527 2028 606 verbum,
2058 549 2096 593 ac
2123 529 2175 592 in-

168 625 279 682 autem
300 616 448 697 proxime
470 616 617 698 sequitur
639 614 800 696 exceptio,
829 635 888 677 nec
910 634 997 677 nova
1018 612 1073 675 lex
1095 619 1146 676 cst
1197 611 1318 676 iustam
1338 611 1374 675 in
1395 609 1460 674 Dei
1480 611 1638 693 populum
1658 611 1878 695 tyrannidem.
1923 614 1976 678 Ac‘
1996 613 2174 695 spiritualis

169 703 209 768 ab
232 701 386 783 apostolis
407 702 482 777 lata,
506 701 563 766 scd
585 699 733 765 divinum
754 708 987 781 aeternumque
1009 697 1145 761 manda·
1198 695 1330 778 quidem
1351 697 1521 778 potestatis
1543 698 1673 786 nomine
1691 697 1937 779 complectimur
1955 706 1987 763 et
2005 699 2176 764 audaciam

168 797 239 853 tum
257 787 296 851 de
315 786 477 851 servanda
493 789 638 863 caritate,
661 808 721 850 ncc
739 793 897 868 punctum
915 806 957 849 cx
974 784 1031 847 illa
1047 784 1146 848 liber·
1198 804 1296 864 quam
1319 789 1520 863 usurparunt
1536 783 1572 846 in
1589 783 1731 847 ferendis
1751 785 1844 849 novis
1863 783 2034 862 doctrinis,
2058 786 2175 867 quibus

168 881 236 938 tate
258 871 393 950 delibat,
418 873 475 937 sed
497 880 610 956 gentes
633 872 795 936 duntaxat
816 871 983 946 admonet,
1008 891 1072 951 qua
1093 891 1146 933 ra·
1198 869 1352 932 miseram
1378 867 1506 949 plebem
1534 890 1554 932 a
1580 889 1739 951 germana
1767 870 1968 952 simplicique
1993 871 2085 936 verbi
2109 871 2175 936 Dei

169 961 257 1024 tione
280 980 350 1023 seso
372 959 527 1024 fratribus
550 966 775 1040 attemperant,
798 977 840 1020 no
862 976 921 1020 sua
943 956 1093 1020 libertate
1111 955 1146 1019 in
1198 955 1340 1035 puritate
1367 975 1501 1035 prorsus
1531 962 1700 1031 avertunt,
1730 962 1763 1018 et
1791 956 1827 1019 in
1848 956 1989 1021 ferendis
2010 958 2105 1022 novis
2127 956 2174 1022 le·

169 1067 282 1110 corum
304 1045 515 1108 offensionem
537 1045 721 1108 abutantur.
756 1040 810 1107 Sit
831 1041 893 1106 hoc
912 1042 1014 1124 igitur
1032 1062 1145 1104 secun-
1199 1040 1293 1122 gibus
1320 1040 1504 1118 licentiam,
1537 1041 1655 1122 quibus
1683 1041 1827 1106 infelices
1856 1042 2071 1107 conscientias
2100 1065 2173 1107 cru-

170 1132 250 1196 dum
277 1137 388 1214 caput:
419 1137 457 1193 ut
484 1129 621 1193 innoxia
642 1129 792 1193 libertato
814 1134 950 1191 utantur
972 1136 1086 1210 gentes
1108 1148 1146 1191 ac
1199 1125 1315 1189 daliter
1334 1133 1506 1204 vexarunt,
1530 1136 1563 1190 et
1580 1134 1681 1191 totam
1699 1126 1837 1209 denique
1855 1127 2113 1207 ecclesiasticam,
2137 1136 2175 1192 ut

170 1219 253 1283 citra
273 1218 411 1280 fratrum
432 1215 653 1279 offensionem.
682 1217 729 1278 At
750 1220 874 1278 certum
896 1218 1007 1277 tamen
1025 1210 1146 1294 aliquid
1197 1218 1325 1289 vocant,
1348 1211 1602 1278 iurisdictionem
1621 1233 1720 1295 quam
1736 1234 1796 1296 per
1813 1214 2036 1297 suffraganeos
2053 1225 2087 1279 et
2103 1215 2174 1279 offi-

170 1302 408 1386 praescribunt,
437 1322 568 1382 nempe,
596 1309 758 1381 quatenus
784 1320 843 1381 pro
873 1308 1019 1380 tempore
1048 1319 1145 1381 expe-
1198 1297 1296 1362 ciales
1317 1305 1479 1362 exercent
1512 1297 1599 1362 Nam
1617 1299 1645 1363 si
1663 1298 1833 1363 Christum
1850 1301 2013 1364 internos
2035 1322 2173 1383 regnare

171 1389 287 1465 diebat,
311 1387 427 1452 docent
449 1408 486 1450 ac
509 1385 683 1469 designant
704 1385 821 1467 quibus
838 1384 935 1448 rebus
953 1384 988 1447 in
1006 1385 1145 1447 fratrum
1197 1384 1431 1465 permittimus,
1460 1390 1565 1447 totum
1591 1385 1684 1450 istud
1702 1384 1931 1450 dominationis
1953 1408 2058 1469 genus
2080 1407 2172 1451 ever-

170 1474 384 1538 offensionem
405 1473 532 1554 possint
553 1472 734 1547 incurrere,
757 1491 820 1552 quo
843 1470 883 1535 ab
905 1468 972 1534 illis
993 1476 1144 1548 caveant;
1198 1469 1277 1535 titur
1305 1470 1399 1535 facile
1427 1491 1463 1534 ac
1491 1471 1716 1552 prosternitur.
1762 1470 1914 1535 Altcmm
1943 1471 2172 1537 dominationis

169 1560 252 1624 nihil
280 1568 391 1623 tamon
418 1579 543 1622 novum
570 1555 611 1620 ad
638 1566 807 1620 aeternam
823 1555 887 1620 Dei
910 1555 1031 1639 legem,
1061 1575 1145 1637 quae
1197 1575 1300 1637 genus
1327 1554 1414 1637 quod
1434 1556 1691 1637 possessionibus
1715 1564 1749 1621 et
1775 1555 1954 1622 latifundiis
1976 1559 2171 1633 continetur,

169 1646 308 1709 fratrum
326 1644 539 1709 offensionem
551 1642 710 1725 prohibet,
723 1641 762 1706 de
774 1662 832 1706 suo
847 1641 996 1705 afferunt
1021 1639 1145 1721 Quem·
1196 1641 1273 1722 quia
1298 1641 1334 1704 in
1363 1642 1575 1706 conscientias
1603 1663 1669 1706 non
1691 1650 1876 1722 exercetur,
1909 1649 2050 1707 tractare
2077 1665 2172 1725 prae-

170 1730 345 1795 admodum
373 1731 415 1807 si,
444 1730 500 1811 qui
522 1727 668 1792 nondum
692 1729 773 1791 beno
796 1727 979 1791 constitutis
1001 1726 1144 1792 ecclesiis
1197 1727 1298 1790 sentis
1325 1727 1447 1809 negotii
1475 1747 1542 1790 non
1572 1736 1629 1791 est.
1676 1726 1751 1807 Qua
1772 1735 1882 1792 tamen
1904 1730 2002 1792 etiam
2023 1730 2058 1794 in
2079 1737 2172 1812 parte

169 1823 333 1899 praesunt,
352 1815 464 1880 fidelos
482 1823 628 1897 pastores
647 1814 797 1878 omnibus
815 1813 882 1877 suis
900 1831 987 1876 nunc
1004 1811 1143 1891 edicant,
1197 1811 1457 1877 animadvertere
1484 1833 1600 1893 operae
1622 1814 1764 1894 pretium
1785 1821 1848 1892 est,
1878 1815 1929 1879 sui
1951 1835 2079 1896 semper
2101 1837 2172 1880 esse

169 1923 225 1979 ne,
259 1901 361 1966 donec
393 1900 548 1966 imbecilli
579 1899 769 1982 quibuscum
804 1899 923 1962 vivunt
949 1897 1143 1977 adolescant,
1196 1897 1331 1962 similes:
1360 1897 1443 1961 nihil
1473 1897 1597 1962 scilicet
1629 1899 1738 1963 minus
1770 1921 1869 1981 quam
1899 1899 1985 1982 quod
2014 1900 2171 1982 appellari

168 1988 278 2070 palam
300 1987 453 2054 carnibus
475 1985 527 2049 die
549 1986 679 2050 veneris
701 1992 889 2061 vescantur,
919 1993 977 2047 aut
998 1984 1088 2049 feriis
1109 1984 1145 2047 in
1195 1982 1320 2062 volunt,
1343 1983 1497 2048 ecclcsiae
1519 1990 1673 2064 pastores.
1714 1984 1783 2050 Nec
1805 1985 1981 2067 peculiaria
2002 1986 2172 2050 hominum
2267 2031 2271 2037 -

169 2073 297 2155 pubhco
318 2073 481 2150 laborent,
507 2062 567 2135 aut⁴
585 2071 689 2135 simile
710 2069 884 2152 quidpiam.
931 2070 1024 2134 Haec
1046 2069 1144 2148 enim,
1196 2069 1292 2147 vitia,
1321 2067 1378 2134 sed
1406 2090 1577 2133 commune
1604 2070 1703 2135 totius
1729 2070 1851 2136 ordinis
1879 2070 1999 2147 scelus,
2029 2071 2172 2153 adeoque

114 2185 117 2188 “
169 2161 300 2223 tametsi
333 2159 474 2240 seposita
506 2156 734 2239 superstitione
766 2155 986 2220 indifferentia
1019 2176 1077 2238 per
1109 2175 1145 2220 ss
1196 2155 1301 2236 ipsam
1318 2153 1442 2219 ordinis
1458 2163 1584 2237 pestem
1601 2176 1711 2238 arguo,
1730 2157 1860 2238 quando
1875 2157 2010 2221 mutilus
2026 2157 2172 2223 illisfore

170 2245 246 2322 sint,
270 2246 326 2309 ubi
347 2253 458 2308 tamen
481 2241 605 2308 accedit
627 2242 766 2305 fratrum
784 2242 920 2304 offensio
939 2242 1009 2306 sino
1027 2240 1145 2305 delicto
1196 2239 1348 2317 creditur,
1370 2241 1435 2305 nisi
1455 2240 1621 2323 opulentia
1642 2249 1675 2305 et
1696 2243 1843 2323 superbis
1863 2243 1968 2307 titulis
1990 2243 2174 2326 spectabilis

41 2365 50 2377 ·
170 2330 297 2394 admitti
319 2337 494 2411 nequeunt.
523 2326 579 2392 Sic
601 2336 711 2392 autem
733 2335 810 2392 sunt
830 2334 977 2408 tempora
999 2334 1036 2391 ut
1056 2347 1146 2408 spec
1196 2325 1302 2390 fucrit
1332 2327 1388 2390 An
1409 2326 1698 2391 vero‘iudiciorum
1716 2329 1964 2410 cognitionibus,
1987 2330 2172 2393 civitatum·

169 2416 312 2480 taculum
332 2416 394 2479 hoo
410 2435 592 2497 proponere
610 2414 748 2477 infirmis
766 2413 920 2477 fratribus
937 2413 1145 2496 nonpossint
1197 2432 1259 2494 que
1289 2420 1321 2475 et
1349 2413 1592 2494 provinciarum
1613 2411 1947 2481 administrationibus
1975 2436 2046 2479 sese
2067 2414 2173 2479 invol-

168 2501 294 2581 fideles,
323 2502 404 2584 quin
431 2521 544 2564 eorum
572 2500 786 2563 conscientias
815 2499 1006 2581 gravissime
1028 2498 1166 2581 vulnos
1196 2519 1282 2576 vere,
1306 2505 1339 2562 et
1359 2498 1585 2579 occupationes
1605 2519 1625 2562 a
1642 2519 1676 2562 se
1695 2498 1817 2563 alienas
1834 2499 1991 2564 latissime
2010 2501 2172 2583 amplecti,

138 2637 142 2644 .
169 2595 252 2651 rent
298 2586 397 2667 Quis,
432 2587 496 2650 nisi
524 2585 752 2662 calumniator,
783 2585 829 2648 sic
858 2604 978 2648 novam
1001 2585 1080 2649 ferri
1102 2582 1144 2648 ab
1196 2582 1230 2646 id
1251 2584 1473 2666 episcoporum
1494 2582 1588 2648 erat?
1611 2584 1728 2666 quibus
1750 2592 1878 2648 tantum
1900 2588 1935 2649 in
1958 2607 2015 2649 suo
2037 2608 2173 2650 munero

169 2674 221 2738 his
248 2673 354 2756 legem
381 2672 483 2750 dicat,
517 2692 598 2754 quos
630 2678 756 2734 constat
788 2669 950 2734 duntaxat
982 2668 1144 2734 scandalis
1195 2689 1312 2750 operae
1333 2691 1371 2734 ae
1388 2670 1510 2753 negotii
1532 2677 1590 2747 est,
1616 2676 1652 2734 ut
1673 2671 1701 2734 si
1722 2671 1789 2735 illic
1810 2672 1870 2733 toti
1893 2670 2077 2753 assiduique
2096 2673 2172 2748 sint,

169 2778 338 2823 occurrere
370 2778 453 2840 quae
481 2748 608 2822 sunt'a
635 2757 779 2820 Domino
812 2757 890 2826 satis
923 2755 1042 2820 diserte
1069 2776 1144 2837 pro-
1196 2777 1257 2821 nec
1284 2755 1360 2820 ullis
1383 2757 1602 2822 avocamentis
1624 2754 1864 2834 distrahantur,
1893 2757 1950 2820 vix
1971 2764 2083 2821 tamen
2105 2758 2173 2822 suf-

91 2915 94 2922 ,
169 2843 293 2909 hibita?
337 2844 450 2909 Nihilo
485 2851 595 2906 autern
627 2843 732 2925 magis
765 2849 799 2904 ct
831 2841 871 2904 de
900 2840 1053 2924 apostolis
1081 2841 1144 2906 diei
1195 2842 1292 2906 ficere
1309 2849 1438 2923 queant.
1468 2841 1524 2905 An
1540 2841 1577 2904 in
1595 2841 1739 2906 satellitii
1756 2864 1901 2919 nurnero,
1921 2842 2049 2907 aedium
2065 2843 2173 2925 splen-

168 2938 288 3011 potest,
321 2930 438 3013 quibus
465 2928 548 2992 nihil
576 2926 665 2991 aliud
691 2929 894 3011 propositum
921 2934 1006 3005 erat,
1041 2928 1143 2990 offen·
1197 2925 1287 3005 dore,
1311 2927 1448 2992 vestitus
1470 2935 1503 2992 et
1524 2926 1696 3009 epularum
1717 2927 1850 3005 deliciis,
1871 2929 2055 3010 principum
2076 2928 2174 2992 lauti·
2275 2938 2279 2950 '

169 3016 299 3080 sionum
325 3016 498 3079 materiam
526 3013 684 3090 tollendo,
718 3035 816 3096 quam
849 3012 995 3079 divinam
1025 3033 1143 3096 urgere
1195 3012 1258 3078 tias
1280 3013 1438 3078 aemulari
1459 3034 1514 3077 eos
1532 3013 1686 3079 decebat?
1711 3034 1849 3096 quorum
1866 3015 1968 3079 vitam
1986 3022 2176 3095 oportuerat

169 3101 276 3184 legem
298 3099 494 3167 devitanda
516 3100 708 3179 offensione;
736 3121 774 3164 ac
801 3101 829 3165 si
847 3098 1020 3164 dixissent:
1049 3120 1143 3182 prae·
1194 3099 1361 3182 singulare
1381 3099 1588 3182 frugalitatis,
1610 3099 1796 3178 modestiae,
1818 3101 2046 3179 continentiae,
2066 3100 2175 3165 humi-

168 3195 296 3268 ceptum
320 3186 455 3250 Domini
488 3194 538 3250 ost
565 3207 608 3249 ne
635 3187 771 3250 fratrem
797 3185 964 3249 infirmum
992 3183 1128 3250 laedatis
1135 3206 1143 3265 ;
1195 3185 1296 3249 litatis
1319 3206 1389 3250 esse
1411 3185 1587 3267 exemplar.
1629 3185 1799 3266 Quantum
1821 3193 1854 3250 et
1875 3186 1916 3251 ab
1939 3207 2051 3250 eorum
2070 3187 2173 3252 officio
2270 3192 2272 3198 '

169 3293 251 3354 quac
279 3271 373 3337 idolis
402 3272 511 3336 oblata
533 3278 623 3346 sunt,
658 3268 854 3337 suffocatum
883 3279 916 3336 ct
938 3272 1142 3355 sanguinem,
1196 3271 1406 3347 abhorrebat,
1436 3292 1516 3353 quos
1540 3279 1710 3336 aeternum
1731 3271 1979 3354 inviolabilequo
2001 3274 2065 3337 Dei
2087 3271 2174 3338 edic-

168 3358 364 3423 rnanducare
397 3378 465 3420 non
496 3359 631 3440 potestis
664 3359 741 3446 quin
777 3357 988 3422 offendantur
1021 3358 1143 3421 infirmi
1196 3366 1266 3422 tum
1289 3357 1321 3440 (1
1343 3358 1426 3420 Tim.
1446 3360 1476 3435 3,
1496 3357 1530 3441 3)
1553 3357 1658 3439 turpis
1680 3356 1762 3423 lucri
1785 3370 1973 3441 appetentes
1995 3379 2174 3440 avarosque

168 3444 301 3522 fratrcs3
328 3443 486 3509 edicimus
511 3444 613 3526 igitur
640 3443 733 3507 vobis
759 3443 794 3506 in
818 3443 918 3508 verbo
940 3443 1075 3508 Domini
1102 3463 1144 3507 ne
1197 3464 1267 3508 esse
1294 3450 1398 3521 vetat,
1431 3451 1466 3506 ct
1496 3443 1636 3524 simphci
1664 3444 1754 3509 victu
1782 3451 1949 3509 contentos
1977 3464 2047 3508 esso
2076 3445 2173 3519 iubet,

169 3550 243 3593 curn
270 3529 423 3594 scandalo
454 3527 665 3594 manducetis.
716 3528 819 3610 quue
845 3529 955 3611 ipsum
980 3536 1144 3610 spectasse
1196 3552 1262 3594 non
1290 3529 1386 3593 modo
1412 3529 1492 3594 vicis
1519 3537 1552 3592 et
1579 3529 1707 3594 arcibus
1734 3551 1870 3593 manum
1889 3530 2035 3605 iniicere,
2063 3528 2175 3594 sedin

171 3615 331 3696 apostolos
354 3615 478 3679 Paulus
500 3616 640 3696 optimus
663 3623 713 3678 est
734 3615 835 3692 testis,
863 3615 928 3696 qui,
951 3624 1039 3679 certe
1060 3636 1144 3678 non·
1196 3616 1413 3698 amplissimas
1435 3635 1561 3697 quoque
1583 3616 1743 3697 satrapias
1764 3615 1925 3691 involare,
1953 3615 2086 3678 domum
2113 3616 2175 3678 im-

169 3700 292 3765 nisiex
309 3701 434 3765 concilii
453 3703 621 3778 sententia,
641 3702 687 3765 sic
704 3701 816 3765 scribit
829 3701 862 3783 (1
876 3699 949 3765 Cor.
964 3705 993 3779 8,
1006 3710 1035 3764 4.
1050 3705 1077 3764 7.
1093 3699 1143 3784 9):
1196 3702 1287 3783 peria
1303 3701 1376 3782 ipsa
1393 3699 1572 3784 occupare?
1602 3701 1730 3764 Verum
1752 3700 1881 3782 quando
1904 3723 2006 3782 usque
2023 3721 2061 3765 eo
2079 3721 2174 3782 prae-

170 3785 209 3850 de
232 3788 313 3851 oscis
334 3807 417 3868 quac
439 3786 535 3850 idolis
553 3787 779 3864 immolantur,
809 3787 929 3851 seimus
946 3787 1023 3868 quia
1043 3788 1144 3852 simu·
1196 3787 1291 3852 fracti
1314 3794 1405 3865 sunt,
1432 3794 1470 3850 ut
1491 3787 1700 3870 tergiversari
1722 3787 1902 3851 etiamnum
1924 3787 2034 3851 ausint
2055 3794 2089 3850 et
2109 3788 2175 3852 iac·

168 3871 296 3937 lacrum
316 3872 444 3936 nullum
466 3880 517 3936 est
541 3873 576 3935 in
604 3871 745 3950 mundo;
773 3871 904 3954 quidam
932 3879 1043 3936 autern
1071 3894 1145 3937 cum
1196 3883 1276 3951 tare,
1295 3872 1449 3938 ecclesiae
1467 3873 1659 3956 dignitatem
1675 3893 1742 3936 non
1759 3872 1948 3937 indecenter
1966 3871 2028 3936 hac
2045 3873 2174 3955 magni·

170 3958 366 4022 conscientia
381 3957 468 4036 idoli,
491 3959 584 4040 quasi
600 3956 695 4022 idolis
713 3958 919 4022 immolatum
935 3957 1144 4038 manducant,
1196 3958 1328 4023 licentia
1348 3959 1517 4036 sustineri,
1546 3980 1607 4023 nec
1635 3980 1669 4023 se
1695 3959 1828 4022 interim
1856 3978 1875 4021 a
1896 3980 1974 4022 suae
1995 3959 2173 4022 vocationis

170 4056 203 4106 et
227 4044 424 4109 conscientia
453 4064 581 4121 corum,
610 4045 742 4107 infirma
764 4065 865 4125 quum
888 4045 944 4118 sit,
973 4043 1143 4126 polluitur:
1197 4066 1333 4109 munere
1360 4044 1499 4108 nimium
1524 4044 1683 4109 abstrahi:
1717 4054 1876 4126 quantum
1903 4043 1945 4108 ad
1972 4044 2063 4125 prius
2093 4042 2175 4107 illud

170 4125 277 4192 videte
306 4151 346 4193 no
370 4129 508 4194 facultas
530 4137 640 4194 vostra
663 4128 896 4193 offendiculum
917 4131 975 4193 fiat
996 4130 1144 4195 infirmis.
1163 4206 1166 4212 ¹
1199 4131 1324 4208 attinet,
1348 4131 1375 4194 si
1398 4129 1460 4195 hoc
1482 4128 1635 4194 decorum
1654 4139 1704 4194 est
1720 4151 1797 4194 suae
1815 4129 1984 4213 dignitatis
2002 4150 2173 4193 ornamen-

170 4212 233 4277 Oui
245 4213 368 4279 isthaec
388 4215 488 4296 probe
510 4237 670 4297 perpensa
691 4216 820 4293 fuerint,
844 4215 874 4278 ei
895 4214 1031 4296 posthac
1052 4216 1146 4289 fucus
1198 4225 1283 4294 tum,
1311 4237 1350 4280 eo
1371 4215 1494 4299 fastigii
1515 4225 1643 4281 evectos
1664 4238 1749 4295 esse,
1777 4223 1815 4279 nt
1836 4216 1973 4281 summis
1994 4215 2175 4297 quibusque

170 4320 237 4362 non
259 4301 328 4377 fiet3
356 4299 485 4381 qualem
506 4303 630 4366 faciunt
650 4301 706 4383 qui
728 4321 806 4364 suae
829 4299 996 4384 tyrannidi
1017 4308 1146 4384 aposto·
1199 4302 1385 4367 monarchis
1411 4302 1478 4366 sint
1504 4301 1739 4380 formidabiles,
1773 4309 1823 4367 est
1855 4324 1913 4366 cur
1940 4323 2015 4367 cum
2042 4299 2175 4365 Ohristo

169 4385 218 4449 los
245 4394 458 4469 praetexunt,
492 4407 529 4451 ac
558 4387 587 4451 si
615 4386 769 4452 ecclcsiae
797 4387 981 4451 libertatem
1009 4408 1068 4452 suo
1091 4386 1147 4452 de-
1199 4385 1415 4470 expostulent,
1434 4408 1454 4450 a
1471 4407 1534 4468 quo
1554 4395 1633 4451 sunt
1649 4389 1794 4471 graviter
1811 4408 1849 4452 eo
1866 4387 1962 4452 modo
1980 4387 2174 4452 inhonorati.

171 4478 258 4534 creto
280 4471 460 4554 infringere
482 4474 671 4556 coepissent.
1200 4471 1289 4553 Quid
1311 4473 1399 4536 enim
1419 4472 1697 4551 contumeliosius,
1725 4495 1839 4539 eorum
1860 4473 1991 4555 quidem
2014 4473 2175 4554 opinions,

246 4557 286 4641 ·¹)
299 4557 444 4621 Tametsi
479 4579 546 4621 non
578 4559 688 4623 omnia
715 4558 857 4623 dimmus
884 4578 968 4641 quae
996 4559 1061 4623 huc
1090 4558 1148 4624 ad·
1201 4559 1264 4624 dici
1284 4564 1413 4641 poterat
1431 4559 1502 4622 istis
1522 4559 1645 4624 verbis:
1673 4580 1768 4643 reges
1790 4560 1937 4642 gentium
1958 4568 1992 4622 ct
2013 4558 2176 4640 principes

170 4642 248 4706 ferri
270 4649 430 4725 poterant,
454 4651 487 4708 et
508 4667 547 4709 ea
568 4665 695 4727 quoque
716 4644 788 4726 ipsa
805 4665 889 4727 quae
907 4642 1050 4709 diximus
1067 4665 1148 4726 pau·
1202 4644 1413 4710 dominantur
1433 4643 1513 4728 illis,
1535 4665 1594 4709 vos
1616 4653 1725 4710 autem
1747 4667 1814 4710 non
1836 4645 1895 4723 sic;
1918 4643 1975 4709 sed
1996 4643 2053 4725 qui
2072 4644 2177 4710 maior

170 4729 308 4794 cissimis
337 4730 509 4811 perstricta
531 4737 622 4808 sunt,
653 4731 699 4795 sic
726 4740 837 4793 tamen
859 4729 1057 4795 debellatum
1079 4752 1150 4797 esse
1203 4738 1254 4797 est
1280 4732 1316 4794 in
1343 4730 1453 4806 vobis,
1482 4731 1541 4794 fiat
1561 4731 1646 4795 sicut
1663 4732 1786 4809 iunior,
1814 4729 1922 4811 etqui
1943 4729 2094 4810 princeps
2116 4735 2176 4808 est,

171 4815 297 4880 confido
345 4823 385 4879 ut
416 4816 500 4880 nihil
531 4816 600 4899 iam
632 4817 676 4880 sit
708 4837 767 4881 cur
794 4817 966 4898 quisquam
994 4816 1149 4901 ambigat,
1204 4818 1289 4883 sicut
1316 4817 1373 4898 qui
1398 4816 1563 4881 ministrat
1590 4815 1725 4902 (Matth.
1751 4820 1809 4893 20,
1834 4819 1884 4878 25.
1925 4813 2027 4880 Marc.
2051 4818 2104 4893 10,
2124 4816 2176 4879 42.

171 4867 373 4982 spiritualem
390 4908 594 4985 potestatem,
612 4923 677 4985 qua
689 4921 774 4984 papa
790 4922 864 4965 cum
884 4907 954 4965 toto
972 4925 1030 4967 suo
1049 4923 1150 4986 regno
1205 4902 1286 4967 Luc.
1313 4906 1369 4981 22,
1395 4902 1460 4986 25).
1512 4896 1643 4982 Quibus
1671 4923 1751 4967 sane
1784 4901 1973 4985 longissimo
2003 4899 2177 4964 intervallo

1205 5009 1320 5052 eorum
1339 4988 1557 5054 ministerium
1583 4989 1623 5052 ab
1651 4988 1739 5052 omni
1767 4985 1882 5050 mundi
1902 4986 2000 5051 huius
2021 4985 2126 5069 gloria
2146 4994 2179 5051 et

1205 5073 1404 5138 sublimitate
1415 5073 1543 5142 divisit.
1572 5073 1723 5139 Altemm
1734 5072 1853 5138 vellem
1870 5080 1938 5137 tarn
1956 5073 2179 5154 experimento

242 5189 519 5312 anapaesticus
543 5199 688 5246 recurrunt
712 5208 744 5245 ea
767 5207 837 5259 prece
854 5207 929 5245 nunc
946 5194 1064 5260 reperies
1085 5193 1151 5261 Gap.
1205 5159 1396 5244 Pmbafflntr
1422 5182 1521 5243 (luam
1548 5159 1695 5226 dietim
1716 5158 1811 5225 fassfle
1832 5167 1890 5223 θεῖ·
1934 5158 2050 5240 Atqub
2078 5176 2179 5240 quum

176 5255 263 5334 7111.
284 5258 341 5312 175.
362 5263 373 5313 ι
394 5260 418 5314 6.
1206 5244 1359 5327 apostolis
1385 5246 1495 5312 visum
1521 5269 1589 5312 non
1615 5245 1731 5325 fuerit,
1758 5243 1912 5312 derelicto
1939 5243 2004 5309 Dei
2029 5263 2179 5310 sermone
2255 5304 2262 5313 .

244 5343 352 5397 Cartana·
367 5362 458 5413 opera.
499 5346 556 5400 Vol.
574 5346 599 5399 1.
1941 5343 1975 5398 67
