4732 6030
196 347 259 409 aas
483 318 501 345 ‘
772 337 1036 407 mensurio
1058 340 1163 407 aaa.
1186 337 1366 407 oflalsn.
1393 342 1624 404 rrae-1554.
2111 346 2200 421 ⁴veo
2242 428 2250 434 ·

155 470 172 504 ο
1832 453 2202 524 Α165;Β254;0264.

195 532 316 598 dixisse
342 532 521 596 Dominum
549 529 729 612 discipulis,
759 537 871 611 estque
891 529 987 595 multi
1009 529 1169 595 verisimi-
1222 549 1303 592 num
1322 527 1537 609 deponamus,
1560 534 1712 592 mutuum
1733 441 1919 608 consilium,
1942 537 2091 595 mutuam
2112 553 2199 596 com·

194 618 257 683 lius
280 617 400 681 dixisse
417 615 548 681 Iudaeis
566 616 749 680 astantibus
755 638 764 693 ;
782 636 845 697 quo
863 616 946 680 eitra
961 615 1065 679 ullam
1081 614 1169 678 frau-
1221 613 1422 697 passionem,
1450 621 1599 677 mutuam
1620 616 1706 678 inter
1728 636 1786 679 nos
1808 614 2062 680 consolationem
2085 638 2197 700 accep-

194 700 244 769 dis
266 702 482 784 suspicionem
503 699 685 766 evidentius
706 702 800 765 fieret
820 700 1023 780 miraculum,
1046 705 1080 764 ct
1099 721 1170 764 ma·
1223 700 1297 763 turi.
1342 699 1471 763 Deinde
1493 706 1530 763 ut
1551 700 1703 764 fraternis
1726 701 1970 766 infirmitatibus
1987 709 2100 767 mutuo
2120 724 2196 768 con·

193 790 243 855 ier
263 809 324 852 sua
351 788 457 852 virtus
484 786 639 863 eluceret,
668 786 754 868 quod
776 787 865 851 nullo
887 793 992 865 tactu,
1021 806 1081 850 sua
1102 784 1171 850 sola
1223 785 1290 864 scii,
1312 805 1371 866 pro
1392 783 1457 849 illis
1480 785 1521 850 ad
1544 785 1723 849 Dominum
1745 807 1883 851 oremus.
1917 784 2005 866 Quid
2023 809 2100 872 ergo
2118 811 2196 854 con·

194 894 272 941 voce
299 879 443 938 mortuos
471 874 649 938 suscitaret.
703 870 759 937 Sic
787 872 936 954 equidem
960 873 1168 953 interpretor:
1222 877 1274 935 tra
1295 891 1354 935 nos
1375 870 1531 936 Iacobum
1552 871 1668 948 citant,
1697 873 1752 953 qui
1774 879 1942 953 tantopere
1963 874 2196 940 confessionem

193 957 389 1037 Dominum,
422 980 485 1040 quo
513 979 643 1022 omnem
675 958 843 1023 sinistram
870 958 1085 1041 suspicionem
1112 957 1170 1020 Iu·
1221 954 1460 1021 misericordiae
1487 957 1551 1021 Dei
1577 955 1754 1040 urgemus?
1805 957 1963 1023 Confiteri
1995 966 2104 1023 autem
2130 961 2196 1025 Dei

195 1043 283 1113 dacis
305 1045 434 1109 tolleret
461 1044 602 1109 voluisse
631 1043 704 1108 illos
731 1042 899 1108 revolvere
924 1043 1081 1126 lapidem,
1103 1042 1169 1106 foe-
1221 1040 1476 1106 misericordiam
1510 1063 1605 1107 nemo
1638 1047 1758 1124 potest,
1795 1043 1859 1108 nisi
1895 1044 2061 1109 miseriam
2099 1067 2193 1110 suam

193 1137 299 1195 torem
325 1130 506 1212 percipere,
535 1135 624 1195 certa
654 1130 885 1213 mo1tissigna
913 1135 1073 1211 spectare,
1102 1127 1171 1192 sola
1221 1128 1312 1209 prius
1339 1128 1512 1192 confessam.
1558 1125 1648 1208 Quin
1680 1128 1786 1210 potius
1815 1128 1991 1194 anathema
2023 1152 2093 1195 esse
2119 1152 2195 1214 pro-

193 1215 287 1281 verbi
318 1217 440 1279 virtute
470 1221 658 1299 surgentem
690 1214 817 1293 videre,
850 1215 1016 1280 viventem
1047 1214 1169 1295 primos
1220 1213 1419 1291 nuntiamus,
1439 1213 1622 1295 quicunque
1643 1234 1710 1281 non
1732 1235 1767 1279 se
1784 1234 1893 1280 coram
1906 1215 1991 1292 Deo,
2010 1236 2119 1280 coram
2137 1239 2195 1282 an-

195 1308 377 1368 attrectare.
423 1299 491 1366 Sed
514 1301 628 1366 demus
650 1300 712 1366 hec
740 1300 863 1365 dictum
885 1299 1065 1382 discipulis,
1091 1298 1169 1381 quid
1221 1299 1302 1382 gelis
1326 1299 1408 1377 eius,
1438 1320 1547 1362 coram
1569 1299 1717 1379 ecclesia,
1746 1321 1855 1365 eoram
1884 1301 2035 1365 omnibus
2057 1300 2194 1385 denique

194 1394 266 1452 tum
293 1386 506 1452 obtinebunt?
556 1387 737 1451 Dominum
764 1385 891 1451 dedisse
924 1385 1077 1467 apostolis
1105 1384 1169 1449 sol·
1221 1384 1423 1462 hominibus,
1466 1390 1668 1467 peccatorem
1706 1386 1872 1451 confessus
1911 1387 2017 1451 fuerit
2074 1386 2196 1453 Omnia

195 1472 292 1538 vendi
321 1471 537 1555 potestatem?
570 1477 691 1554 quante
719 1472 827 1554 aptius
858 1477 891 1536 et
922 1472 1028 1554 magis
1054 1469 1169 1535 dextre
1221 1471 1310 1535 enim
1328 1469 1489 1535 conclusit
1509 1470 1672 1536 Dominus
1694 1470 1753 1537 sub
1771 1479 1954 1553 peccatum,
1982 1479 2021 1535 ut
2041 1493 2138 1538 omne
2159 1495 2195 1538 os

194 1558 277 1625 hacc
310 1558 481 1641 allegorice
513 1558 646 1623 tractari
679 1564 847 1640 poterunt,
879 1558 907 1622 si
934 1557 1078 1621 dicamus
1108 1555 1169 1620 hoe
1222 1557 1425 1635 obstruatur,
1459 1562 1492 1620 et
1521 1555 1712 1621 humilietur
1738 1557 1843 1622 omnis
1869 1578 1945 1624 caro
1973 1579 2084 1624 coram
2105 1560 2192 1625 Deo:

195 1644 360 1794 sylrnbolot
368 1645 479 1708 Deum
506 1642 646 1794 vol-{age
674 1642 787 1792 fildeles
813 1663 890 1792 {uos
917 1643 1112 1742 instituere,
1132 1648 1170 1705 ut
1220 1641 1309 1792 {olus
1326 1642 1529 1812 bubmcilbb
1539 1642 1741 1737 iustificetur,
1764 1649 1797 1707 et
1816 1644 1979 1709 exaltetur
1996 1643 2086 1728 (eat
2100 1649 2129 1724 3,
2142 1649 2193 1711 22.

196 1750 345 1796 soveren
382 1751 457 1795 ase
479 1751 565 1794 susci
632 1751 663 1808 s,
720 1747 1169 1808 oces,nemmemor1am
1273 1748 1315 1791 m.
1356 1777 1364 1805 ,
1421 1749 1441 1791 e
1531 1777 1539 1792 .

195 1823 329 1898 peccata
350 1822 556 1893 revocarent,
583 1835 666 1897 quae
687 1815 756 1896 ipse
778 1813 897 1880 oblitus
918 1820 1016 1892 esset3
1045 1834 1087 1877 ne
1109 1834 1169 1878 eeu
1308 1816 1356 1877 22.
1400 1813 1506 1877 Miror
1527 1819 1637 1877 autem
1658 1835 1723 1895 qna
1742 1815 1849 1880 fronte
1870 1815 1979 1880 ausint
1999 1815 2194 1882 contendere

67 1930 70 1935 ·
274 1908 381 1966 atores
404 1900 606 1979 damnarent,
630 1921 710 1983 quos
729 1901 799 1983 ipse
821 1898 1026 1978 absolvissct;
1048 1920 1090 1963 ne
1111 1898 1168 1962 ad·
1221 1899 1467 1977 confessionem,
1497 1898 1629 1981 dequa
1653 1898 1845 1982 loquuntur,
1873 1900 1954 1965 iuris
1979 1922 2050 1966 esse
2076 1900 2178 1967 divini
2185 1928 2194 1982 ;

195 1922 272 2053 mc
294 1987 545 2070 exprobrarent,
579 2006 661 2067 quae
686 1987 756 2068 ipse
784 1984 1011 2064 condonassct;
1043 2006 1085 2048 ne
1113 1984 1168 2048 ubi
1220 1985 1312 2049 cuius
1344 1983 1494 2066 equidem
1525 1984 1782 2050 vetustissimum
1813 2007 1883 2050 esse
1915 2008 2014 2052 usum
2044 1987 2194 2068 fatemur,

196 2074 379 2138 misericors
400 2073 470 2155 ipse
497 2078 596 2149 esset,
619 2078 652 2136 et
674 2069 715 2136 ad
737 2070 938 2152 parcendum
959 2070 1077 2148 facilis,
1106 2070 1168 2152 ipsi
1221 2068 1279 2134 sed
1305 2091 1401 2152 quem
1426 2069 1520 2135 facilc
1547 2071 1697 2136 evincere
1722 2092 1907 2153 possumus,
1936 2072 2013 2136 olim
2034 2073 2133 2138 firisse
2155 2074 2195 2139 li-

197 2157 239 2223 ad
260 2157 462 2241 puniendum
483 2158 589 2223 severi
610 2161 643 2220 et
663 2158 782 2221 morosi
804 2163 920 2222 essent
960 2157 1050 2220 Eant
1071 2177 1167 2235 nunc,
1220 2155 1343 2220 berum
1394 2153 1492 2220 Oerte
1520 2155 1645 2220 nullam
1673 2156 1714 2221 de
1747 2178 1786 2222 ea
1812 2163 1931 2223 statam
1959 2158 2059 2223 firisse
2087 2159 2195 2242 legem

196 2252 231 2310 et
251 2243 423 2327 allegorias
445 2264 520 2308 suas
541 2241 718 2308 venditent
734 2241 759 2325 ¹)
1221 2247 1279 2305 aut
1299 2241 1572 2320 constitutionem,
1595 2249 1670 2307 ante
1692 2242 1875 2308 Innocentii
1892 2244 1979 2308 tertii
1997 2252 2153 2327 tempora,
2168 2245 2193 2330 ¹)

283 2332 333 2394 21.
377 2330 450 2393 Iam
471 2329 602 2412 propius
624 2350 742 2393 manus
763 2337 953 2407 conserunt,
976 2326 1055 2391 dum
1075 2347 1169 2409 aper·
1221 2347 1334 2390 eorum
1361 2348 1487 2409 quoque
1514 2327 1648 2393 annales
1675 2335 1825 2408 narrant,
1855 2335 1888 2393 et
1914 2329 2080 2395 luculenta
2102 2332 2193 2396 testi-

163 2466 167 2471 .
195 2416 239 2480 tia
266 2414 318 2500 (ut
344 2415 405 2479 sibi
426 2413 594 2500 videntur)
628 2415 797 2479 sententiis
825 2419 982 2498 pugnant
1032 2411 1098 2493 Qui
1126 2412 1169 2476 ad
1219 2412 1330 2476 monia
1349 2419 1489 2492 exstant,
1512 2420 1584 2476 tum
1604 2414 1640 2477 in
1661 2413 1819 2493 historiis,
1841 2421 1913 2479 tum
1935 2414 2022 2497 apud
2044 2417 2194 2500 antiquos

194 2500 329 2567 Ioannis
348 2501 547 2582 baptismum
568 2500 758 2579 veniebant,
780 2498 1017 2564 confitebantur
1035 2504 1169 2581 peccata
1220 2498 1300 2563 alios
1322 2499 1495 2581 scriptores
1501 2522 1509 2578 ;
1537 2520 1620 2582 quae
1641 2498 1778 2565 doceant
1798 2499 1883 2566 hanc
1905 2501 2006 2566 firisse
2027 2502 2193 2585 politicam

195 2608 256 2653 sua
277 2584 523 2671 (Maenas).
575 2585 622 2649 Et
647 2585 785 2651 Iacobus
806 2585 879 2650 vult
904 2591 943 2649 ut
970 2583 1169 2674 alteralteri
1220 2582 1441 2666 disciplinam,
1468 2585 1509 2650 ab
1536 2585 1693 2668 episcopis
1720 2586 1918 2666 institutam,
1952 2608 2019 2652 non
2044 2588 2150 2671 legem
2172 2610 2193 2653 a

194 2680 328 2757 peccata
356 2673 569 2736 confiteamur
596 2669 677 2754 (Iao.
697 2676 726 2749 5,
748 2670 811 2756 16).
855 2670 948 2735 Nihil
976 2671 1111 2748 mirum,
1140 2670 1169 2733 si
1220 2669 1352 2734 Christo
1379 2676 1437 2734 aut
1463 2671 1615 2753 apostolis
1642 2672 1789 2753 positam.
1840 2672 1953 2737 Unum
1981 2672 2141 2738 duntaxat
2173 2694 2192 2738 e

195 2758 435 2825 confitebantur
466 2763 600 2839 peccata
627 2779 701 2835 sua,
735 2758 791 2839 qui
817 2756 970 2821 volebant
1001 2756 1166 2838 baptizari.
1219 2755 1332 2820 multis
1359 2756 1537 2838 proferam,
1567 2755 1653 2839 quod
1680 2779 1747 2822 non
1767 2759 1941 2823 obscurum
1968 2759 2038 2823 eius
2066 2761 2112 2824 rei
2134 2759 2191 2823 do·

194 2845 331 2911 Dictum
352 2843 440 2908 enim
463 2849 539 2906 ante
560 2848 618 2920 est,
641 2842 800 2907 Ioannem
821 2841 1025 2925 praedicasse
1046 2842 1168 2923 baptis·
1220 2850 1409 2907 eumentum
1442 2842 1511 2906 erit
1562 2842 1677 2907 Refert
1710 2841 1946 2926 Soaomenus²)
1974 2844 2074 2910 fuisse
2107 2844 2191 2910 hane

193 2952 286 2995 mum
301 2928 534 3028 poenitentiac3
556 2928 736 3027 baptizasse
754 2949 847 3027 aqua,
869 2928 904 2991 in
925 2928 1166 3010 poenitentiam.
1221 2927 1444 3026 episcopornm
1475 2928 1753 3027 constitutionem,
1787 2928 1961 3028 diligepter
1988 2931 2193 2996 observatam

193 3014 656 3182 &bestialitati
668 3035 868 3185 liuilni
886 3021 1168 3165 milliariis
1220 3013 2193 3182 ttttffitlttltttttttttlttfittt

194 3194 414 3270 peccaterum:
437 3191 470 3249 et
491 3185 546 3268 qni
568 3184 610 3249 ad
628 3185 689 3250 hoc
706 3186 892 3270 symbolum
909 3185 1167 3262 admitterentur,
1221 3185 1344 3250 siarum
1367 3185 1554 3249 institutum
1561 3207 1569 3264 ;
1602 3208 1704 3250 unum
1731 3193 1840 3251 autem
1867 3208 1886 3251 e
1912 3188 2111 3272 presbyteris
2136 3210 2193 3271 pe-

192 3273 257 3338 nisi
278 3277 472 3354 peccatores,
495 3271 605 3353 etqui
626 3271 765 3336 setales
786 3270 991 3354 agnoscunt?
1025 3269 1168 3335 Confite-
1220 3271 1387 3336 culiariter
1413 3269 1612 3335 destinatum
1639 3271 1739 3336 fixisse
1767 3271 1860 3351 dicit,
1889 3274 1945 3355 qui
1967 3273 2043 3338 huic
2064 3275 2193 3338 muneri

193 3359 314 3424 bantur
340 3358 449 3440 itaque
476 3366 609 3439 peccata
636 3377 711 3434 sna,
738 3362 776 3420 ut
805 3357 1055 3439 baptizarentm.
1099 3356 1168 3421 Nec
1220 3363 1393 3437 praeesset
1438 3354 1512 3436 Quo
1541 3356 1669 3422 abunde
1697 3359 1842 3422 confutat
1863 3357 1949 3441 quod
1975 3359 2031 3424 isti
2058 3359 2099 3424 de
2127 3360 2193 3426 ela·

193 3445 265 3509 sine
293 3465 392 3509 causa
419 3444 577 3526 praecipit
602 3442 755 3520 Iacobus,
784 3450 823 3506 ut
844 3442 900 3507 alii
922 3443 994 3507 aliis
1015 3443 1168 3508 confitea-
1220 3441 1315 3507 vibus
1335 3442 1488 3507 universo
1510 3442 1701 3508 sacerdotali
1723 3443 1830 3508 ordini
1849 3445 1885 3508 ia
1904 3443 1986 3509 berc
2005 3466 2099 3523 usam
2118 3467 2193 3529 pro·

193 3552 276 3595 mur.
321 3529 450 3594 Verum
471 3530 499 3594 si
523 3528 821 3593 animadverterent
842 3528 927 3612 quod
948 3529 1096 3612 proxime
1117 3549 1167 3593 sc-
1219 3528 1342 3593 miscuo
1364 3527 1448 3592 datis
1469 3529 1683 3607 mentiuntur,
1705 3528 1865 3611 siquidem
1884 3551 1951 3595 non
1972 3530 2120 3595 omnium
2141 3552 2193 3597 sa-

194 3617 319 3699 quitur,
347 3615 583 3699 intelligerent,
612 3635 729 3697 parum
757 3614 856 3680 etiam
882 3615 943 3681 hoc
968 3615 1029 3680 sibi
1051 3615 1168 3679 suffra·
1220 3613 1388 3680 cerdotum
1418 3614 1599 3679 communis
1638 3622 1710 3679 erat
1745 3615 1867 3681 functio
1874 3639 1882 3696 ;
1922 3615 1979 3681 sed
2011 3617 2194 3700 singulares

195 3702 275 3785 gari.
326 3699 552 3779 Oonfitemini,
582 3701 702 3784 inquit,
737 3699 820 3765 alter
841 3701 935 3766 alteri
956 3708 1090 3783 peccata
1111 3722 1168 3766 ve-
1219 3700 1318 3765 rmins
1339 3706 1478 3781 partes,
1494 3700 1550 3783 qui
1575 3699 1616 3764 ad
1643 3699 1677 3764 id
1702 3701 1823 3768 electus
1845 3702 1885 3767 ab
1907 3703 2055 3784 episeopo
2076 3702 2191 3766 fuerat.

195 3792 278 3864 stra,
306 3792 339 3849 et
359 3793 449 3850 orate
478 3807 537 3869 pro
566 3787 716 3852 invicem.
760 3787 914 3852 Mutuam
935 3787 1169 3852 confessionem
1220 3785 1361 3851 Subiicit
1379 3783 1505 3865 deinde,
1527 3807 1602 3850 eum
1623 3807 1749 3870 quoque
1770 3808 1895 3853 morem
1912 3786 2193 3868 Constantinopoli

195 3878 229 3937 et
250 3877 398 3936 mutuam
419 3874 598 3937 orationem
626 3872 724 3937 simul
748 3873 865 3958 iungit.
910 3871 949 3938 Si
970 3873 1047 3938 solis
1069 3873 1169 3937 sacri·
1219 3872 1333 3950 firisse,
1362 3870 1465 3937 donec
1491 3878 1642 3936 matrona
1670 3872 1829 3956 quaedam
1856 3874 2064 3938 confitentem
2091 3872 2192 3937 simu-

64 3986 70 4005 =
193 3957 300 4024 ficulis
322 3956 542 4022 confitendum
562 3966 625 4022 est:
649 3980 727 4042 ergo
749 3965 783 4024 et
802 3981 861 4042 pro
882 3959 948 4024 illis
970 3958 1047 4024 solis
1072 3980 1168 4023 oran·
1218 3959 1305 4036 lans,
1334 3977 1374 4021 ea
1399 3957 1505 4039 speeie
1532 3959 1800 4024 consuetudinem
1826 3979 1923 4042 quam
1949 3957 2092 4022 habebat
2117 3979 2193 4023 cum

194 4044 281 4109 dum.
327 4041 438 4124 Quid?
464 4043 549 4127 qnod
571 4050 760 4127 sequeretur
782 4066 824 4110 ex
845 4046 954 4112 verbis
975 4044 1094 4123 Iacobi,
1117 4065 1168 4109 so-
1219 4043 1366 4108 Diacono
1392 4044 1616 4126 praetexuisse
1645 4043 1848 4128 deprehensa
1874 4048 1967 4109 esset
2012 4041 2066 4107 Ob
2088 4043 2122 4107 id
2143 4044 2192 4108 la-

193 4130 242 4196 los
270 4129 467 4195 sacrificulos
496 4131 642 4194 confiteri
668 4130 783 4213 posse?
812 4129 971 4213 siquidem
997 4130 1076 4195 dum
1097 4129 1169 4195 vult
1220 4130 1313 4194 cinus
1333 4128 1520 4208 Nectarins,
1548 4129 1601 4194 vir
1622 4133 1792 4196 sanctitate
1819 4137 1853 4194 et
1873 4128 2053 4195 eruditione
2075 4129 2193 4210 clarus,

193 4223 232 4282 ut
250 4222 366 4281 mutuo
388 4216 611 4295 confiteamur,
634 4237 688 4281 eos
710 4217 795 4282 solos
817 4217 860 4281 all
901 4219 991 4282 uitur
1012 4216 1067 4299 qui
1089 4215 1168 4280 alio-
1220 4215 1307 4280 illius
1328 4215 1483 4281 ecclesiae
1504 4215 1681 4299 episcopus,
1704 4215 1879 4283 confitendi
1896 4217 1996 4281 ritum
2014 4217 2197 4300 abrogavit:

194 4324 269 4368 rum
296 4302 530 4367 confessionem
563 4301 675 4366 audire
696 4304 847 4386 possint:
876 4293 1028 4382 αλλήλοις,
1051 4301 1167 4382 inquit,
1220 4301 1303 4382 Hic,
1322 4301 1376 4367 hic
1398 4321 1494 4366 aures
1515 4301 1600 4365 asini
1620 4302 1674 4366 isti
1702 4304 1857 4386 arrigant
1902 4300 1941 4367 Si
1962 4301 2017 4367 lex
2036 4302 2100 4368 Dei
2122 4307 2193 4366 crat

192 4396 321 4467 mutuo,
344 4387 500 4464 invicem,
523 4388 681 4468 vicissim,
704 4395 761 4454 aut
782 4390 810 4454 si
830 4388 972 4466 malunt,
996 4388 1166 4468 reciproce.
1222 4386 1413 4452 auricularis
1435 4385 1600 4467 confessio,
1623 4388 1679 4470 qui
1700 4410 1799 4454 ausus
1821 4396 1907 4453 esset
1925 4386 2098 4454 Nectarins
2120 4408 2193 4452 eam

193 4472 353 4541 Confiteri
379 4480 490 4538 autern
516 4475 678 4557 reciproce
708 4482 887 4557 nequeunt,
921 4475 985 4538 nisi
1011 4473 1066 4555 qni
1091 4479 1169 4536 sunt
1219 4474 1356 4556 refigere
1378 4493 1416 4538 ac
1437 4472 1638 4538 convellere?
1674 4474 1706 4538 N
1708 4475 1865 4540 octarium
1886 4481 2035 4539 sanctum
2052 4475 2117 4539 Dei
2134 4473 2193 4538 ho·

193 4559 362 4626 audiendis
390 4560 644 4626 confessionibus
671 4558 786 4624 idonei.
839 4558 915 4639 Qua
940 4557 1167 4642 praerogativa
1219 4559 1356 4635 minem,
1378 4559 1529 4624 omnibus
1549 4567 1699 4624 veterum
1720 4583 1758 4625 su
1847 4561 1884 4624 ¹'s
1904 4560 2092 4643 probatum,
2114 4559 2194 4623 hae·

213 4646 322 4711 nando
344 4646 428 4711 solos
445 4646 643 4711 sacrificulos
661 4644 847 4728 dignantur,
870 4666 929 4710 nos
948 4664 1074 4726 quoque
1091 4664 1168 4709 con·
1220 4665 1327 4709 roseos
1354 4650 1388 4708 et
1415 4644 1599 4710 schismatis
1626 4647 1825 4712 accusabunt
1890 4644 1959 4710 Sed
1986 4644 2100 4710 eodem
2127 4644 2193 4709 cal-

250 4731 307 4797 ndi
334 4753 454 4797 munus
483 4731 526 4796 ad
552 4753 606 4796 eos
634 4730 719 4795 solos
747 4730 944 4813 ablegamus.
988 4729 1169 4795 Facessant
1220 4730 1292 4796 culo
1314 4728 1517 4795 damnabunt
1538 4730 1708 4796 ecelesiam
1729 4731 2128 4814 constantinopolitanam,
2157 4731 2192 4793 in

192 4817 296 4902 igitur
318 4817 379 4882 hoc
397 4839 500 4901 genus
517 4822 726 4900 nugamenta,
750 4822 783 4880 et
799 4816 905 4899 ipsam
922 4815 1058 4898 apostoli
1075 4837 1167 4881 men·
1220 4837 1285 4899 qua
1304 4814 1479 4881 confitendi
1506 4837 1632 4881 morem
1657 4838 1723 4882 non
1749 4817 1791 4881 ad
1818 4825 1947 4900 tempus
1973 4815 2069 4882 modo
2097 4815 2193 4880 dissi·

192 4908 261 4969 tem
282 4903 491 4985 accipiamus;
514 4924 598 4985 quae
615 4901 754 4985 simplex
771 4909 821 4967 est
838 4910 871 4967 et
892 4909 1018 4986 aperta:
1040 4923 1167 4985 nempe,
1219 4901 1380 4966 mulctum
1400 4901 1514 4981 fuisse,
1542 4900 1600 4967 sed
1621 4902 1663 4967 ad
1684 4924 1779 4968 suam
1799 4925 1901 4987 usque
1922 4901 2113 4969 memoriam
2135 4901 2193 4966 ob·

193 4996 231 5054 ut
258 4997 387 5053 nostras
412 4989 620 5053 infirmitates
641 4989 786 5055 vicissm
808 4989 891 5054 alter
911 4990 947 5054 in
969 4988 1103 5054 alterius
1123 4988 1167 5054 si·
1219 4987 1372 5053 solevisse
1399 4988 1541 5053 affirmat
1569 4985 1778 5054 Soaomenns.
1828 4990 1900 5056 Imo
1927 5010 1993 5056 non
2015 4989 2193 5055 constanti·

1219 5073 1454 5156 nopelitanam,
1484 5073 1541 5138 sed
1568 5073 1741 5140 orientales
1768 5096 1880 5141 omnes
1908 5075 2059 5141 ecclesias
2086 5074 2192 5140 defec-

193 5159 396 5170 n——-—,

264 5259 292 5326 1)
315 5262 444 5314 tentata
463 5259 619 5316 reas-es.
1289 5260 1319 5329 r)
1335 5259 1399 5313 Fuit
1416 5262 1462 5314 aa
1479 5261 1554 5330 rapa
1573 5258 1632 5315 rsa
1695 5260 1726 5328 a)
1744 5263 1861 5331 rapsa.
1879 5262 1943 5317 sat.
1961 5263 2022 5317 aar.
2040 5263 2065 5317 s.
2081 5262 2118 5333 (v,
2138 5261 2195 5329 re).
