4732 6030
202 367 245 430 23
849 361 1115 431 INSTI'PUTIO
1135 362 1241 430 REL.
1267 361 1448 431 chalab.
1474 368 1566 428 1536.
2172 369 2216 428 24

202 539 317 607 eadem
343 561 472 623 semper
494 538 652 621 dignitate
678 537 720 602 ad
742 547 926 602 extremum
951 535 1180 619 perseveravit.
1234 537 1299 602 alia
1324 537 1523 602 nebulonum
1548 543 1698 619 portenta
1724 537 1894 615 excitavit,
1922 539 2039 622 quibus
2059 559 2134 603 eam
2156 539 2214 603 ob-

203 652 411 718 Eatebuntur
439 650 682 715 schismaticum
708 650 897 733 Eugenium
923 669 997 713 oum
1029 655 1098 711 tota
1124 669 1184 712 sua
1240 656 1387 714 souraret
1412 655 1444 712 et
1469 647 1602 713 tandem
1631 649 1845 732 extingueret
1890 650 2049 715 Etanna
2076 658 2215 732 utraque

207 765 348 840 cohorte,
372 783 392 825 a
412 783 478 845 qua
498 783 610 826 omncs
632 762 825 827 sanctificati
847 760 943 825 sunt?
993 761 1063 824 Aut
1084 759 1184 843 igitur
1234 761 1388 825 machina
1402 762 1508 842 ipsam
1524 767 1652 825 tentare
1667 751 1866 843 perseverat
1905 758 1943 826 Si
1960 760 2091 843 quidem
2105 768 2139 825 et
2156 783 2214 826 ve·

208 875 362 942 eeclesiae
398 876 538 939 formam
580 873 675 938 aliter
715 872 886 952 definiant,
926 881 984 936 aut
1029 876 1185 953 quotquot
1235 894 1310 935 rum
1324 871 1406 936 illud
1427 894 1539 937 semen
1557 874 1589 939 vi
1610 894 1647 938 ae
1664 893 1765 967 manu
1776 872 1946 937 hominum
1963 873 2102 939 evellere
2116 893 2215 939 cona·

204 995 294 1066 sunt,
318 986 527 1051 habebuntur
553 1008 573 1050 a
595 985 688 1049 nobis
714 985 924 1049 schismatici:
952 985 1008 1067 qui
1035 984 1182 1060 scientes,
1238 990 1301 1061 tur,
1314 991 1348 1048 et
1364 985 1431 1048 suis
1447 984 1578 1050 zizaniis
1599 984 1773 1068 (quantum
1790 984 1950 1069 insecat)
1969 970 2088 1049 nititur
2102 1006 2214 1051 occae-

203 1098 359 1176 volentes,
382 1098 423 1162 ab
444 1098 616 1162 haereticis
638 1096 778 1161 ordinati
800 1102 884 1160 sunt.
931 1092 1028 1176 Quod
1049 1097 1076 1159 si
1099 1117 1183 1159 nun-
1235 1116 1319 1173 care,
1342 1116 1384 1160 ne
1405 1103 1537 1173 creseat,
1561 1103 1594 1160 et
1614 1097 1757 1162 fructum
1776 1096 1911 1176 reddat.¹
1930 1096 1971 1161 Id
1983 1104 2094 1161 tamen
2104 1098 2215 1179 ipsum

202 1231 301 1293 quam
337 1218 434 1275 antea
465 1216 667 1291 compertum
705 1209 831 1286 fuisset,
875 1209 1019 1273 externis
1056 1207 1183 1289 pompis
1235 1206 1367 1283 furstra,
1389 1208 1417 1272 si
1434 1209 1628 1273 monitorem
1651 1204 1691 1293 [p.
1704 1206 1760 1294 tt]
1778 1209 1959 1274 Dominum
1980 1208 2139 1287 audimus,
2158 1209 2215 1292 qni

203 1343 271 1387 non
292 1322 420 1406 alligari
442 1322 621 1398 ecclesiam,
643 1321 706 1402 ipsi
727 1321 853 1402 prolixo
877 1319 1070 1385 documento
1090 1318 1184 1383 nobis
1236 1325 1269 1382 et
1290 1319 1360 1383 eius
1382 1327 1469 1384 artes
1495 1319 1598 1384 multo
1619 1327 1695 1384 ante
1713 1320 1806 1385 nobis
1828 1322 1969 1403 aperuit,
1998 1343 2040 1385 ne
2065 1321 2214 1386 incautos

209 1456 280 1500 esse
308 1442 457 1516 possunt,
484 1434 540 1515 qui
567 1431 626 1496 sub
654 1433 797 1514 specioso
822 1431 878 1495 illo
905 1431 1058 1497 eeclesiae
1078 1430 1182 1507 titulo,
1235 1428 1501 1512 deprehenderet,
1524 1439 1557 1495 et
1578 1439 1691 1496 contra
1712 1454 1824 1497 omnes
1846 1434 1915 1497 eius
1935 1432 2106 1498 machinas
2133 1433 2214 1498 satis

66 1620 81 1631 ⁶
202 1546 328 1612 tamdiu
350 1568 385 1611 se
408 1547 481 1611 orbi
501 1544 707 1627 superciliose
726 1542 951 1622 venditarunt,
978 1565 1054 1608 oum
1073 1550 1184 1606 tamen
1236 1544 1340 1607 firmis
1365 1544 1536 1626 praesidiis
1558 1545 1706 1609 armavit.
1752 1542 1941 1623 Caeterum,
1962 1545 1998 1608 in
2018 1545 2127 1627 ipsum
2148 1543 2214 1609 Dei

209 1668 319 1724 essent
340 1657 488 1722 exitiales
510 1656 664 1721 eeclesiae
685 1655 801 1738 pestes.
1238 1655 1375 1720 verbum
1397 1655 1555 1720 invidiam
1578 1656 1733 1734 conferre,
1758 1666 1815 1720 aut
1836 1656 2032 1721 seditionum
2053 1677 2134 1737 quas
2152 1655 2216 1719 im-

298 1771 351 1835 De
361 1769 506 1833 moribus
524 1791 590 1832 non
604 1765 644 1853 [p.
658 1766 712 1855 33]
725 1767 852 1850 loquor,
869 1775 902 1832 et
911 1767 1044 1850 tragicis
1056 1765 1121 1830 illis
1136 1765 1184 1828 la-
1237 1766 1329 1848 probi
1348 1774 1382 1831 et
1398 1768 1544 1844 rebelles
1564 1777 1621 1832 ant
1637 1777 1808 1846 sectarum,
1831 1789 1912 1851 quas
1930 1769 2121 1849 impostores
2138 1788 2216 1833 oon·

210 1881 382 1959 cineribus,
405 1882 521 1962 quibus
534 1886 636 1945 scatet
652 1886 843 1944 totaeorum
859 1881 937 1957 vita,
955 1877 1184 1961 quandoPha-
1235 1884 1288 1942 tra
1309 1879 1461 1955 excitant,
1483 1887 1605 1961 quanta
1627 1895 1677 1944 est
1697 1878 1906 1962 malignitas?
1946 1879 2078 1943 Novum
2104 1886 2216 1943 tamen

206 1996 328 2059 risacos
351 2015 386 2056 se
399 2014 469 2057 csse
482 1994 582 2069 aiunt,
604 1992 660 2073 qui
673 1993 740 2055 sint
757 1990 917 2069 audiendi,
940 2013 1006 2055 non
1019 1988 1182 2054 imitandi:
1239 1990 1425 2073 exemplum
1438 2013 1503 2054 uon
1514 1999 1571 2056 est.
1611 1991 1880 2074 Interrogabatur
1892 1991 1985 2057 Elias
2002 1989 2036 2075 (1
2050 1992 2133 2076 ch.
2148 1988 2215 2074 18),

206 2107 326 2189 ipsam,
353 2106 459 2188 ipsam
483 2098 677 2180 doctrinam,
706 2105 759 2167 cni
779 2102 813 2167 id
834 2102 943 2168 deberi
966 2104 1070 2178 aiunt,
1098 2100 1184 2184 quod
1238 2123 1281 2165 an
1302 2123 1369 2165 non
1389 2103 1418 2167 is
1440 2111 1526 2166 esset
1551 2104 1606 2184 qui
1634 2104 1787 2168 turbabat
1808 2103 1927 2181 Israel,
1956 2102 2109 2168 Christus
2130 2100 2216 2166 sedi-

205 2225 283 2282 sunt
304 2217 454 2292 ecelesia,
483 2215 649 2279 exitialem
676 2216 860 2279 animarum
881 2216 1112 2291 carnificinam,
1135 2213 1183 2276 fa·
1235 2214 1336 2301 tiosus
1369 2213 1500 2278 Indaeis
1530 2221 1604 2307 erat
1633 2215 1728 2300 (Luc.
1755 2213 2014 2299 23.Ioan.19),
2050 2212 2216 2296 Apostolis

207 2351 294 2406 cem,
323 2330 466 2405 ruinam,
501 2335 535 2392 et
558 2326 722 2392 excidium
749 2327 902 2391 eeclesiae
934 2348 1004 2390 esse
1030 2347 1096 2389 non
1127 2324 1183 2388 ob·
1235 2327 1360 2391 crimen
1370 2327 1612 2410 impingebatur
1628 2329 1850 2393 commotionis
1867 2326 2032 2409 popularis
2046 2326 2134 2411 (Act
2147 2324 2214 2408 24).

206 2463 299 2507 scure
322 2461 511 2527 cognosces,
540 2441 568 2503 si
590 2438 736 2532 legendis
762 2440 881 2503 nostris
904 2438 1106 2520 ahquantum
1127 2437 1183 2500 otii
1240 2437 1329 2518 Quid
1351 2439 1440 2502 aliud
1461 2447 1576 2523 agunt,
1605 2440 1660 2521 qui
1682 2438 1778 2503 hodie
1799 2460 1911 2503 omnes
1937 2420 2071 2513 turbass
2092 2435 2215 2501 turnul-

204 2554 253 2617 tui
285 2551 423 2618 decidas.
472 2552 643 2616 Postremo
673 2572 739 2615 non
772 2551 850 2614 satis
882 2549 1019 2614 candide
1050 2549 1182 2622 faciunt,
1238 2558 1304 2625 tus,
1328 2553 1563 2629 contentiones,
1593 2552 1732 2637 quaein
1759 2573 1818 2616 nos
1841 2550 2015 2630 ebulliunt,
2038 2551 2132 2615 nobis
2152 2549 2215 2613 im·

203 2654 278 2730 edm
296 2663 455 2728 invidiose
475 2670 738 2739 commemorant,
761 2667 898 2743 quantas
916 2661 1038 2738 turbas,
1061 2659 1183 2723 tumul-
1236 2662 1374 2744 putant?
1419 2663 1553 2728 Talibus
1574 2670 1684 2728 autem
1705 2652 1783 2746 quid
1804 2661 2066 2745 respondendum
2083 2661 2134 2741 ait,
2157 2659 2216 2725 do-

202 2784 270 2855 tus,
300 2777 523 2843 contentiones
550 2797 661 2839 secum
692 2774 831 2838 traxerit
861 2781 991 2837 nostrae
1019 2771 1184 2837 doctrinae
1236 2775 1304 2840 cuit
1323 2797 1382 2839 nos
1403 2775 1509 2840 Elias:
1539 2797 1598 2839 nos
1623 2797 1688 2838 non
1711 2797 1794 2852 esse,
1823 2775 1878 2856 qui
1899 2774 1952 2839 vel
1975 2795 2104 2839 errores
2122 2794 2214 2856 spar-

202 2888 400 2971 praedicatio
433 2894 468 2951 et
498 2908 578 2969 qnos
610 2907 697 2950 nunc
730 2887 764 2950 in
796 2884 908 2949 multis
939 2885 1063 2949 fructus
1090 2884 1181 2948 ferat.
1237 2887 1353 2969 gimus,
1373 2886 1426 2952 vel
1443 2887 1602 2952 tumultus
1625 2906 1873 2965 commovemus,
1893 2885 1950 2950 sed
1968 2907 2023 2951 eos
2040 2887 2137 2969 ipsos,
2158 2885 2216 2967 qui

205 2999 293 3066 Nam
315 3001 434 3064 horum
455 2998 617 3062 malorum
639 2997 734 3080 culpa
754 2996 889 3080 indigne
909 2997 944 3060 in
971 2997 1075 3078 ipsam
1098 2994 1183 3058 deri-
1235 2998 1300 3062 Dei
1327 3000 1442 3063 virtuti
1468 2999 1682 3064 obluctantur.
1726 2999 1853 3062 Verum
1881 3005 1919 3062 ut
1944 2997 2026 3062 illud
2047 3018 2152 3062 unum
2172 2995 2216 3060 ad

202 3100 315 3190 vatur,
338 3131 421 3193 quae
448 3111 483 3173 in
510 3116 643 3173 satanae
671 3108 830 3173 malitiam
851 3110 993 3191 torqueri
1018 3108 1181 3174 debuerat
1236 3109 1475 3175 retundendam
1502 3133 1613 3175 eorum
1635 3111 1852 3175 temeritatem
1879 3111 1958 3174 satis
1981 3118 2044 3188 est,
2072 3111 2120 3173 ita
2140 3130 2215 3172 rur-

163 3265 169 3277 ·
203 3223 268 3288 Est
296 3223 350 3288 hic
373 3221 475 3285 divini
501 3221 593 3285 verbi
615 3220 748 3303 quidam
769 3222 862 3304 quasi
884 3223 1012 3304 genius,
1041 3227 1079 3284 ut
1098 3241 1183 3283 nrm·
1236 3244 1309 3285 sum
1329 3222 1467 3286 aliorum
1479 3223 1693 3288 imbecillitati
1709 3221 1944 3287 occurrendum
1962 3228 2020 3299 est,
2041 3241 2120 3305 quos
2139 3219 2215 3284 tali·

202 3356 302 3418 quam
333 3341 481 3417 emergat
506 3334 613 3414 quieto
640 3353 678 3397 ac
707 3332 886 3396 dormiente
920 3342 1041 3397 satana.
1091 3332 1184 3395 Haeo
1236 3333 1297 3397 bus
1326 3333 1528 3400 offendiculis
1555 3335 1766 3412 commoveri,
1796 3355 1834 3398 ac
1860 3334 2066 3416 perturbatos
2097 3330 2137 3420 [p.
2157 3330 2214 3419 36]

205 3447 388 3512 certissima
414 3452 448 3508 et
471 3444 632 3525 imprimis
658 3443 764 3507 fidelis
786 3451 877 3522 nota,
905 3466 969 3526 qua
992 3444 1185 3510 discernitur
1236 3446 1398 3522 vacillare,
1413 3468 1564 3511 nonraro
1586 3446 1729 3528 contigit.
1762 3446 1792 3509 Ii
1809 3467 1887 3510 vero
1904 3468 1945 3511 ne
1963 3446 2025 3511 hac
2043 3445 2214 3527 perturba—

204 3581 226 3623 a
244 3557 456 3623 mendacibus
478 3556 642 3635 doctrinis,
665 3576 747 3637 quae
769 3577 805 3620 se
821 3556 915 3621 facile
932 3556 1082 3638 produnt,
1106 3557 1185 3620 dum
1238 3557 1325 3621 tione
1342 3557 1519 3637 labascunt,
1532 3557 1621 3623 aede
1638 3557 1744 3641 gradu
1761 3556 1962 3635 deiiciantur,
1977 3559 2084 3623 sciant
2099 3555 2215 3621 eadem

206 3670 317 3751 aequis
334 3670 481 3733 omnium
499 3669 631 3733 auribus
648 3668 849 3749 recipiuntur
866 3675 899 3732 et
916 3690 936 3733 a
951 3668 1074 3733 mundo
1091 3669 1183 3752 plau·
1238 3675 1388 3750 expertos
1411 3691 1480 3734 esse
1503 3692 1560 3736 suo
1583 3671 1712 3736 saeculo
1723 3670 1909 3753 Apostolos,
1939 3690 2021 3752 quae
2041 3690 2130 3734 nunc
2151 3690 2216 3733 usu

205 3780 302 3845 dente
331 3780 515 3845 audiuntur.
567 3778 623 3844 Sic
650 3779 787 3844 saeculis
809 3779 944 3863 aliquot,
972 3781 1088 3864 quibus
1108 3801 1183 3864 pro·
1236 3781 1328 3844 nobis
1355 3783 1500 3846 veniunt.
1549 3783 1657 3846 Erant
1682 3782 1803 3848 indocti
1825 3791 1858 3846 et
1884 3781 2064 3858 instabiles,
2094 3780 2150 3862 qui
2171 3778 2214 3844 ad

202 3891 313 3956 fundis
338 3892 481 3957 tenebris
503 3892 672 3956 submersa
690 3891 823 3956 fircrrmt
845 3888 886 3977 [p.
900 3891 954 3979 34]
978 3875 1101 3972 omnia,
1128 3893 1183 3957 isti
1235 3914 1329 3956 suam
1349 3893 1495 3974 ipsorum
1515 3896 1692 3976 perniciem
1709 3894 1940 3976 depravarent,
1963 3914 2046 3975 quae
2067 3913 2087 3955 a
2107 3890 2214 3955 Paulo

202 4002 318 4069 mundi
331 4002 460 4067 dominc
482 4002 630 4067 homines
651 4003 748 4068 ludus
769 4011 864 4069 erant
885 4025 923 4069 ac
935 4005 1033 4083 iocus,
1056 4026 1116 4070 nec
1132 4026 1182 4069 se·
1235 4003 1390 4069 divinitus
1416 4007 1536 4088 scripta
1561 4012 1668 4084 erant,
1696 4014 1734 4070 ut
1755 4007 1801 4070 ait
1821 4006 1941 4070 Petrus
1968 4003 2002 4089 (2
2021 4004 2109 4068 Petr.
2128 4002 2213 4088 ult).

204 4137 262 4182 cus
285 4113 580 4196 acSardanapalns
595 4115 710 4197 aliquis
726 4116 761 4179 in
784 4115 850 4180 alta
864 4137 943 4197 paco
957 4116 1123 4182 desidebat
1145 4137 1182 4181 ao
1234 4116 1342 4179 Erant
1362 4117 1426 4181 Dei
1448 4125 1700 4200 contemptores,
1729 4119 1881 4201 quicum
1908 4117 2083 4181 audiebant
2109 4112 2214 4180 abun·

205 4227 422 4313 delitiabatur.
440 4208 543 4306 *Quid
562 4227 649 4290 enim
666 4226 755 4291 aliud
773 4249 871 4310 quarn
887 4229 1013 4294 risisset
1030 4250 1068 4293 ac
1085 4228 1182 4291 lusis·
1234 4226 1328 4292 dasse
1348 4236 1526 4311 peceatum,
1549 4236 1588 4293 ut
1606 4231 1713 4313 gratia
1734 4229 1927 4307 exundaret,
1950 4229 2061 4293 statim
2082 4227 2213 4310 ingere·

202 4346 261 4418 set,
279 4337 457 4422 tranquilla
475 4360 512 4402 ac
529 4339 664 4419 pacifica
680 4340 774 4423 regni
790 4338 1013 4422 possessione?
1040 4341 1088 4404 At
1104 4358 1181 4404 vero
1234 4338 1327 4403 bant:
1368 4340 1572 4405 manebimus
1609 4342 1643 4406 in
1681 4348 1828 4424 peceato,
1861 4349 1899 4402 ut
1931 4340 2037 4424 gratia
2070 4336 2219 4404 abundet
2327 4381 2334 4395 ,

202 4451 258 4529 ubi
280 4451 339 4514 lux
361 4471 380 4514 e
401 4451 551 4532 supernis
574 4449 748 4534 affulgens,
771 4453 921 4518 tenebras
944 4454 1013 4517 eius
1035 4451 1181 4533 aliquan-
1234 4449 1344 4535 (Rom.
1369 4450 1413 4536 6).
1469 4451 1555 4517 oum
1589 4453 1777 4518 audiebant:
1809 4451 1922 4516 fideles
1948 4472 2014 4516 non
2047 4471 2118 4515 esse
2151 4447 2212 4518 sub

203 4572 275 4626 turn
298 4563 464 4641 discussit,
492 4563 549 4627 ubi
571 4562 684 4626 fortior
704 4563 760 4628 ille
782 4585 921 4648 regnum
946 4565 1016 4629 eius
1037 4562 1182 4627 turbavit
1234 4562 1321 4646 lege,
1353 4564 1502 4646 protinus
1541 4565 1743 4630 accinebant:
1776 4565 1995 4646 peccabimus,
2032 4562 2109 4646 quia
2145 4580 2213 4625 non

204 4695 241 4738 ao
262 4674 414 4755 perculit,
437 4681 508 4738 tum
529 4695 608 4738 vero
630 4674 761 4739 solitum
782 4697 878 4740 suum
898 4683 1061 4757 torporem
1083 4696 1182 4739 excu·
1234 4696 1347 4739 sumus
1369 4676 1429 4740 sub
1457 4676 1544 4760 lege,
1575 4677 1631 4742 sed
1659 4676 1719 4742 sub
1747 4677 1853 4759 gratia
1875 4676 1985 4760 (Rom
2005 4672 2049 4759 3).
2093 4674 2211 4750 Erant,

202 4789 272 4848 tere
294 4787 398 4867 coepit
424 4795 457 4849 et
483 4807 576 4850 arma
602 4788 772 4869 corripere.
816 4787 863 4853 Et
887 4787 1030 4870 primum
1051 4786 1182 4870 quidem
1235 4789 1290 4869 qui
1324 4787 1418 4852 illum
1461 4789 1540 4854 mali
1579 4809 1744 4854 suasorem
1783 4788 1966 4871 arguebant
2003 4786 2035 4871 (l
2062 4785 2136 4852 Cor.
2167 4783 2211 4868 l),

203 4895 373 4961 hominum
393 4918 511 4962 manus
528 4899 711 4977 concitavit,
734 4899 850 4982 quibus
866 4898 1107 4964 illucescentem
1124 4921 1181 4964 ve-
1232 4900 1460 4965 subintrabant
1479 4901 1574 4965 multi
1595 4883 1866 4983 pseudoapostoli,
1893 4900 1949 4983 qui
1970 4898 2138 4964 diruerent
2158 4917 2211 4961 ec-

202 5009 333 5073 ritatem
359 5008 519 5073 violenter
545 5012 749 5093 opprimeret.
804 5009 872 5075 Per
903 5032 983 5095 quas
1009 5011 1065 5075 ubi
1096 5011 1181 5076 nihil
1233 5012 1361 5092 elesius,
1390 5033 1472 5095 quas
1496 5015 1566 5095 ipsc
1588 5012 1816 5077 aedificaverat
1837 5011 1871 5096 (2
1891 5010 1964 5076 Gor.
1986 5015 2034 5074 ll.
2069 5008 2144 5074 Gal.
2166 5007 2209 5091 l).

201 5122 383 5204 profectum
408 5130 471 5200 est,
500 5122 542 5185 ad
569 5121 704 5187 insidias
731 5143 765 5187 se
787 5123 960 5202 convertit,
989 5122 1123 5189 dissidia
1147 5131 1181 5190 et
1234 5122 1377 5204 Quidam
1403 5145 1463 5206 per
1488 5124 1646 5190 invidiam
1673 5133 1706 5187 et
1732 5124 1971 5188 contentionem
1998 5144 2057 5187 nec
2084 5122 2212 5186 sineere

203 5231 393 5317 dogmatum
418 5233 642 5299 contentiones
669 5255 729 5316 per
759 5231 1000 5316 Catabaptistas
1029 5258 1118 5315 suos,
1145 5245 1179 5301 et
1230 5235 1450 5320 Evangelium
1471 5234 1711 5318 praedicabant,
1732 5234 1892 5300 malitiose
1914 5235 2012 5300 etiam
2030 5235 2211 5318 cogitantes

967 5535 978 5573 t
