4770 6030
219 320 279 383 143
869 310 1135 380 INSTITUTIO
1159 312 1263 378 REL.
1287 311 1467 379 CHRIST.
1493 317 1585 380 1536.
2168 319 2229 381 144

215 527 291 571 mus
319 506 406 569 enim
434 510 601 569 aeternam
629 511 662 568 et
689 508 846 586 perpetuo
875 507 1097 567 constaturam
1119 522 1194 584 pro·
1246 501 1282 565 in
1304 522 1401 566 earne
1423 522 1483 568 nos
1505 504 1662 581 retinent,
1692 502 1749 568 sed
1770 512 1847 568 vere
1869 503 2081 586 spiritualiter
2101 503 2226 569 docent.

215 591 418 669 missionem,
447 611 511 673 qua
532 587 685 655 Christus
712 590 859 654 sitientes
886 586 929 651 ad
957 609 992 651 se
1018 594 1128 666 vocat,
1158 593 1195 651 ut
1246 587 1374 652 Verum
1405 589 1538 670 propius
1571 587 1679 654 adhuc
1712 589 1935 672 inspiciamus,
1970 595 2048 673 quot
2081 596 2229 656 monstra

215 678 330 743 bibant
353 697 453 758 equas
474 676 568 741 vivas
587 673 692 760 (Ioan.
706 679 733 738 7.
756 675 819 745 Ies.
842 672 905 757 55).
940 670 1009 737 Sed
1027 678 1197 738 cessarunt
1246 673 1356 738 foveat
1377 673 1505 756 alatque
1526 673 1607 739 haec
1624 673 1795 759 pinguedo.
1837 672 1963 741 Dicun‘t
1983 676 2037 741 isti
2059 681 2226 742 unctores:

193 763 273 828 illa
305 763 463 827 virtutum
496 761 655 827 miracula
693 767 726 825 st
757 759 948 824 manifestae
982 759 1194 841 operationes,
1247 759 1398 841 spiritum
1419 766 1569 825 sanctum
1596 761 1631 825 in
1658 760 1819 842 baptismo
1841 760 1883 825 ad
1904 762 2124 827 innocentiam
2146 761 2226 839 dari,

215 871 298 932 quae
314 869 374 931 per
395 870 554 913 manuum
570 847 808 930 impositionem
827 844 1112 923 distribuebantur,
1135 866 1195 910 nec
1246 845 1282 908 in
1310 845 1569 924 confirmatione,
1604 845 1646 910 ad
1673 846 1798 930 gratiae
1827 853 2040 935 augmentum
2047 871 2056 927 ;
2084 848 2120 912 in
2146 848 2227 932 bap-

215 933 332 1000 m‘siad
351 940 480 1017 tempus
496 955 566 999 esse
584 932 774 998 debuenmt.
807 929 962 1081 Ogorhrit
977 931 1064 994 enim
1075 952 1195 996 novam
1247 930 1359 994 tismo‘
1373 953 1433 996 nos
1465 932 1652 1015 regenerari
1685 931 1728 997 ad
1757 933 1877 1012 vitam,
1915 934 1952 997 in
1981 933 2227 1000 confirmatione

216 1020 378 1103 evangelii
395 1019 677 1103 praedicationem,
696 1040 819 1084 novum
866 1016 962 1081 bristi
978 1038 1126 1100 regnum,
1144 1017 1195 1081 in-
1246 1037 1306 1082 nos
1334 1015 1375 1081 ad
1402 1038 1548 1102 pugnam
1572 1017 1698 1087 instrui.
1744 1017 1791 1082 Et
1817 1017 1898 1083 adeo
1925 1019 2008 1083 nihil
2037 1041 2091 1084 eos
2116 1019 2226 1102 pudet,

215 1106 334 1172 auditis
362 1112 395 1171 et
421 1107 585 1171 inusitatis
612 1104 778 1170 miraculis
802 1102 960 1167 illustrari
988 1109 1021 1166 et
1043 1103 1195 1186 magnifi-
1247 1108 1285 1166 ut
1312 1109 1434 1186 negent
1455 1104 1653 1186 baptismum
1671 1103 1733 1169 rite
1756 1103 1826 1168 sine
1848 1106 2093 1170 confirmatione
2114 1108 2229 1188 perfici

216 1194 292 1259 cari.
336 1193 369 1256 A
390 1193 507 1274 quibus
528 1193 585 1255 ubi
606 1191 745 1257 cessavit
761 1189 933 1267 Dominus,
955 1209 1024 1253 non
1046 1190 1194 1271 protinus
1247 1209 1361 1270 posse·
1403 1186 1643 1272 Onequitiam.
1689 1191 1745 1254 An
1773 1211 1839 1254 non
1866 1191 1968 1274 igitur
1998 1191 2034 1254 in
2064 1192 2227 1275 baptismo

216 1279 387 1346 ecclesiam
414 1299 508 1344 suam
536 1276 693 1355 deseruit,
721 1275 778 1341 sed
795 1275 890 1359 regni
911 1274 963 1339 sui
983 1275 1196 1358 magnificen-
1248 1271 1381 1339 Christo
1413 1274 1593 1358 consepulti
1625 1297 1754 1355 sumus,
1792 1276 1870 1341 facti
1906 1278 2080 1360 participes
2113 1280 2228 1344 mortis

216 1366 313 1444 tiam,
341 1365 495 1447 verbique
518 1364 567 1428 sui
578 1362 784 1446 ,dignitatem
807 1361 885 1444 satis
907 1359 1106 1426 excellenter
1124 1381 1196 1424 ma·
1248 1359 1317 1424 eius
1345 1357 1455 1445 (Rom.
1477 1359 1530 1510 fi),
1563 1357 1603 1447 [p.
1621 1359 1697 1448 292]
1726 1367 1763 1426 ut
1791 1368 1825 1427 et
1850 1363 2096 1429 resurrectionis
2125 1365 2228 1431 simus

217 1451 370 1516 nifestam
392 1449 509 1516 docuit
1247 1444 1432 1510 consortes?

304 1533 380 1616 Qua
400 1536 502 1619 igitur
528 1535 563 1599 in
589 1539 683 1617 parte
704 1533 879 1597 histriones
900 1532 956 1597 isti
978 1529 1137 1614 apostolos
1161 1552 1195 1595 se
1248 1536 1281 1595 et
1293 1532 1381 1596 vitae
1392 1531 1526 1611 Christi,
1548 1532 1674 1599 Paulus
1695 1533 1930 1616 interpretatur
1944 1535 2229 1602 mortificationem

218 1622 340 1687 imitari
363 1619 494 1687 dicent?
538 1620 612 1684 Hoc
635 1618 799 1703 agendum
820 1623 891 1683 erat
911 1638 1070 1682 manuum
1091 1617 1195 1699 impo-
1247 1617 1354 1682 canris
1380 1623 1525 1698 nostrae,
1559 1619 1813 1684 vivificationem
1841 1620 1987 1702 spiritus,
2020 1621 2107 1704 quod
2133 1632 2229 1689 vetus

115 1758 118 1765 f
218 1709 349 1785 sitione,
376 1714 415 1771 ut
442 1706 575 1774 evidens
603 1705 737 1787 spiritus
764 1705 869 1770 sancti
892 1704 999 1769 virtus
1027 1703 1138 1766 statim
1160 1724 1196 1768 se
1247 1703 1344 1767 homo
1366 1712 1476 1768 noster
1493 1705 1667 1771 crucifixus
1689 1711 1747 1783 est,
1770 1705 1857 1789 quod
1873 1728 1932 1771 nos
1954 1707 1990 1769 in
2011 1708 2155 1773 novitate
2177 1709 2228 1773 vi-

217 1800 374 1860 exereret.
418 1792 460 1857 Id
487 1814 552 1856 non
580 1791 733 1855 efficiunt
778 1788 867 1871 Quid
892 1790 994 1873 igitur
1016 1810 1076 1871 pro
1095 1810 1131 1853 se
1168 1814 1195 1867 p.
1246 1794 1300 1852 tae
1322 1789 1535 1855 ambulamus.
1580 1788 1669 1871 Quid
1696 1797 1747 1855 est
1772 1792 1890 1856 instrui
1910 1791 1953 1857 ad
1974 1813 2132 1876 pugnam,
2162 1795 2227 1860 nisi

220 1878 297 2029 29οᾹ
313 1880 437 1945 iactant
457 1898 615 1943 manuum
635 1874 895 1961 impositionem?
922 1896 1020 1970 quam
1044 1875 1177 1958 aposto'
1247 1874 1309 1939 hoc
1337 1874 1408 1938 est?
1454 1872 1551 1955 Quod
1578 1882 1688 1941 autem
1710 1878 1836 1957 Lucas,
1865 1899 1902 1942 eo
1930 1899 2028 1960 quem
2055 1879 2227 1947 citavimus

217 1968 274 2049 qui
297 1987 349 2030 em
370 1967 405 2029 in
426 1987 489 2029 usu
510 1965 609 2029 fuisse
626 1964 780 2047 legimus,
804 1960 862 2026 sed
882 1982 1015 2044 prorsus
1037 1960 1073 2024 in
1095 1961 1213 2031 alium¹
1249 1959 1332 2039 loeo,
1362 1959 1441 2025 dicit
1467 1961 1644 2044 baptisatos
1666 1961 1702 2025 in
1721 1964 1853 2027 nomine
1875 1963 1952 2028 Iesu
1970 1963 2095 2030 Christi
2116 1966 2225 2045 fuisse,

217 2054 326 2117 finem.
359 2050 518 2115 Eiusdem
540 2049 601 2114 hoc
623 2049 757 2114 rationis
780 2053 837 2126 est,
861 2048 948 2112 acsi
970 2048 1042 2130 quis
1064 2045 1194 2125 diceret,
1248 2047 1304 2128 qui
1326 2067 1392 2110 non
1414 2048 1613 2129 accepissent
1634 2048 1787 2130 spiritum
1803 2057 1961 2129 sanctum,
1985 2070 2052 2115 non
2074 2051 2229 2134 simpliei-

217 2139 333 2202 flatum
343 2136 445 2216 illum,
468 2157 531 2219 quo
541 2136 704 2200 Dominus
715 2133 888 2216 discipulos
904 2154 980 2198 suos
992 2133 1125 2210 afflavit,
1144 2153 1195 2197 sa
1248 2138 1300 2195 ter
1321 2137 1428 2215 negat,
1451 2131 1519 2197 ullo
1536 2134 1669 2216 spiritus
1693 2131 1777 2200 dono
1798 2134 1977 2218 praeditos,
1995 2137 2052 2219 qui
2072 2137 2108 2201 in
2130 2135 2250 2223 Obri-¹

218 2228 423 2290 aramentum
434 2242 513 2300 esse,
530 2242 593 2304 quo
605 2220 701 2285 detur
716 2220 849 2303 spiritus
865 2224 997 2284 sauctus
1009 2216 1114 2303 (Ioan.
1128 2216 1194 2301 20).
1249 2223 1336 2281 stum
1354 2217 1450 2283 corde
1467 2218 1645 2299 crederent,
1664 2227 1697 2285 et
1713 2222 1821 2303 ipsum
1838 2243 1894 2286 ore
1912 2222 2153 2304 confiterenhu,
2172 2223 2231 2290 sed

218 2309 321 2392 Atqui
347 2308 408 2374 hoc
436 2307 536 2374 semel
558 2307 720 2372 Dominus
749 2326 825 2370 eum
850 2305 940 2385 fecit,
967 2324 1034 2368 non
1063 2326 1083 2368 a
1103 2303 1196 2369 nobis
1249 2304 1468 2387 acceptionem
1488 2306 1623 2387 spiritus
1642 2306 1804 2391 intelligit,
1826 2329 1891 2391 qua
1911 2308 2104 2374 manifestae
2125 2310 2229 2377 virtu·

217 2395 291 2460 fieri
301 2395 400 2460 etiam
420 2393 531 2460 voluit.
560 2391 616 2457 Ad
637 2414 714 2457 eum
729 2388 863 2456 modum
878 2395 912 2455 et
926 2389 1061 2473 apostoli
1078 2411 1196 2454 manus
1249 2394 1298 2453 tes
1320 2396 1354 2452 et
1374 2390 1518 2456 visibiles
1540 2393 1666 2475 gratiae
1682 2393 1953 2476 percipiebantur.
1998 2392 2055 2460 Sic
2078 2395 2231 2479 dieuntm

218 2481 443 2564 imponebant,
478 2500 537 2562 pro
565 2499 603 2543 eo
631 2485 774 2557 tempore
801 2497 864 2559 quo
890 2475 1035 2542 visibiles
1063 2476 1196 2558 spiritus
1249 2474 1385 2557 apostoli
1413 2477 1564 2559 spiritum
1591 2479 1753 2562 accepisse
1778 2479 1814 2544 in
1836 2478 1888 2546 die
1910 2485 2126 2562 penteoostes,
2154 2503 2230 2546 cum

219 2567 324 2632 sancti
411 2567 489 2646 tias,
522 2564 564 2631 ad
597 2585 710 2629 eorum
736 2584 849 2645 preces
879 2561 1100 2627 administrari
1127 2561 1197 2625 Do·
1247 2559 1345 2644 longe
1372 2567 1469 2627 antea
1497 2562 1562 2628 illis
1590 2562 1765 2630 aOhn'sto
1791 2564 1915 2630 dietum
1941 2572 2040 2632 esset:
2073 2566 2148 2632 Non
2169 2588 2229 2632 vos

218 2653 307 2718 mino
328 2587 490 2736 pffcebat,
520 2673 586 2715 non
613 2656 651 2714 ut
676 2650 798 2733 posteri
825 2669 966 2714 vacuum
988 2653 1022 2712 et
1042 2647 1198 2730 frigidum
1249 2648 1327 2711 estis
1354 2648 1410 2730 qui
1435 2647 1620 2733 loquimini,
1655 2649 1712 2715 sed
1740 2651 1873 2733 spiritus
1900 2653 2004 2734 patris
2027 2653 2144 2732 vestri,
2173 2653 2230 2735 qui

219 2740 364 2823 signum,
387 2738 473 2820 quod
495 2738 608 2803 simiae
628 2737 710 2800 istae
731 2735 871 2814 faciunt,
891 2733 1047 2798 mimitice
1068 2741 1198 2797 tantum
1249 2731 1392 2814 loquitur
1409 2734 1444 2797 in
1465 2734 1557 2800 vobis
1577 2732 1712 2820 (Mattlu
1735 2736 1797 2821 10).
1842 2736 1962 2803 Videte
1978 2737 2174 2804 malitiosam
2195 2748 2230 2803 et

218 2831 252 2892 et
273 2825 343 2890 sine
364 2845 401 2889 re
422 2825 623 2907 effingerent.
654 2819 751 2902 Quod
772 2821 975 2885 simanuum
994 2819 1198 2900 impositione
1252 2818 1411 2883 sonticam
1433 2825 1566 2885 satanae
1587 2821 1745 2901 fraudem,
1766 2823 1823 2906 qui
1845 2843 1887 2888 ex
1908 2824 1980 2889 Deo
2001 2825 2087 2889 estis.
2131 2822 2229 2906 Quod

603 2904 1198 3077 <eu
1250 2905 2230 3078 m...

219 3075 1044 3248 {ttctttttsttstttttutttt
1067 3083 1197 3227 tttt
1251 3074 1763 3248 ...tutttltbttth
1778 3087 1928 3250 iffi
1946 3081 2230 3250 lffllslfffi

219 3254 291 3339 quis
312 3254 381 3318 vim
401 3251 576 3318 roborandi
595 3251 643 3315 illi
670 3248 869 3315 attribuere?
910 3250 966 3313 An
985 3247 1120 3327 Paulus,
1143 3249 1200 3330 qui
1251 3249 1384 3327 scissas,
1418 3249 1482 3314 alio
1511 3248 1638 3315 derivat
1666 3258 1699 3315 et
1726 3251 1903 3318 transfert?
1953 3253 2229 3338 Deprehenditur,

218 3361 287 3440 nos·
300 3339 341 3404 ab
364 3339 533 3438 elementis
553 3338 652 3402 huius
672 3334 910 3486 mmdtdhbngo
926 3332 1113 3486 διδεὺιιιὲἱι,
1135 3335 1199 3486 dlii
1250 3334 1494 3486 ilpquam,q)uali
1503 3335 2030 3488 nitahrfifqlmdamentopraeclara
2038 3340 2228 3440 istaunctio.

218 3425 355 3578 hhbiere
394 3424 608 3576 (lallhmnfldl.
623 3444 798 3594 2bllamHoo
820 3441 1199 3605 vbioondrirbambljcsed
1249 3441 1407 3589 babtisvaeti
1425 3420 2071 3586 drilhtfsftlhiistum3ihdih'lsddscuriiubuid
2090 3424 2230 3598 [(3ὴὲξῆ

220 3621 241 3664 a
261 3597 421 3676 Domino,
455 3595 609 3661 audacter
629 3594 817 3678 pronuncio.
863 3589 930 3672 Qm
951 3591 1060 3656 oleum
1080 3597 1200 3690 vocant
1252 3591 1345 3658 donis
1352 3616 1360 3672 ;
1387 3592 1526 3658 verbum
1551 3600 1738 3660 unctorum:
1768 3596 1895 3662 nullam
1920 3597 2166 3679 promissionem
2194 3597 2231 3662 in

219 3683 327 3749 oleum
348 3682 472 3761 salutis,
491 3681 630 3747 salutem
651 3701 734 3763 quae
755 3680 791 3744 in
814 3676 946 3744 Ohristo
968 3684 1018 3742 est
1037 3677 1198 3757 abrurant,
1251 3678 1412 3761 baptismo
1431 3680 1628 3762 percepisse,
1652 3702 1717 3764 qua
1737 3682 1773 3746 in
1795 3682 1953 3767 agonibus
1973 3683 2176 3749 instruamur
2193 3681 2229 3766 ¹).

167 3851 169 3854 1
220 3767 391 3834 Christum
420 3769 599 3851 abnegant,
627 3771 756 3850 partem
781 3765 816 3829 in
843 3784 945 3848 regno
965 3764 1030 3828 Dei
1051 3785 1117 3828 non
1138 3764 1198 3828 ha
1251 3763 1316 3828 Illa
1342 3786 1408 3830 vox
1430 3771 1480 3831 est
1501 3766 1664 3846 veritatis,
1694 3766 1786 3834 haue.
1806 3768 1969 3835 mendacii
1995 3790 2066 3835 esse
2092 3775 2228 3852 oportet.

219 3856 305 3921 bont.
351 3852 472 3920 Oleum
491 3855 579 3921 cuim
600 3852 764 3917 ventriet
783 3857 899 3916 venter
918 3849 1002 3928 oleo,
1025 3855 1199 3933 utrumque
1251 3849 1373 3916 Verius
1400 3872 1478 3935 ergo
1506 3849 1640 3916 definire
1667 3853 1754 3919 hane
1780 3855 2059 3921 confirmationem
2086 3875 2229 3938 possum,

219 3941 382 4006 Dominus
404 3940 562 4019 destruet3
586 3939 696 4003 omnia
717 3937 806 4002 enim
826 3936 890 4002 ista
912 3933 954 4023 [p.
967 3949 1025 4002 291
1067 3936 1200 4001 infirma
1252 3957 1351 4018 quam
1367 3937 1431 4019 ipsi
1444 3936 1602 4003 haetenus
1620 3938 1819 4004 definierint:
1843 3962 1959 4024 nempe
1976 3942 2037 4007 ins'
2087 3962 2140 4006 em
2157 3961 2228 4007 esse

219 4027 394 4104 elementa,
423 4047 506 4108 quae
528 4047 589 4089 usu
607 4025 677 4107 ipso
696 4024 876 4101 intereunt,
899 4021 983 4086 nihil
1060 4042 1200 4106 regnum
1251 4022 1405 4104 baptismi
1426 4023 1665 4103 contumeliam,
1687 4046 1771 4107 quae
1790 4048 1887 4093 usum
1906 4026 2008 4109 ipsius
2031 4048 2050 4091 o
2072 4033 2183 4095 sourat
2199 4034 2233 4092 et

218 4113 284 4177 Dei
304 4111 479 4195 pertinent,
503 4109 589 4194 quod
610 4108 778 4193 spirituale
800 4114 850 4174 est
871 4114 905 4172 et
925 4128 1095 4190 nunquam
1115 4109 1199 4173 inte-
1251 4108 1372 4187 abolet;
1399 4107 1516 4174 falsam
1537 4131 1608 4175 esse
1630 4109 1749 4177 diaboli
1770 4113 2043 4196 pollicitationem,
2067 4134 2150 4196 quae
2170 4134 2232 4180 nos

218 4200 368 4263 riturum.
405 4194 494 4277 Quid
513 4196 634 4281 igitur?
665 4194 942 4277 dixerit-aliquia
971 4192 1086 4258 eadem
1111 4194 1200 4258 linea
1252 4214 1272 4257 a
1299 4195 1436 4259 veritate
1463 4195 1529 4260 Dei
1562 4196 1740 4263 abstrahat.
1795 4199 1880 4278 Aut,
1914 4200 1943 4264 si
1968 4199 2090 4278 mavis,
2123 4199 2233 4265 oleum

221 4283 349 4350 metiris
371 4304 489 4366 aquam
509 4303 574 4365 qua
589 4281 801 4364 baptisamur,
821 4287 854 4345 et
874 4300 993 4361 panem
1015 4300 1053 4345 ac
1074 4280 1198 4358 vinum,
1251 4278 1372 4345 diaboli
1391 4279 1561 4349 mendacio
1582 4282 1756 4365 pollutum,
1785 4284 1872 4368 quod
1893 4286 1984 4352 velut
2004 4284 2117 4350 offirsis
2139 4290 2254 4368 tene·¹

127 4435 130 4445 ,
220 4371 281 4437 sub
302 4370 419 4452 quibus
442 4389 542 4433 coena
558 4367 694 4432 Domini
715 4365 909 4431 exhibetur?
1251 4365 1320 4430 bris
1350 4366 1547 4448 simplicium
1573 4376 1699 4435 mentes
1732 4371 1832 4436 fallat.
1882 4369 2021 4437 Addunt
2045 4376 2229 4455 praeterea:

304 4453 513 4539 Respondeo:
547 4455 583 4518 in
610 4452 822 4519 sacramentis
850 4451 986 4519 Domini
1015 4450 1079 4515 duo
1107 4470 1198 4532 spee-
1249 4450 1363 4516 fideles
1382 4473 1495 4517 omnes
1517 4454 1667 4536 spiritum
1688 4466 1839 4523 sanetum
1859 4478 1919 4540 per
1940 4477 2099 4522 manuum
2127 4456 2232 4540 impo-

219 4540 320 4607 tanda
347 4562 433 4618 esse,
466 4541 682 4605 substantiam
714 4539 763 4602 rei
794 4558 966 4620 corporeae
999 4557 1081 4620 quae
1105 4536 1198 4601 nobis
1252 4537 1402 4602 sitionem
1424 4539 1570 4622 accipere
1590 4540 1729 4623 debere,
1752 4550 1827 4626 post
1847 4543 2061 4627 baptismum,
2089 4548 2127 4607 ut
2142 4541 2233 4625 pleni

219 4628 411 4709 proponitur
439 4633 472 4691 et
498 4627 652 4705 formam,
683 4645 767 4707 quae
792 4623 841 4687 illi
868 4645 888 4688 a
916 4622 1017 4688 verbo
1043 4622 1108 4686 Dei
1136 4623 1198 4687 im-
1251 4622 1432 4689 Christiani
1447 4625 1666 4707 inveniantur,
1681 4629 1757 4712 quia
1766 4627 2233 4712 nunquameritOhristianus,

220 4734 333 4796 pressa
354 4717 412 4793 est,
430 4713 466 4777 in
485 4733 550 4795 qua
570 4717 640 4776 tota
660 4711 711 4776 vis
728 4711 825 4776 iacet:
849 4715 1008 4792 quatenus
1026 4729 1104 4792 ergo
1121 4708 1198 4774 sub·
1251 4709 1315 4773 nisi
1342 4711 1398 4792 qui
1423 4711 1667 4779 confirmatione
1694 4715 1867 4798 episcopali
1894 4715 1993 4795 firerit
2024 4713 2230 4780 chrismatus.

220 4799 376 4864 stantiam
403 4820 498 4863 suam
524 4798 683 4876 retinent,
713 4796 822 4879 panis,
849 4796 981 4874 vinum,
1011 4814 1096 4877 aqua
1115 4815 1198 4877 quae
1251 4794 1344 4861 Haec
1361 4795 1409 4859 illi
1427 4796 1469 4863 ad
1488 4797 1675 4884 verbum2).
1706 4801 1809 4884 Atqui
1824 4801 1995 4883 putabam,
2018 4819 2230 4884 quaecunque

220 4885 364 4968 aspectui
386 4891 497 4950 nostro
513 4885 549 4948 in
566 4883 778 4949 sacramentis
798 4881 988 4959 offeruntur,
1008 4879 1097 4947 valet
1113 4901 1198 4945 sem·
1253 4880 1294 4945 ad
1322 4881 1600 4950 christianismum
1621 4886 1801 4968 pertinent,
1829 4888 1939 4952 omnia
1966 4887 2135 4971 scripturis
2155 4907 2232 4971 per-

219 4991 279 5054 per
294 4968 377 5034 illud
385 4969 483 5035 Pauli
500 4967 533 5055 (l
548 4967 621 5035 Oor.
635 4967 680 5054 6),
703 4988 778 5034 esca
794 4967 904 5033 ventri
920 4971 954 5031 et
968 4971 1084 5032 venter
1102 4966 1197 5047 eseis;

220 5057 313 5120 Bous
336 5061 510 5138 umque
532 5055 685 5121 demet*
721 5055 938 5119 Praetereunt
959 5051 1047 5117 onim
1067 5058 1101 5118 et
1122 5074 1198 5119 Μ’
1320 5104 1350 5170 l)
1367 5105 1512 5158 Decretum
1541 5083 1622 5160 (irat.¹
1652 5109 1687 5161 de
1717 5118 1864 5163 consecrat.
1894 5110 1957 5163 dist.
1984 5109 2008 5164 5.
2033 5127 2055 5163 c.
2080 5110 2174 5179 Spirit.
2202 5109 2230 5163 S.

220 5146 360 5208 nfflssussl
380 5162 455 5241 otlm
476 5143 583 5224 fifflll'st
603 5141 701 5206 hUlUfl
728 5138 851 5204 mundi·
897 5136 1067 5239 Quatenm
1089 5145 1199 5204 autem
1228 5171 1281 5240 ,2)
1300 5173 1394 5226 Verba
1417 5191 1439 5226 o.
1465 5177 1487 5227 l.
1529 5175 1569 5228 De
1591 5184 1738 5231 consecrat.
1762 5178 1824 5232 dist.
1848 5177 1872 5232 5.
1914 5181 1948 5232 In
1971 5179 2064 5233 concil.
2087 5179 2229 5232 Aurelian.

220 5227 320 5293 verbo
348 5228 414 5292 Der
440 5229 699 5306 sauebficautur,
728 5231 765 5290 ut
792 5230 997 5290 sacramenta
1025 5231 1104 5303 sint,
1133 5246 1200 5291 non
1251 5241 1317 5294 itia
1336 5243 1380 5295 cit.
1416 5242 1456 5295 Ut
1474 5243 1556 5296 ieiuni
1574 5250 1624 5299 ete.
1643 5246 1677 5298 de
1695 5256 1843 5303 camara.
1861 5248 1924 5301 dist.
1943 5246 1967 5302 5.

1514 1468 1575 1512 auo
1602 1452 1712 1512 autem
1738 1448 2020 1531 participationem
2054 1456 2087 1514 et
2112 1451 2228 1517 mortis
2329 1496 2333 1506 ·
