4770 6030
191 340 235 403 sa
636 372 642 381 -
792 312 811 350 ⁴
840 329 1106 397 6161116116
1127 330 1232 396 6116.
1256 329 1438 397 661666.
1464 333 1556 394 1666.
2161 332 2203 392 61

198 509 362 575 duntaxat
387 507 524 591 gloriam
553 505 709 588 petimus,
739 510 777 567 ut
808 525 848 569 ea
877 525 997 588 magno
1025 501 1177 567 desiderii
1232 502 1346 569 orandi
1378 501 1547 581 mandato,
1582 501 1697 566 eadem
1727 500 1885 565 exorandi
1911 501 2124 584 promissione
2151 503 2202 567 in·

197 598 326 661 fervore
352 600 386 658 et
413 600 505 656 aestu
532 597 698 674 petamus;
725 597 763 654 ut
788 611 864 654 cum
890 590 1032 672 petimus
1056 609 1176 653 nomeu
1227 589 1345 654 66161661
1373 585 1414 673 [p
1436 585 1526 738 16611
1535 588 1716 669 6166611166
1743 608 1864 651 sumus.
1913 586 2005 651 Deus
2031 609 2109 653 vero
2137 609 2203 655 non

199 682 269 747 eius
296 676 505 754 sanctificari,
534 675 687 743 ardenter
709 672 761 760 (ut
781 676 829 740 ita
855 673 976 761 dicam)
1004 672 1177 739 6661166116
1229 697 1271 740 ex
1302 694 1460 758 personae
1518 674 1652 757 'gnitate
1681 672 1835 737 orationis
1866 672 2008 754 pretium
2042 675 2201 753 aestimat,

199 773 233 834 et
258 763 397 830 sitienda
424 772 475 827 est
499 762 557 827 illa
583 761 804 827 sanctificatio.
851 758 892 846 [p.
912 757 987 846 160]
1007 757 1045 827 Si
1067 760 1176 841 itaque
1226 782 1345 827 verum
1366 760 1407 825 ob
1432 758 1532 824 fidem
1551 758 1726 837 duntaxat,
1754 759 1791 822 in
1811 779 1876 840 qua
1897 766 1931 822 et
1951 779 2009 823 suo
2030 768 2202 842 praecepte

198 872 258 918 nos
302 855 487 915 aenatorum
507 847 592 912 mole
609 848 715 930 premi
733 869 770 913 ae
787 847 936 913 laborare
953 844 1175 928 intelligimus,
1229 845 1384 911 obediunt
1401 860 1435 909 et
1451 867 1530 911 suae
1541 844 1747 928 promissioni
1764 843 1939 909 ccufidrmt.
1969 844 2126 924 Rursum,
2147 848 2204 928 qui

161 998 163 1003 2
199 938 227 1003 si
248 871 346 1000 16166
374 933 524 998 6166111116
551 955 671 999 166666
692 934 896 1016 inspicimus,
925 954 1008 1015 quae
1035 931 1177 1015 gratiam
1226 932 1292 997 Dei
1310 932 1523 1014 promissione
1544 951 1661 1014 parum
1677 930 1793 1008 securi,
1815 929 1986 994 veritatem
2003 931 2073 996 eius
2090 932 2125 997 in
2143 932 2203 997 du·

199 1020 287 1105 apud
303 1020 414 1087 Deum
430 1019 524 1085 nobis
542 1019 714 1084 conciliare
733 1020 871 1101 possint:
894 1041 937 1084 ne
955 1018 1008 1083 hic
1025 1038 1084 1082 nos
1103 1037 1176 1083 sen·
1227 1018 1319 1083 bium
1335 1024 1463 1096 venant,
1485 1023 1582 1100 atque
1603 1016 1650 1081 ita
1667 1015 1757 1081 dubii
1775 1026 1810 1080 et
1826 1015 2025 1080 haesitantes
2043 1038 2085 1082 an
2103 1040 2204 1083 exau·

111 1116 113 1121 ’
198 1130 255 1175 sus
282 1112 418 1184 terreat,
451 1105 623 1187 quominus
656 1098 699 1169 ad
731 1105 839 1187 ipsum
870 1127 931 1170 nos
963 1103 1176 1180 conferamus,
1229 1103 1339 1169 diendi
1361 1105 1444 1184 sint,
1466 1104 1576 1168 Deum
1596 1103 1705 1185 ipsum
1724 1102 1893 1180 invocant,
1915 1101 1999 1167 nihil
2019 1104 2202 1185 proficiimt,

199 1192 330 1278 quando
351 1191 445 1258 nobis
471 1212 604 1259 necesse
626 1198 691 1268 est,
720 1212 796 1257 cum
822 1189 865 1254 ad
886 1212 962 1256 eum
984 1187 1176 1266 accedimus,
1230 1197 1269 1253 ut
1288 1189 1543 1272 inquitIaoobus
1561 1187 1641 1273 (Iao.
1658 1186 1701 1273 l),
1725 1209 1804 1269 quos
1822 1188 1922 1252 etiam
1942 1188 2095 1255 flactibus
2115 1211 2204 1254 oom-

198 1279 282 1347 tales
303 1298 363 1344 nos
384 1278 528 1362 cogitare
556 1298 594 1342 ae
622 1277 744 1342 sentire
766 1275 862 1361 (Luc.
884 1275 948 1360 17).
992 1275 1067 1341 Non
1089 1275 1177 1339 enim
1230 1282 1334 1359 parat,
1347 1275 1405 1357 qui
1426 1282 1556 1341 avanto
1572 1274 1664 1339 varie
1680 1280 1854 1340 moventur
1871 1279 1905 1338 et
1922 1274 2224 1349 circumferuntur„

198 1365 350 1431 instituta
371 1370 422 1428 666
442 1363 560 1442 616616,
589 1383 666 1446 qua¹
677 1384 737 1427 nos
760 1369 951 1444 arroganter
972 1382 1083 1427 ceram
1104 1360 1177 1425 Deo
1228 1359 1367 1440 Deinde,
1390 1382 1466 1426 6166
1481 1360 1644 1425 Dominus
1660 1361 1754 1425 iuxta
1771 1380 1864 1425 suam
1880 1360 1996 1442 cuique
2013 1359 2113 1425 fidem
2131 1363 2204 1427 fieri

200 1451 375 1519 efferamus
407 1455 465 1514 aut
492 1447 614 1531 aliquid
635 1455 784 1513 nostrum
810 1469 930 1532 magno
959 1448 1176 1524 aestimemus,
1230 1447 1381 1524 affirmet,
1404 1448 1550 1529 sequitur
1567 1447 1649 1512 eitra
1664 1445 1764 1511 fidem
1785 1445 1868 1512 nihil
1884 1447 2018 1528 assequi
2029 1467 2089 1511 nos
2102 1468 2204 1529 posse

200 1535 259 1603 sed
290 1556 354 1619 qua
387 1542 515 1599 nostras
548 1533 749 1599 calamitates
781 1535 994 1599 confiteamur
1027 1540 1060 1596 66
1091 1531 1178 1613 apud
1236 1531 1658 1618 (marchesianam).
1697 1530 1838 1611 Quando
1857 1553 1936 1597 vero
1957 1553 2053 1597 nemo
2076 1540 2127 1598 est
2146 1533 2205 1597 ho-

199 1643 274 1698 eam
295 1618 516 1703 deploremus,
538 1619 812 1702 quemadmodum
832 1620 893 1687 filii
918 1618 1005 1702 apud
1026 1629 1179 1702 parentes
1230 1619 1359 1683 minum
1380 1617 1499 1702 dignus
1526 1618 1582 1700 qui
1602 1618 1675 1683 Dee
1697 1639 1732 1683 se
1753 1623 1989 1700 repraesentet,
2019 1639 2058 1683 ae
2078 1618 2114 1683 in
2136 1619 2205 1685 cius

200 1730 276 1775 suas
304 1704 453 1789 querelas
480 1705 686 1770 familiariter
714 1705 888 1789 deponunt.
933 1703 1023 1786 Qum
1046 1704 1099 1770 hio
1120 1724 1178 1786 po·
1228 1712 1437 1787 conspectum
1457 1702 1600 1786 prodeat,
1623 1704 1692 1786 ipse
1713 1702 1861 1769 eoelestis
1882 1709 1984 1786 pater,
2007 1712 2045 1768 ut
2065 1725 2125 1769 nos
2142 1704 2205 1772 hac

199 1794 266 1859 6166
287 1814 402 1858 sensus
423 1790 517 1857 nobis
538 1792 643 1867 instar
664 1791 801 1857 calcaris
823 1813 861 1858 ac
883 1789 1006 1858 stimuli
1029 1812 1099 1855 esse
1122 1789 1178 1854 de·
1230 1790 1418 1857 6661661666
1443 1790 1615 1868 eximeret,
1644 1811 1727 1871 quae
1754 1795 1882 1855 nostros
1904 1790 2052 1855 omnium
2079 1790 2205 1856 animos

200 1879 264 1960 bet,
287 1877 478 1962 quomagis
500 1876 743 1943 adorationem
763 1878 944 1942 incitemur.
1230 1875 1368 1941 deiicere
1389 1874 1541 1955 debebat,
1567 1875 1674 1940 filium
1697 1875 1791 1940 nobis
1819 1896 1915 1940 suum
1940 1874 2075 1940 donavit
2093 1875 2205 1941 Iesum

287 1963 342 2029 Ad
364 1963 450 2028 hano
469 1969 599 2027 nostrae
621 1964 775 2046 egestatis
797 1963 1013 2047 cognitionem
1036 1959 1178 2025 1166611-
1230 1959 1402 2027 Christum
1431 1961 1598 2029 dominum
1624 1969 1786 2027 nostrum:
1814 1961 1870 2043 qui
1904 1960 1991 2044 apud
2016 1962 2125 2044 ipsum
2145 1983 2205 2027 no·

201 2048 285 2115 didit
301 2049 444 2132 optimus
460 2053 563 2131 pater,
586 2048 705 2132 quibus
723 2071 783 2115 nos
800 2048 843 2114 ad
860 2049 1015 2114 orationis
1033 2046 1179 2112 studium
1230 2047 1283 2130 bia
1304 2048 1348 2113 sit
1368 2047 1545 2114 advocatus
1564 2054 1597 2112 66
1616 2046 1785 2125 mediator,
1808 2047 1900 2113 cuius
1921 2045 2021 2112 ductu
2039 2046 2082 2113 ad
2098 2047 2207 2130 ipsum

199 2135 413 2202 vehementer
433 2133 629 2215 impelleret:
652 2133 858 2214 mandatum,
883 2155 946 2216 quo
968 2155 1062 2199 orare
1082 2153 1178 2216 prae·
1229 2155 1343 2199 secure
1365 2133 1556 2199 accedamus
1578 2132 1764 2217 (111612.
1791 2131 1916 2199 lIoan.
1936 2136 1966 2197 2.
1988 2132 2091 2198 Hebr.
2111 2137 2140 2198 8.
2160 2133 2205 2219 9),

200 2223 288 2305 cipit,
307 2220 553 2304 promissionem
571 2220 823 2304 quapollioetur,
841 2221 1071 2302 impetraturos
1084 2217 1177 2300 quid·
1231 2219 1291 2285 tali
1311 2219 1524 2285 intercessore
1546 2220 1675 2297 confisi,
1701 2218 1786 2285 nihil
1807 2218 1893 2302 quod
1914 2219 1984 2284 eius
2001 2219 2132 2284 nomine
2149 2240 2207 2304 pe-

200 2306 279 2390 quid
301 2306 500 2390 petierimus.
533 2305 729 2371 Mandatum
751 2327 983 2388 saepenumero
1003 2306 1178 2388 repetitum
1231 2306 1380 2371 tierimus
1407 2306 1500 2371 nobis
1522 2305 1720 2390 denegatum
1742 2305 1799 2384 iri,
1832 2313 1869 2368 66
1896 2304 1945 2368 1111
1966 2326 1987 2369 6
2007 2311 2101 2388 patre
2123 2304 2208 2370 nihil

127 2436 136 2453 .
201 2392 374 2458 hahemus:
398 2391 514 2474 petite,
536 2391 645 2456 venite
667 2391 709 2457 ad
730 2413 792 2471 me,
815 2393 961 2473 quaerite
981 2413 1044 2470 me,
1067 2411 1178 2456 rever·
1232 2390 1388 2474 denegari
1403 2397 1510 2474 potest
1526 2389 1643 2476 (Hebr.
1657 2389 1709 2476 4):
1732 2390 1888 2456 threnum
1905 2412 2032 2474 quoque
2047 2390 2122 2471 Dei,
2139 2413 2207 2458 non

200 2479 309 2543 timini
326 2477 368 2543 ad
383 2499 446 2556 me,
465 2477 613 2542 invocate
631 2499 684 2542 me
700 2478 736 2542 in
753 2476 805 2542 die
818 2478 1021 2543 necessitatis
1033 2482 1177 2555 vestrae;
1229 2477 1409 2542 maiestatis
1430 2483 1560 2543 tantum
1584 2499 1654 2542 esse
1681 2476 1838 2541 thronum
1865 2475 1922 2542 sed
1950 2477 2089 2560 gratiae,
2119 2477 2207 2560 apud

201 2586 249 2643 ac,
268 2585 344 2630 cum
361 2584 457 2647 saepe
474 2561 565 2642 alias,
588 2569 660 2628 tum
678 2564 777 2627 etiam
794 2565 831 2628 in
849 2565 945 2628 tertio
962 2563 1044 2647 legis
1062 2562 1176 2644 capite,
1230 2583 1327 2645 quem
1354 2563 1425 2628 eius
1450 2564 1582 2628 nomine
1610 2564 1795 2629 cumomni
1820 2562 1941 2628 fiducia
1962 2583 2119 2645 apparere
2147 2585 2205 2627 au·

200 2670 265 2733 quo
292 2648 503 2732 prohibemur
525 2649 671 2731 accipere
697 2649 733 2713 in
758 2670 881 2715 vanum
901 2670 1021 2713 nomen
1042 2648 1178 2713 Domini
1231 2647 1381 2728 deamus,
1408 2648 1664 2715 misericordiam
1686 2649 1918 2732 consequuturi
1939 2656 1973 2713 et
1993 2649 2134 2732 gratiam
2153 2649 2205 2714 in·

198 2733 1176 2886 8166111666.Μ66611.76611.Ζ6611.1.Ρ661.50.
1230 2736 1362 2799 venturi
1383 2736 1419 2799 in
1445 2735 1567 2800 auxilio
1588 2740 1777 2818 opportune.
1827 2735 1937 2817 Atque
1959 2733 2206 2801 661666616-

255 2817 391 2905 61120).
434 2819 523 2885 Nam
543 2840 586 2884 ex
607 2841 669 2903 quo
691 2821 727 2885 in
748 2842 871 2887 vanum
894 2822 1040 2903 accipere
1066 2818 1177 2902 prohi-.
1230 2819 1377 2886 vocando
1401 2818 1441 2907 [p.
1463 2819 1537 2907 166]
1556 2822 1629 2886 Deo
1650 2821 1756 2904 posita
1776 2827 1840 2901 est,
1867 2828 1906 2885 ut
1926 2820 2097 2902 promissio
2118 2818 2205 2899 data,

200 2907 330 2985 bamur,
362 2904 459 2971 simul
487 2905 587 2970 etiam
618 2907 768 2971 iubemur
793 2908 939 2989 accipere
966 2908 1000 2970 in
1029 2906 1176 2989 gloriam,
1230 2906 1421 2971 exauditum
1441 2908 1483 2971 iri
1503 2908 1559 2989 qui
1579 2908 1812 2985 invocaverint,
1835 2907 1881 2971 ita
1901 2908 1938 2972 in
1958 2907 2090 2971 nomine
2108 2902 2206 2973 (11111-
2278 2902 2283 2911 ’

197 3013 331 3059 omnem
351 2991 494 3069 virtutis,
516 2992 602 3071 boni,
621 2994 700 3076 opis,
724 3014 761 3058 ao
778 2992 932 3076 praesidii
956 2989 996 3078 [p
1012 2989 1086 3078 161]
1105 2991 1176 3056 lau·
1230 2993 1273 3056 sti
1300 2993 1453 3058 16166616
1478 2992 1686 3076 peculiariter
1707 2993 1871 3072 iubemur,
1899 2999 1933 3058 66
1959 2992 2208 3075 promissionem

200 3077 276 3145 dem
296 3076 346 3142 illi
367 3074 550 3155 deferendo,
573 3074 653 3142 dum
674 3078 715 3142 ab
734 3099 771 3143 eo
789 3078 871 3145 haec
887 3079 959 3161 ipsa
976 3086 1010 3142 66
1025 3079 1176 3160 petimus,
1229 3078 1389 3145 habemus
1408 3079 1620 3161 propositam:
1643 3080 1881 3162 impetraturos,
1904 3077 1989 3161 qued
2006 3079 2043 3142 in
2059 3078 2131 3143 eius
2147 3098 2207 3143 no·

199 3171 233 3230 et
254 3169 473 3246 expectamus.
511 3160 733 3243 Quamobrem
753 3165 818 3231 uisi
839 3164 1010 3247 adipsum
1030 3163 1176 3246 confugi·
1227 3165 1528 3314 mineffietierimus
1550 3165 1655 3249 (Ioan.
1678 3169 1717 3228 14
1734 3175 1768 3230 et
1788 3163 1851 3250 16).
2104 3163 2110 3184 '

198 3271 273 3319 11166
295 3270 370 3314 cum
392 3248 502 3347 aliqaa
521 3270 581 3315 nos
598 3258 695 3333 urget
711 3252 897 3330 necessitas,
919 3251 983 3316 nisi
999 3252 1108 3333 ipsum
1124 3271 1176 3314 re-
1354 3251 1414 3328 'nc,
1437 3251 1508 3315 61116
1529 3251 1758 3328 controversia,
1778 3251 1905 3316 clarum
1927 3257 1990 3329 est,
2014 3271 2069 3316 eos
2093 3250 2150 3332 qui
2170 3249 2206 3315 in

72 3337 75 3343 ’
199 3334 361 3434 1161116166
383 3355 421 3398 ae
443 3355 513 3400 erus
534 3356 630 3418 opem
650 3337 879 3418 imploramus,
901 3358 966 3401 non
990 3337 1084 3401 aliter
1106 3335 1176 3400 eius
1200 3356 1203 3421 1
1227 3335 1292 3401 6116
1311 3356 1412 3418 quam
1428 3335 1552 3402 Christi
1573 3337 1705 3402 nomine
1720 3336 1832 3402 Deum
1848 3337 2010 3415 invocant,
2031 3335 2121 3401 illius
2138 3336 2208 3401 ius·
2273 3384 2279 3388 -

196 3442 284 3487 nam
310 3441 525 3504 provocamus
555 3442 655 3504 quam
684 3424 712 3487 ei
739 3430 796 3488 aut
828 3422 951 3488 alienos
977 3422 1070 3487 nobis
1099 3420 1175 3485 11666
1200 3427 1202 3461 ³
1228 3444 1266 3487 sa
1286 3423 1521 3488 contumaciter
1546 3423 1766 3504 pracvaricari
1787 3444 1825 3489 ae
1847 3422 2049 3489 voluntatem
2074 3440 2134 3504 pre
2154 3422 2207 3487 ni·

197 3507 394 3584 faceremus,
424 3512 482 3570 aut
507 3505 595 3570 idola
628 3508 877 3574 fabricaremur:
913 3507 1073 3590 siquidem
1106 3508 1175 3572 eius
1228 3508 1297 3573 hilo
1313 3515 1475 3590 reputare,
1494 3507 1708 3575 6611661616
1720 3509 1968 3591 promissionem
1979 3505 2207 3590 haberequid·

196 3593 400 3659 vohmtatem
421 3592 456 3657 in
477 3593 623 3657 omnium
644 3601 890 3675 praeceptorum
912 3600 1099 3676 contemptu
1121 3614 1175 3657 ae·
1228 3615 1327 3676 quam
1341 3594 1549 3678 impetrandi.
1577 3591 1756 3677 Siquidem,
1774 3601 1813 3659 ut
1830 3592 2016 3661 aitPaulus
2034 3591 2206 3679 (16661)

198 3699 260 3761 que
282 3679 527 3743 contemnimus.
573 3676 736 3759 Rursum,
759 3681 913 3762 quicum
931 3681 1099 3757 invocant,
1123 3700 1175 3744 re-
1228 3701 1341 3746 omnes
1367 3681 1432 3745 Dei
1458 3680 1702 3763 promissiones,
1730 3681 1767 3745 in
1788 3680 1921 3747 Ohristo
1948 3688 2027 3745 sunt
2051 3680 2216 3744 etiamst

72 3824 74 3833 .
197 3764 340 3847 quirunt,
362 3762 494 3828 laudem
511 3763 666 3844 16161666,
688 3786 810 3857 magua
826 3765 1043 3831 consolatione
1060 3766 1176 3831 fruun-
1228 3787 1334 3843 amen,
1352 3766 1386 3831 id
1403 3772 1466 3832 est:
1485 3766 1721 3832 confirmantur
1738 3783 1772 3831 66
1788 3766 1974 3850 implentur.
2007 3766 2113 3831 Porro
2128 3785 2205 3831 cum

197 3858 261 3928 tur,
284 3847 370 3931 quod
390 3848 578 3933 intelligant
599 3850 645 3917 sic
667 3873 702 3916 se
722 3872 820 3934 agere
839 3873 911 3917 rem
931 3850 981 3916 ilfi
998 3858 1174 3935 acceptam,
1228 3851 1272 3917 sit
1291 3852 1362 3933 ipse
1384 3853 1570 3930 16166116,
1593 3873 1633 3918 ac
1653 3875 1739 3919 anus
1760 3873 1925 3930 accessus,
1945 3873 2009 3934 quo
2031 3851 2073 3917 ad
2093 3851 2207 3917 Deum

197 3934 421 4021 voluntatique
447 3936 517 4000 eius
545 3937 677 4002 servire.
721 3936 901 4005 Promissio
928 3943 992 4005 est:
1022 3938 1122 4021 petite
1143 3945 1176 4002 et
1228 3936 1359 4021 ingredi
1384 3937 1478 4004 nobis
1499 3937 1597 4005 (16661
1620 3938 1725 4023 (Ioan.
1748 3937 1819 4024 14),
1842 3939 1899 4021 qui
1925 3937 1966 4003 ah
1988 3937 2051 4004 hac
2073 3935 2206 4005 116116-

197 4020 378 4104 accipietis,
400 4020 585 4100 1166161116,
608 4021 782 4088 exaudiam
802 4043 1012 4104 16661666
1032 4046 1101 4102 vos,
1123 4045 1176 4090 re·
1228 4024 1365 4089 flectunt
1394 4031 1427 4088 et
1455 4025 1543 4090 hunc
1570 4045 1736 4091 aceessum
1761 4023 1930 4103 deserunt,
1957 4024 1999 4089 iis
2023 4044 2129 4106 neque
2149 4023 2207 4089 via

195 4107 305 4173 ficiam
324 4127 392 4185 vos,
415 4104 600 4173 confortabo
621 4128 689 4188 vos,
711 4130 844 4191 pascam
864 4111 979 4175 16616
997 4110 1174 4188 affluentia,
1227 4109 1309 4189 ulla,
1344 4130 1450 4192 neque
1482 4132 1631 4177 accessus
1657 4110 1701 4176 ad
1726 4110 1838 4176 Deum
1864 4109 2143 4193 6611616661611111
2169 4109 2207 4173 iu

195 4214 263 4257 non
300 4190 542 4257 eonfimdemini
579 4192 714 4278 (Matth.
739 4199 767 4258 7.
808 4196 889 4262 Lue.
916 4201 964 4261 ll.
1008 4196 1097 4261 Ioan.
1125 4199 1173 4259 16.
1228 4195 1297 4260 eius
1319 4194 1437 4259 throno
1459 4196 1621 4279 reliquum
1638 4197 1762 4262 habent
1776 4203 1906 4279 praeter
1923 4197 2016 4274 iram,
2038 4194 2206 4274 iudicium,

197 4276 301 4345 Mare.
326 4274 391 4363 11).
1041 4332 1046 4343 .
1228 4302 1265 4346 ae
1287 4287 1454 4346 terrorem.
1488 4282 1638 4366 Denique
1660 4304 1736 4348 cum
1757 4283 1845 4348 hune
1866 4303 1926 4365 pro
1943 4282 2048 4363 eapite
2066 4301 2104 4345 ae
2122 4280 2206 4346 duce

283 4360 379 4444 Quae
399 4362 518 4443 omnia,
541 4371 579 4428 ut
597 4365 692 4431 nobis
714 4367 822 4432 aDeo
839 4368 999 4450 promissa
1019 4367 1104 4445 sunt,
1127 4366 1174 4430 ita
1226 4375 1320 4450 pater
1340 4367 1434 4433 nohis
1456 4369 1636 4452 signaverit
1657 4368 1761 4453 (Ioan.
1781 4367 1825 4452 6),
1847 4369 1902 4451 qui
1924 4367 1965 4433 ab
1987 4389 2025 4432 eo
2046 4365 2113 4431 ullo
2135 4387 2206 4431 mo·

195 4448 329 4515 indubie
346 4449 608 4532 praestabuntur,
627 4451 656 4517 si
675 4459 765 4517 certa
781 4452 846 4517 fide
858 4460 1075 4535 expectemus.
1098 4451 1174 4517 Non
1227 4452 1268 4517 do
1290 4452 1456 4519 declinant
1476 4454 1530 4521 vel
1551 4455 1727 4538 obliquant,
1751 4462 1918 4532 66666661,
1941 4460 2100 4536 quantum
2117 4453 2153 4516 in
2171 4474 2208 4518 66

196 4536 286 4603 enim
306 4535 462 4601 orationis
484 4542 534 4600 est
551 4537 707 4602 meritum
724 4547 781 4603 aut
797 4539 949 4628 dignitas,
972 4559 1055 4620 quae
1071 4537 1174 4620 petita
1228 4545 1286 4618 est,
1309 4545 1421 4604 notam
1444 4561 1464 4604 a
1485 4540 1558 4605 Deo
1579 4541 1772 4627 impressam
1794 4538 1903 4605 delere
1924 4547 1958 4605 et
1979 4538 2175 4604 adulterare.

196 4620 354 4700 obtineat,
376 4620 433 4685 sed
455 4626 531 4686 tota-
546 4622 703 4688 exorandi
725 4646 799 4707 spes
820 4625 856 4690 in
876 4624 1090 4706 promissione
1110 4623 1173 4688 hu·
1313 4622 1485 4705 Quanam
1501 4624 1544 4691 ad
1561 4634 1690 4695 sanctos
1708 4625 1833 4705 attinet,
1852 4627 1908 4708 qui
1924 4625 2047 4690 mortui
2058 4624 2094 4688 in
2107 4623 2208 4690 Obri-

195 4704 335 4772 iusmodi
363 4708 426 4772 sita
454 4714 504 4771 est
531 4713 628 4790 atque
654 4708 695 4774 ab
723 4731 763 4775 ea
788 4710 910 4794 pendet
932 4709 1009 4796 (Ias.
1030 4713 1081 4774 65.
1108 4709 1171 4775 161.
1226 4718 1276 4775 sto
1298 4711 1424 4790 vivunt,
1446 4734 1489 4779 ne
1509 4713 1707 4797 somniamus
1726 4713 1768 4777 iis
1785 4712 1865 4794 ipsis
1882 4711 1982 4777 aliam
1996 4731 2068 4776 csse
2085 4731 2207 4794 rogan-

196 4795 248 4857 29.
269 4791 357 4859 Ρ661.
372 4797 421 4857 50.
436 4797 485 4857 91.
507 4793 627 4859 Matth.
644 4793 708 4880 ll).
741 4797 857 4880 Itaque
879 4818 954 4861 cum
974 4795 1093 4861 animis
1115 4817 1173 4862 no·
1229 4795 1263 4859 di
1275 4796 1341 4861 Dei
1350 4797 1439 4861 viam
1452 4819 1549 4881 quam
1564 4796 1743 4876 Christum,
1756 4797 1811 4880 qui
1825 4797 1913 4863 solus
1926 4796 1981 4862 via
1994 4802 2052 4875 est,
2073 4796 2207 4861 autalio

194 4879 271 4945 stris
294 4877 502 4944 statuendum
524 4887 587 4945 est:
610 4901 670 4946 nos
692 4881 884 4948 exauditum
903 4882 953 4961 iri,
975 4901 1042 4946 non
1063 4882 1172 4949 611666
1226 4882 1440 4948 nomineDeo
1457 4906 1528 4950 esse
1547 4892 1703 4969 acceptes.
1733 4883 1858 4966 Itaque,
1876 4887 2048 4966 postquam
2065 4883 2207 4964 seriptu-

194 4985 294 5047 quam
315 4962 487 5029 exauditus
509 4964 608 5031 1116116
627 4966 757 5047 Petrus,
780 4967 834 5035 vel
854 4967 990 5047 Pardus,
1013 4967 1066 5035 vel
1089 4967 1171 5035 61166
1224 4989 1262 5032 16
1278 4989 1339 5034 nos
1356 4969 1397 5034 ab
1415 4971 1564 5035 omnibus
1576 4966 1800 5035 adOhristum
1811 4965 2203 5054 unumrevooat,[p.164]

195 5057 383 5116 sanctorum
403 5048 551 5132 quilibet,
576 5048 706 5117 tamethi
727 5053 850 5118 maiore
879 5073 978 5135 quam
999 5075 1059 5121 nos
1084 5055 1171 5120 vitae
1225 5062 1397 5136 postquam
1418 5055 1566 5123 coelestis
1586 5061 1680 5138 pater
1698 5054 1772 5122 vult
1792 5056 1903 5120 omnia
1918 5054 2041 5136 inipso
2058 5054 2170 5120 recelli
2197 5056 2203 5069 '

194 5135 409 5202 sanctimonia
423 5134 569 5283 1116611111
588 5137 719 5218 fuerint,
740 5139 769 5204 si
787 5146 899 5205 tamen
915 5138 1037 5219 eadem,
1061 5161 1100 5209 ac
1117 5161 1171 5209 ae-
1226 5138 1312 5225 (Gel.
1327 5145 1354 5204 l.
1371 5140 1458 5223 aph.
1475 5138 1518 5226 1),
1535 5160 1628 5206 6161
1644 5147 1695 5207 666
1711 5161 1878 5207 accessum
1896 5162 1957 5224 per
1972 5147 2101 5206 sanctos
2119 5077 2206 5207 veih

90 5302 95 5307 .
192 5241 256 5306 quc
276 5221 374 5288 firma
399 5220 423 5284 fi
446 5242 464 5286 e
489 5221 600 5289 Deum
625 5222 846 5306 imploramus.
891 5223 1032 5307 Quande
1056 5225 1172 5293 eedem
1225 5226 1319 5298 nohis
1338 5226 1457 5307 moliri,
1479 5247 1577 5310 quem
1592 5227 1777 5309 nequesihi
1792 5227 1856 5311 ipsi
1872 5231 2040 5310 praestare
2055 5233 2204 5309 11666666
