4770 6030
154 370 216 430 eio
666 313 770 465 ¹inis.
792 361 892 425 xm.
935 360 999 424 os
1021 359 1388 426 sasmmoisfflas
1412 360 1637 427 3333333313.
2017 382 2019 387 ·
2093 331 2157 432 eoo

154 480 266 547 B3423
285 477 386 530 0343.

154 554 231 640 quid
273 462 402 618 attinet]
416 550 569 615 dicere?²
603 548 666 614 Res
704 549 785 613 enim
828 553 872 612 est
913 549 949 612 in
992 550 1129 613 omniinn
1180 552 1249 614 sais
1274 548 1430 632 hyacintis
1456 551 1551 615 colere
1579 550 1717 615 homines
1746 552 1855 631 oelint,
1893 572 2089 636 quaecunque
2121 557 2157 619 in

155 642 260 708 oculis.
574 689 578 698 .
988 702 996 711 ‚
1180 656 1250 700 eum
1271 634 1366 715 finem
1383 636 1529 717 feruntur
1551 637 1643 719 lepos,
1667 638 1775 702 statim
1796 637 1840 700 ad
1860 657 1984 703 crassos
2005 641 2082 704 istos
2104 642 2156 706 ab

244 731 289 788 15,
336 723 399 787 Hic
414 727 585 803 praetereo,
608 740 702 801 quam
718 720 909 800 peraicimis
931 720 1129 802 opinionibus
1180 742 1259 786 iesus
1279 721 1471 803 deperierant.
1515 721 1609 788 Hane
1631 723 1713 786 onim
1741 723 1985 788 maledictionem
2012 746 2071 789 non
2099 727 2156 791 uni

153 813 335 879 imbuantur
367 809 525 873 hominum
553 812 681 871 mentes:
713 805 873 897 sacrificia
906 827 984 884 esse,
1017 806 1129 885 quibm
1181 813 1238 872 aut
1259 807 1352 872 alteri
1374 809 1486 886 aetati,
1509 809 1564 872 sed
1584 809 1726 872 omnibus
1747 811 1881 874 saeculis
1901 811 2158 877 minatur'Deus

152 903 213 966 rite
223 899 328 962 litetur
340 895 417 973 Deo,
435 895 546 974 andus
557 894 718 973 expientur
728 896 866 973 peccata,
884 893 995 971 quibius
1006 892 1129 957 iustitia
1183 894 1259 977 (Ios.
1280 898 1330 972 29,
1353 892 1423 976 13),
1452 895 1532 973 quod
1558 896 1701 959 caecitate
1727 900 1757 959 et
1777 900 1902 974 stupore
1916 898 2071 976 percutiet
2097 919 2156 976 cos,

154 984 290 1053 etsalus
310 985 511 1061 conparetur.
547 979 710 1061 Nepabnnt
730 978 813 1042 enim
825 976 849 1060 ¹)
872 977 1030 1056 intraneis
1049 978 1129 1040 eius-
1181 1002 1203 1045 a
1224 980 1336 1061 quibus
1357 980 1469 1043 colitur
1491 978 1642 1044 doctrinis
1663 979 1830 1045 hominnm.
1875 982 1963 1047 Haec
1984 986 2157 1049 ecmmatio

154 1071 238 1138 niodi
266 1068 425 1132 erroribus
451 1066 567 1129 uitiari
590 1085 641 1128 res
670 1064 780 1128 bonas:
807 1084 902 1144 quum
929 1064 964 1126 in
985 1062 1129 1142 operibus
1174 1071 1327 1147 perpetuo
1353 1065 1431 1147 facit
1457 1072 1493 1129 ut
1519 1067 1643 1131 nullum
1670 1066 1878 1132 absurditatis
1902 1089 2000 1151 pensis
2020 1070 2155 1151 lupiani,

154 1176 270 1241 666666
289 1175 310 1218 6
331 1152 400 1217 Deo
414 1152 593 1231 praeceptis
614 1149 672 1214 hac
686 1155 781 1229 parte
801 1167 863 1212 non
883 1150 990 1212 minus
1001 1149 1129 1228 peccari
1181 1154 1236 1233 qni
1257 1152 1436 1232 contemptis
1463 1157 1505 1215 tot
1531 1151 1596 1216 Dei
1622 1153 1749 1216 aconitis
1770 1159 1876 1232 sponte
1903 1176 1937 1218 36
1957 1156 1992 1218 in
2013 1156 2158 1221 eronus

155 1248 252 1327 qimai
303 1239 370 1303 Hoc
397 1243 498 1301 tmricn
526 1238 604 1315 plus
630 1235 827 1317 indipnitatis
853 1234 957 1312 habet,
986 1235 1129 1314 operibus
1181 1240 1258 1302 istos
1285 1238 1409 1317 laqueos
1436 1237 1577 1301 induunt.
1625 1238 1712 1318 Quod
1745 1239 1775 1300 si
1801 1242 1928 1304 remotis
1955 1242 2157 1306 circumstan-

139 1337 263 1406 temere
284 1325 419 1389 humano
439 1323 569 1387 arbitrio
585 1321 722 1402 confictis
742 1325 862 1384 tantmn
879 1319 1006 1384 honoris
1021 1320 1126 1399 tribui,
1180 1324 1237 1388 tiis
1256 1323 1442 1402 simpliciter
1470 1322 1580 1387 habem
1606 1323 1678 1388 libet
1704 1343 1783 1402 quae
1804 1325 1868 1387 sint
1887 1328 2025 1391 omnium
2045 1332 2156 1407 tempo

154 1421 189 1479 ut
204 1412 368 1476 meritoria
384 1410 466 1473 uitae
483 1413 624 1472 adanae
639 1407 812 1471 credantur.
841 1406 917 1471 Ideo
934 1406 1016 1471 enim
1033 1426 1128 1485 opera
1179 1429 1253 1473 rum
1274 1408 1428 1472 humanae
1449 1410 1645 1486 traditiones,
1675 1429 1755 1488 quas
1783 1408 1822 1474 ab
1843 1411 1972 1476 ecelesia
1992 1414 2158 1491 repudiari

156 1524 178 1567 a
199 1499 267 1563 Deo
284 1496 435 1559 mandata
456 1494 730 1557 raimnerrdiouem
752 1491 874 1570 haberit,
902 1491 983 1572 quod
1005 1492 1128 1575 lepisla
1180 1501 1209 1560 et
1231 1518 1252 1560 a
1267 1495 1339 1575 piis
1360 1494 1500 1558 omnbus
1521 1495 1696 1574 improbari
1718 1496 1863 1574 convenit,
1886 1498 1946 1561 erit
1967 1498 2040 1575 illa,
2063 1519 2158 1579 quain

156 1593 203 1650 tor
225 1578 304 1663 ipse
318 1581 502 1644 obedientiae
528 1584 666 1658 respectu
695 1599 732 1641 ea
758 1583 881 1658 acccpta
907 1577 1002 1642 habet.
1054 1577 1128 1641 Nan
1179 1582 1327 1662 saperius
1341 1581 1518 1660 posuimus,
1539 1584 1624 1645 certa
1641 1586 1670 1644 ct
1685 1580 1775 1645 clara
1796 1581 1949 1661 definitio:
1970 1604 2035 1648 esse
2056 1604 2159 1648 amnas

31 1741 39 1752 ,
155 1673 254 1754 ipitur
280 1690 301 1730 6
323 1666 460 1746 propria
488 1666 637 1747 dipnitate
656 1664 826 1743 propriore
856 1664 965 1728 merito
987 1664 1127 1744 pretinm
1181 1669 1260 1750 lepos
1281 1667 1349 1730 sine
1370 1664 1434 1729 Dei
1455 1666 1544 1730 aerbo
1565 1667 1601 1729 in
1622 1667 1703 1730 hunc
1721 1665 1816 1744 tinem
1843 1668 1882 1731 ab
1908 1666 2086 1734 bominibus
2101 1690 2158 1750 po

155 1755 327 1834 aecipiimt;
348 1753 402 1815 sed
418 1749 598 1832 auodDeus
619 1749 820 1814 obedientiam
840 1770 916 1833 erpa
936 1769 968 1813 36
988 1755 1127 1814 nostram
1179 1754 1269 1830 sitas,
1290 1757 1325 1814 nt
1346 1751 1394 1815 oct
1414 1751 1538 1816 madmn
1559 1752 1678 1816 mundi
1688 1750 1752 1815 Dei
1768 1754 1998 1835 praescribant,
2022 1757 2070 1819 cel
2091 1775 2159 1820 con·

157 1841 236 1907 tanti
259 1839 409 1903 aestimat.
454 1835 504 1900 De
526 1857 563 1899 ea
584 1855 711 1915 operum
730 1836 918 1916 perfectione
938 1834 988 1899 hic
1011 1836 1126 1915 honor,
1179 1839 1328 1903 scientias
1347 1838 1496 1920 relipione
1518 1836 1727 1920 obstriupant,
1749 1840 1844 1916 quasi
1865 1839 1902 1902 de
1924 1841 2017 1904 rebus
2032 1842 2157 1920 praeci

156 1947 234 2010 6663
255 1947 276 1988 a
298 1924 365 1988 Deo
386 1922 569 1998 mandatur,
597 1942 658 1985 non
683 1921 722 1985 ab
744 1919 920 1986 luminibus
934 1926 1127 2001 praestatur.
1173 1925 1271 2005 piant
1290 1922 1487 1987 adsalutem
1508 1924 1702 1988 necessariis.
1749 1921 1787 1986 Si
1810 1924 1853 1988 ad
1875 1925 2024 2004 alterum,
2048 1927 2095 1992 cel
2114 1928 2158 1991 ad
2170 1978 2172 1983 ⁴

156 2013 231 2077 Ideo
252 2011 334 2074 enim
353 2029 407 2073 nec
427 2028 521 2087 optera
541 2008 618 2090 lepis
639 2028 717 2087 6666
736 2007 886 2088 facimus,
909 2008 975 2070 nisi
996 2027 1035 2071 ec
1054 2027 1128 2088 gra—
1179 2015 1345 2089 utrn‘rnque
1368 2008 1501 2072 istorum
1524 2009 1671 2073 amediint
1693 2009 1763 2074 alia
1785 2011 1874 2089 vitia,
1896 2012 1979 2092 quod
1998 2032 2059 2077 sua
2079 2013 2159 2077 mul-

155 2100 236 2163 tni'to
256 2094 320 2159 Dei
342 2095 538 2177 baiipnitate,
566 2094 704 2175 pratiam
731 2092 854 2170 habaid,
878 2094 955 2172 qnia
982 2094 1018 2156 i'n
1046 2093 1129 2172 ipsis
1180 2095 1313 2160 titudine
1344 2094 1498 2176 eoanpelii
1529 2094 1705 2158 claritatem
1744 2094 1919 2175 obscurent,-
1955 2098 2036 2178 quod
2076 2097 2159 2163 nihil

154 2183 286 2263 infirma
313 2186 339 2243 et
366 2181 479 2245 mutila
505 2179 673 2244 obalicntia
699 2183 750 2242 cst.
802 2176 863 2242 Sed
889 2180 966 2260 quia
994 2179 1045 2243 hic
1065 2197 1129 2241 non
1180 2180 1357 2262 aedificem,
1386 2180 1440 2244 sed
1466 2180 1594 2243 inutiles
1616 2180 1681 2243 sint
1706 2199 1743 2243 ac
1770 2181 1907 2246 lusoriae
1942 2186 2156 2264 occupationes

155 2270 334 2348 dispiciatur
351 2266 427 2345 qnid
443 2286 538 2345 opera
553 2266 621 2328 sine
634 2262 755 2328 Christo
766 2265 899 2343 valeant,
921 2266 1129 2345 quaestionem
1174 2268 1284 2347 potius
1304 2285 1399 2347 quam
1414 2286 1488 2329 cera
1503 2266 1637 2345 pictatis
1653 2266 1820 2345 exercitia;
1840 2268 1921 2348 quod
1941 2270 2006 2332 sint
2027 2271 2070 2335 ad
2090 2290 2155 2334 sor-

87 2344 91 2363 '
154 2356 247 2419 illam
278 2353 464 2416 omittamus.
522 2351 608 2431 Qiiod
640 2351 821 2429 proesentis
852 2351 1028 2432 arpumeuti
1052 2369 1129 2429 pro-
1180 2353 1234 2418 des
1251 2372 1289 2417 66
1309 2357 1432 2431 turpem
1445 2356 1608 2430 quaedum
1622 2353 1796 2431 sepositae·
1816 2353 1898 2433 quod
1911 2353 1976 2418 sint
1995 2356 2154 2420 obseruata

149 2441 262 2521 priam
283 2444 342 2514 est,
372 2438 486 2501 iteriun
515 2442 630 2517 repeto:
657 2436 808 2515 quirlpiid
830 2437 864 2499 in
886 2457 919 2500 36
940 2436 1129 2500 commendo·
1180 2440 1314 2503 nimium
1342 2436 1505 2518 difficiles,
1542 2437 1624 2518 quod
1659 2438 1724 2501 sint
1755 2438 1852 2502 malis
1883 2441 2156 2518 superstitionibus

156 2526 250 2590 tionis
272 2523 381 2588 haben
402 2544 510 2603 opera,
539 2523 648 2585 hiibcm
676 2523 862 2586 obedientiae
884 2522 1011 2599 intuitu,
1033 2539 1129 2602 quam
1180 2524 1380 2605 inquinatae:
1406 2522 1480 2588 haec
1505 2528 1598 2587 erunt
1619 2522 1813 2601 adiunienta,
1836 2528 1872 2587 ut
1897 2523 2030 2604 facilius
2050 2526 2156 2606 depre-

154 2612 254 2675 solam
275 2608 364 2673 Dens
385 2610 525 2689 respicit,
548 2613 583 2671 ut
608 2612 739 2671 testatur
760 2627 820 2687 per
840 2606 1028 2687 prophetam
1049 2605 1126 2691 (Ier.
1180 2610 1350 2675 hendamm
1371 2615 1522 2690 amidam
1543 2610 1586 2673 sit
1607 2611 1643 2673 in
1663 2610 1746 2689 ipsis
1765 2610 1853 2674 niali.
2239 2656 2243 2661 ·

157 2702 185 2775 7,
205 2695 277 2778 22).·
309 2716 371 2760 non
397 2695 547 2775 praecepi
575 2694 613 2757 de
639 2693 807 2773 sacrifieiis
833 2699 862 2779 et
894 2693 1043 2771 uictimis,
1076 2691 1130 2756 scd
1270 2699 1318 2760 17.
1364 2695 1472 2760 Audio
1497 2696 1574 2775 quid
1596 2695 1660 2774 ipsi
1685 2714 1749 2775 pro
1776 2714 1808 2759 36
1833 2695 2053 2776 respondeant:
2079 2716 2156 2761 suas

155 2787 285 2861 tardum,
302 2787 337 2845 nt
363 2780 517 2845 audiendo
541 2780 683 2844 audiatis
704 2799 803 2843 oocem
831 2799 939 2843 meam.
981 2778 1034 2843 De
1050 2778 1130 2859 picti
1182 2781 1366 2846 traditiones
1386 2801 1449 2846 non
1470 2803 1491 2846 a
1512 2800 1553 2860 se,
1575 2781 1630 2845 sed
1646 2779 1747 2844 aDeo
1768 2800 1840 2846 esse.
1868 2779 2043 2852 &chaam
2064 2782 2156 2858 arim,
2269 2814 2275 2826 ·

155 2871 211 2934 tiis
232 2874 335 2932 auten
356 2867 499 2947 opmibus
519 2866 598 2930 alibi
620 2864 994 2949 pacilianensis:
1015 2885 1130 2944 oppon
1181 2888 1220 2932 ne
1238 2887 1346 2932 errare
1360 2867 1474 2948 possit,
1497 2889 1519 2930 a
1539 2867 1658 2946 spiritu
1679 2871 1786 2931 sancto
1813 2867 1896 2950 repi-
1923 2869 1991 2930 eins
2011 2885 2081 2931 reio
2103 2888 2160 2930 au-

156 2955 233 3018 ditis
264 2959 425 3036 arpentum
458 2957 607 3029 oestrum,
641 2957 669 3014 et
701 2971 763 3014 non
794 2952 829 3013 in
856 2951 1004 3031 panibus.
1050 2949 1130 3014 Item
1182 2953 1338 3017 toritatem
1353 2973 1451 3032 penes
1471 2973 1504 3017 se
1525 2952 1666 3017 residere.
1699 2951 1768 3017 Hoc
1787 2953 1953 3033 impetrato
1975 2953 2072 3017 simul
2092 2972 2160 3017 con·

157 3040 232 3121 (Ios.
253 3038 489 3115 9‚13;Matth.
513 3042 560 3115 15,
581 3036 775 3122 speram
795 3058 844 3101 me
865 3037 967 3101 colunt
983 3056 1129 3116 praecep
1180 3040 1303 3121 holten,
1332 3058 1438 3103 eorum
1465 3039 1651 3103 traditiones
1677 3039 1936 3119 spiritussancti
1959 3039 2161 3104 6336666616ι

156 3127 198 3188 tis
234 3124 400 3187 hominnm.
456 3124 524 3187 Hoc
554 3126 659 3206 itaque
697 3124 783 3188 nullo
812 3124 900 3187 moda
932 3123 1128 3200 excusabunt,
1183 3127 1293 3203 timus,
1323 3144 1401 3204 6666
1427 3124 1493 3187 nisi
1520 3125 1630 3204 iinpm,
1656 3143 1693 3188 ac
1714 3129 1882 3206 muternpto
1904 3123 1986 3203 Deo,
2010 3125 2161 3190 ondanni

155 3211 236 3292 quad
247 3211 418 3288 potiantur
434 3211 583 3274 miseram
593 3210 721 3291 plebem,
744 3209 779 3273 in
797 3210 933 3273 salernis
951 3209 1020 3273 illis
1037 3208 1130 3290 napis
1183 3215 1341 3291 nequeant
1387 3208 1491 3273 Eine
1515 3210 1592 3292 quid
1615 3211 1748 3275 tentasse
1763 3211 1832 3275 sine
1852 3211 1978 3294 mapnis
2000 3211 2161 3276 autoribus
2242 3249 2251 3266 ·

156 3297 321 3369 iustitiam,
344 3315 439 3374 quam
454 3294 523 3359 Deo
540 3301 704 3376 opponant,
728 3301 756 3359 et
777 3315 841 3375 qna
863 3316 895 3358 36
916 3300 988 3359 ante
1008 3295 1131 3358 coehste
1183 3298 1359 3373 videamur,
1371 3294 1482 3359 baiam
1497 3315 1631 3360 suarinn
1641 3296 1887 3361 observationum
1892 3301 2020 3376 partem
2030 3296 2162 3375 ducisse

156 3382 297 3445 tribunal
325 3380 513 3459 sustineant,
541 3402 696 3463 quaerere.
748 3379 918 3445 Praeterea
946 3401 1050 3444 aniion
1077 3379 1132 3443 hoc
1183 3384 1222 3448 ab
1239 3381 1390 3463 apostolis
1407 3381 1492 3445 credi
1509 3383 1623 3446 volunt.
1651 3381 1697 3445 Et
1710 3382 1793 3447 satis
1810 3401 1871 3445 uno
1890 3383 2026 3462 exemplo
2043 3378 2162 3445 ostendi

156 3467 285 3549 dipnmn
310 3467 509 3531 insectatione
535 3468 647 3530 uitium
674 3473 732 3543 est,
767 3467 847 3547 quad
874 3487 934 3530 nou
962 3468 1133 3532 intellectas
1183 3468 1380 3545 mntaidnnt,
1409 3467 1487 3548 quid
1507 3469 1543 3532 in
1562 3467 1642 3533 aliis
1660 3468 1790 3549 fecerint
1810 3467 1959 3547 apostoli:
1981 3466 2105 3547 quando
2125 3467 2162 3530 in

156 3553 375 3627 caeremonias,
407 3552 486 3616 velut
506 3551 724 3617 histrionicam
748 3573 871 3617 scenam
898 3558 955 3618 aut
975 3553 1132 3636 mapicam
1182 3574 1281 3619 unmn
1309 3552 1474 3625 comilimn
1499 3554 1597 3619 eoacti
1624 3574 1663 3618 ea
1691 3553 1816 3618 caecilii
1842 3553 1994 3616 sententia
2019 3551 2162 3635 pentibus

158 3639 406 3714 incantat-ionem,
429 3638 606 3702 ostentant?
654 3638 778 3703 Certum
799 3639 883 3703 enim
903 3644 962 3717 est,
983 3658 1132 3703 meremo-
1183 3640 1325 3706 oinnibus
1345 3639 1586 3718 denuntiarunt,
1616 3645 1651 3704 ut
1671 3660 1704 3704 se
1723 3638 1762 3704 ab
1789 3636 1981 3720 idolothytis,
2008 3637 2162 3720 sanquine
2213 3704 2217 3710 ,
2337 3630 2340 3635 ⁴

158 3726 231 3786 nias
253 3744 355 3788 omnes
376 3729 540 3804 corruptas
561 3743 627 3788 esse
648 3730 677 3788 et
697 3727 819 3802 uarias,
842 3725 909 3788 nisi
924 3745 986 3805 per
1006 3745 1060 3790 663
1080 3725 1131 3789 ho-
1184 3725 1381 3807 etsiiffocato
1403 3724 1598 3791 abstinerent.
1644 3723 1719 3788 Iam
1738 3724 1818 3789 alibi
1838 3725 2048 3802 seposuimus,
2066 3741 2162 3803 auam
2216 3769 2218 3772 .

27 3864 37 3881 ,
157 3811 257 3873 iiiims
283 3809 325 3873 ad
351 3808 510 3873 Oliristum
532 3810 722 3892 diripentiir.
769 3811 855 3892 Quae
883 3817 986 3875 autem
1014 3812 1050 3874 in
1070 3831 1133 3876 usn
1182 3813 1267 3896 falso
1289 3813 1332 3876 ad
1353 3831 1386 3876 se
1406 3811 1610 3877 oeiiditandin
1631 3812 1838 3876 ernentiantur
1859 3809 2002 3878 acuam
2026 3809 2161 3873 titulum.

159 3901 230 3958 sunt
252 3897 461 3960 coeremoniae
479 3896 536 3959 snb
551 3901 692 3976 papatu,
720 3918 742 3962 a
768 3897 911 3961 doctrina
932 3902 1131 3978 separantia,
1187 3901 1345 3981 Qimntmn
1367 3899 1494 3961 interest
1511 3899 1691 3978 praesentis
1705 3917 1828 3974 causae,
1851 3896 1881 3959 si
1897 3895 2045 3960 detractis
2063 3894 2164 3959 laroi's

158 3985 194 4042 ut
223 3980 360 4044 homines
390 3980 426 4044 in
457 3982 560 4063 sipnis
591 3983 676 4045 omni
704 3982 932 4065 sipnilicatione
958 3983 1133 4048 carentibus
1185 4004 1222 4050 66
1243 3983 1329 4066 fucis
1349 3983 1491 4048 omnibus
1512 3983 1547 4047 i'd
1567 4004 1637 4047 aere
1658 3983 1740 4063 quod
1760 3982 1849 4045 nobis
1870 4000 1963 4045 curae
1991 3981 2165 4060 inprimis

160 4067 320 4128 retineant.
367 4066 535 4146 Postremo,
558 4073 593 4130 ut
615 4068 794 4150 inpeniosus
815 4069 934 4150 artiseic
955 4074 1000 4133 ast
1020 4075 1131 4147 senar,
1185 4091 1251 4136 esse
1272 4069 1372 4147 debet,
1400 4089 1438 4134 66
1463 4074 1572 4134 nostra
1598 4070 1694 4133 etiam
1708 4068 1912 4149 potissimum
1933 4066 2043 4148 refert,
2066 4067 2164 4130 intue-

160 4157 293 4230 apparct
319 4153 437 4217 multas
467 4153 505 4218 ab
532 4155 644 4218 acoris
671 4154 863 4234 sacrificulis
889 4156 1033 4220 inuentos
1059 4174 1132 4234 6336,
1185 4177 1273 4235 nnn,
1300 4156 1425 4237 quahm
1452 4155 1568 4221 scilieet
1589 4154 1749 4220 ecclesiam
1776 4152 1886 4218 halem
1912 4154 1986 4218 uelit
2009 4151 2162 4229 Chunus,

159 4242 194 4298 nt
220 4242 319 4300 essent
345 4239 519 4317 captandae
539 4241 692 4318 pecuniae
722 4243 868 4322 aucupia.
916 4241 1134 4322 Qimmcnnquc
1186 4249 1221 4308 ut
1246 4242 1288 4306 ad
1315 4242 1421 4322 ipsius
1449 4241 1591 4325 rapulam
1612 4261 1670 4305 nos
1689 4241 1859 4322 formemus
1885 4260 1922 4303 ac
1940 4255 2162 4317 comparemus,
2218 4308 2221 4318 ι

159 4328 262 4385 autari
287 4321 419 4387 habeant
446 4325 611 4407 oripinem,
642 4328 688 4389 sic
717 4346 820 4391 omncs
846 4332 920 4391 sunt
947 4328 990 4392 ad
1010 4327 1134 4409 foedum
1185 4329 1281 4412 focile
1302 4328 1390 4392 nobis
1410 4327 1568 4406 constabit,
1591 4327 1753 4392 ecclesiam
1772 4345 1833 4388 non
1854 4345 1933 4403 6336,
1957 4343 2051 4403 quac,
2068 4340 2164 4400 prae-

159 4414 320 4487 quaestnm
334 4411 537 4488 prostitutae,
564 4416 600 4474 ut
621 4413 731 4476 borram
742 4418 868 4493 partem
889 4414 1064 4478 rescindere
1084 4433 1134 4477 no-
1187 4414 1290 4480 teritis
1310 4414 1396 4478 rabi
1417 4412 1482 4478 Dei
1499 4412 1625 4493 finibus,
1641 4412 1782 4496 ferendis
1796 4412 1885 4475 nocis
1901 4409 2018 4492 lapibus
2040 4407 2165 4472 lascivit

159 4512 240 4556 cesse
273 4496 329 4572 sit,
358 4496 388 4557 si
415 4495 536 4577 efficere
569 4497 724 4576 uolumus,
749 4500 915 4579 quominus
933 4498 1077 4580 profana
1106 4503 1135 4562 et
1187 4521 1224 4565 66
1251 4500 1405 4565 inauriat.
1449 4498 1567 4563 Annon
1593 4500 1676 4563 anun
1703 4499 1762 4564 illa
1789 4498 1882 4561 semd
1907 4494 2051 4560 ecclesiae
2079 4492 2165 4556 dicta

99 4587 101 4591 '
160 4580 315 4663 sacrileya
336 4581 524 4647 nundinatio
546 4584 581 4646 in
601 4584 730 4649 ecclesia
751 4589 936 4650 annuatur.
1061 4633 1065 4640 .
1187 4587 1237 4651 lea
1250 4585 1275 4672 ¹)
1297 4591 1426 4651 aeterna
1446 4584 1577 4650 manet?
1615 4585 1701 4667 Quod
1716 4584 1881 4665 praecipiio
1903 4581 1967 4658 tibi,
1990 4578 2044 4642 hoc
2066 4578 2165 4642 obser-
2214 4599 2218 4606 ’

250 4669 296 4729 16,
352 4667 490 4731 Tametsi
521 4669 626 4734 uideor
656 4690 718 4734 non
743 4675 930 4750 perpetuam
961 4671 1135 4736 doctrinam
1186 4673 1275 4737 vobis
1301 4678 1337 4737 iit
1362 4672 1474 4753 facias.
1522 4670 1595 4735 Non
1622 4671 1718 4736 aldes
1744 4669 1916 4752 quidquam
1942 4685 1995 4729 nec
2022 4661 2165 4728 detrahes

160 4751 197 4813 dc
218 4750 367 4817 hmnani's
394 4755 663 4820 constitutionibus
688 4756 824 4833 tradere,
853 4755 934 4836 quod
961 4758 1058 4821 aetati
1083 4778 1135 4821 no
1188 4758 1301 4843 (Daui.
1324 4762 1372 4835 12,
1392 4758 1457 4842 32).
1501 4756 1546 4820 nt
1562 4758 1657 4822 alibi:
1684 4777 1745 4820 iion
1767 4756 1869 4818 addas
1891 4752 1933 4815 ad
1954 4750 2078 4814 rabum
2091 4748 2165 4847 'Do

161 4841 245 4900 strae
260 4859 398 4917 prorsas
415 4842 642 4906 accommodata
653 4843 782 4906 esthaec
802 4843 912 4920 oratio,
934 4841 1016 4909 nihil
1033 4849 1136 4908 tamen
1187 4845 1283 4922 mini,
1317 4863 1414 4925 neque
1434 4845 1562 4908 minuas
1582 4864 1621 4908 cic
1642 4864 1691 4921 eo;
1712 4863 1750 4905 ne
1771 4846 1799 4904 te
1819 4841 1898 4920 forte
1918 4840 2050 4919 arpuat,
2083 4854 2166 4898 inoe-

161 4921 277 4986 dictum
304 4930 364 5001 ost,
399 4926 480 5005 quod
507 4948 569 4991 non
600 4929 644 4993 sit
669 4928 810 4993 mundus
836 4929 972 4993 saeculis
991 4930 1136 5011 futurum
1188 4929 1352 5009 niarisque
1382 4931 1517 4995 nnndau
1550 4929 1661 5013 (Prov.
1685 4930 1734 5002 30,
1760 4925 1802 5009 6).
1846 4923 1888 4987 Id
1909 4941 2003 5003 quirin
2023 4921 2166 4986 masiae

160 5007 244 5069 edile.
291 5009 377 5073 Nam
398 5014 516 5091 queas
537 5013 655 5095 obrepit
679 5015 753 5079 haee
774 5015 954 5095 aiporstiti'o
975 5020 1010 5078 ut
1031 5014 1136 5078 Deum
1189 5016 1306 5079 dictum
1332 5035 1445 5098 reparo
1472 5035 1533 5078 non
1555 5016 1694 5094 possint,
1722 5010 1799 5092 quid
1824 5009 1915 5075 aliud
1941 5026 2036 5087 quam
2062 5007 2167 5086 ipsius

230 5280 261 5339 li
278 5282 348 5332 enim
367 5287 449 5337 omitt.
470 5284 536 5341 nis
554 5303 623 5356 3666.
1261 5288 1353 5353 l)'lux
1372 5288 1446 5342 1543.
1468 5288 1539 5341 1545.

234 5364 343 5420 Calaim
356 5385 448 5437 opera.
488 5372 545 5425 Vol.
564 5372 601 5427 1.-
