4732 6030
221 346 345 414 XXVI
769 341 1034 408 INSTITUTIO
1057 340 1333 408 RELIGIONIS
1357 341 1682 407 CHRISTIANAE.

224 536 398 600 ambitione
431 554 556 597 errores
583 552 659 596 suos
686 532 844 613 sparsisse
873 553 949 595 eum
977 531 1213 609 accusantium,
1243 531 1363 596 diserte
1390 530 1497 594 dicere
1525 528 1662 595 debebat
1690 551 1725 594 se
1746 550 1866 594 nomen
1888 530 1924 593 in
1945 531 2051 594 fronte
2073 529 2147 594 libri
2169 539 2220 593 ta·

224 647 338 724 cuisse‚
362 667 428 710 non
451 652 568 720 autem,
592 643 741 707 homines
761 643 843 706 illud
864 644 1040 726 ignorasse,
1063 644 1148 725 quia,
1170 650 1208 706 ut
1228 663 1305 706 mox
1327 642 1518 720 videbimus,
1541 642 1622 706 11888
1644 641 1830 724 ignorantia
1851 641 1950 704 etiam
1972 663 2013 705 ex
2035 641 2100 705 alia
2121 661 2221 706 eausa

146 756 150 763 ’
223 758 316 822 facile
345 755 486 823 derivari
508 763 643 837 poterat.
689 755 762 819 Iam
795 754 924 837 quando
946 753 1078 818 Basilea
1105 753 1290 818 discesserit
1316 775 1383 818 non
1410 732 1488 818 satis
1510 761 1651 832 constat3
1679 752 1758 817 dicit
1778 751 1909 833 quidem
1929 751 1964 816 id
1985 752 2077 817 brevi
2098 753 2221 818 faotmu

223 890 310 946 esse;
332 889 448 932 verum
470 874 579 931 utrum
603 876 680 930 81118
702 886 745 930 811
767 873 840 949 post
861 865 1042 931 absolutam
1062 864 1137 928 libri
1158 864 1412 946 impressionem,
1436 886 1503 929 non
1524 864 1633 946 liquet.
1678 865 1844 942 Attamen,
1867 864 1931 928 nisi
1952 865 2062 928 omnia
2082 886 2142 928 nos
2159 863 2220 928 fal-

222 978 304 1056 lunt,
326 979 395 1060 ipse
415 980 504 1059 operi
526 976 715 1042 excudendo
738 976 901 1041 adfinem
922 998 1023 1058 usque
1045 997 1111 1040 non
1133 975 1244 1039 adfuit
1291 975 1457 1058 Quidquid
1479 977 1529 1055 sit,
1553 977 1581 1041 81
1603 975 1726 1059 gloriae
1748 974 1885 1057 cupidus
1902 975 2015 1040 fuisset
2036 982 2222 1057 exspectas·

222 1100 273 1156 set
293 1090 452 1154 lectorum
474 1090 703 1155 basileensium
720 1087 854 1170 plausus
877 1096 910 1152 81
931 1086 1165 1171 gratulationes
1187 1087 1290 1169 iisque
1313 1088 1407 1152 avide
1427 1089 1593 1152 inhiasset.
1626 1088 1783 1153 Discessu
1805 1087 1997 1152 modestiam
2019 1086 2221 1151 demonstra

222 1203 279 1267 vit.
324 1202 411 1265 Nam
432 1202 515 1266 libro
537 1200 637 1266 semel
660 1200 745 1264 edito
768 1198 869 1282 (quod
890 1221 956 1264 non
978 1200 1041 1264 nisi
1062 1220 1174 1264 mense
1196 1200 1313 1263 martio
1336 1220 1364 1263 a.
1387 1200 1609 1265 163618811111
1626 1219 1756 1264 8888811
1773 1199 1969 1284 typographi
1987 1198 2222 1280 subscriptione

223 1313 328 1397 patet)
355 1322 389 1376 et
410 1313 580 1377 homiuum
602 1313 752 1376 manibus
775 1317 927 1388 tractato,
958 1312 1079 1374 autoris
1101 1311 1189 1375 fama
1211 1332 1252 1374 ex
1277 1312 1325 1375 rei
1353 1312 1498 1376 novitate
1521 1317 1554 1374 et
1582 1318 1774 1394 argumento
1796 1311 1880 1374 tanti
1901 1311 2058 1374 momenti
2078 1309 2233 1374 maxima*

224 1446 391 1508 emergere
412 1424 551 1489 debebat
572 1431 605 1488 et
626 1445 661 1487 re
684 1445 763 1488 vera
784 1423 930 1500 emersit,
959 1420 1045 1504 quod
1067 1421 1244 1486 Calvinum
1271 1424 1491 1505 praesensisse
1517 1442 1613 1486 nemo
1640 1421 1862 1487 cordatissimo
1884 1423 1955 1486 viro
1977 1422 2055 1487 vitio
2077 1421 2221 1486 verterit

225 1534 321 1616 Quod
343 1545 469 1613 autem,
493 1534 571 1598 dum
591 1535 719 1617 prelum
741 1534 914 1598 exercebat
935 1533 1140 1615 opusculum,
1163 1555 1258 1598 nemo
1280 1533 1456 1599 Calvinum
1478 1532 1611 1599 sciverit
1632 1540 1779 1597 autorem
1801 1553 1886 1612 esse,
1908 1533 1969 1599 hoc
1990 1532 2142 1598 facillime
2165 1552 2223 1596 ex·

222 1646 341 1730 pedies,
365 1648 393 1711 si
409 1647 597 1711 memineris
618 1645 712 1709 illum
729 1667 795 1709 non
812 1666 870 1710 suo
884 1665 962 1711 vero
980 1646 1110 1708 nomine
1121 1645 1271 1710 Basileae
1292 1640 1463 1730 cognitum'
1476 1646 1584 1723 fuisse,
1604 1644 1661 1710 sed
1682 1645 1893 1727 supposititio,
1912 1666 1972 1727 pro
1988 1665 2078 1709 more
2096 1643 2224 1726 pridem

222 1759 284 1840 ipsi
305 1759 473 1836 familiari,
503 1779 600 1840 quem
621 1758 720 1821 etiam
741 1758 777 1822 in
784 1757 993 1857 praefatione
1016 1778 1115 1838 supra
1137 1756 1269 1821 laudata
1289 1758 1324 1820 in
1346 1757 1495 1822 Psalmos
1517 1758 1654 1821 innuere
1673 1754 1818 1834 videtur,
1841 1778 1943 1838 quum
1964 1756 2163 1831 selatebras
2184 1775 2222 1818 eo

222 1878 368 1951 temporo
390 1879 536 1952 captasse
559 1869 644 1933 dicit.
689 1867 950 1950 Quantacunque
971 1869 1072 1951 igitur
1092 1889 1133 1931 ex
1156 1867 1287 1934 Calvini
1308 1868 1395 1933 illius
1417 1869 1525 1934 libello
1547 1870 1583 1932 in
1604 1875 1752 1932 autorem
1773 1866 1957 1932 redundare
1974 1875 2102 1950 poterat
2118 1865 2224 1950 gloria

223 1980 310 2063 apud
330 1981 543 2057 Basileenses,
567 2002 640 2045 eam
663 2002 697 2045 88
719 1982 852 2044 minime
874 1981 1042 2045 affectasse
1063 1981 1134 2044 iure
1156 1981 1312 2057 affirmat,
1336 2001 1436 2063 quum
1454 1979 1585 2044 Oalvini
1605 2000 1726 2044 nomen
1746 1980 1782 2043 in
1810 2000 1924 2044 eorum
1946 1981 2025 2044 urbe
2045 1998 2168 2044 novum
2189 1983 2223 2041 et

222 2093 405 2157 inauditum
431 2094 543 2171 fuerit,
573 2114 610 2157 ac
633 2113 729 2156 nemo
751 2093 895 2170 sciverit,
924 2091 957 2155 id
980 2091 1078 2156 Gallo
1106 2091 1155 2154 illi
1185 2091 1291 2155 exsuli
1318 2103 1499 2173 competere
1520 2112 1617 2173 quem
1645 2092 1782 2155 fortasse
1803 2090 1860 2155 vix
1881 2112 1968 2155 unus
1989 2100 2023 2154 et
2043 2090 2127 2155 alter
2147 2110 2222 2171 pro-

222 2206 295 2287 pius
325 2204 485 2269 noscebat.
537 2202 624 2283 Quia
650 2212 760 2268 tamen
787 2225 846 2286 per
867 2205 1051 2269 Platterum
1074 2202 1246 2281 editorem,
1277 2203 1381 2268 aliove
1403 2204 1551 2280 tramite,
1579 2201 1665 2284 quod
1687 2202 1734 2266 rei
1757 2202 1996 2285 erat¹evulgari
2017 2207 2159 2285 poterat,
2187 2221 2222 2265 se

222 2316 276 2380 vel
305 2316 389 2380 hano
416 2316 521 2379 famae
550 2314 760 2396 aucupandae
788 2316 989 2380 occasionem
1016 2316 1108 2381 brevi
1136 2313 1279 2379 discessu
1306 2315 1427 2380 vitasse
1457 2315 1687 2380 convenienter
1713 2312 1811 2377 addit.
1856 2315 1908 2378 De
1936 2314 1998 2380 hoc
2020 2321 2129 2377 autem
2151 2313 2223 2377 cius

221 2424 430 2516 «1186818111,
458 2436 621 2491 caeterum
648 2426 772 2490 nemini
793 2448 859 2491 non
880 2427 1026 2509 cognita,
1050 2425 1147 2490 adeas
1169 2424 1349 2490 Senebierii
1378 2427 1452 2493 hist.
1479 2426 1526 2490 lit
1550 2447 1664 2509 genev.
1688 2425 1714 2489 Ι.
1739 2428 1810 2488 245.
1822 2448 1830 2504 ;
1850 2424 1976 2509 Henry,
1999 2425 2020 2489 l.
2043 2425 2064 2489 l.
2088 2424 2114 2488 Ι.
2136 2423 2220 2488 Beil

222 2560 252 2622 p.
273 2543 340 2617 29.;
362 2539 483 2621 Haagii
506 2537 650 2602 Galliam
669 2546 806 2619 protest.
829 2537 891 2600 ΙΠ.
919 2542 982 2615 10.;
1005 2537 1066 2601 Iul.
1090 2537 1229 2615 Bonnet,
1255 2538 1291 2600 in
1313 2537 1427 2601 Baua
1448 2539 1507 2602 VI.
1531 2542 1616 2617 1404
1645 2538 1788 2602 maxime
1810 2544 1920 2601 autem
1941 2537 2048 2601 Liebii
2076 2535 2223 2601 libellum

221 2650 308 2714 infra
329 2650 477 2733 pluribus
496 2649 705 2713 laudandum.
751 2648 849 2713 Certo
871 2650 990 2713 certius
1013 2655 1063 2713 881
1083 2648 1176 2712 illum
1197 2670 1264 2712 non
1286 2650 1345 2714 sub
1368 2649 1498 2714 Calvini
1520 2651 1650 2715 nomine
1672 2650 1736 2712 iter
1762 2648 1885 2726 fecisse,
1908 2647 1967 2713 sed
1990 2648 2128 2714 diversis
2150 2648 2223 2713 aliis

223 2783 333 2840 usum,
363 2762 472 2843 qualia
503 2767 597 2825 erant
624 2767 694 2824 tum
722 2760 877 2842 temporis
898 2759 1083 2825 Martianus
1106 2760 1272 2825 Lucaniae
1294 2768 1327 2824 et
1347 2760 1552 2842 d'Espaville.
1603 2762 1712 2843 Atque
1739 2759 1774 2823 id
1801 2761 1910 2842 ipsum
1937 2760 2022 2843 apud
2045 2760 2223 2826 Calvinum

221 2873 361 2956 legimus
383 2875 418 2935 in
440 2872 702 2955 praefationead
719 2872 884 2937 Psalmos:
908 2873 1006 2936 etiam
1028 2871 1114 2947 alibi,
1139 2872 1200 2936 hoc
1221 2879 1273 2936 est
1294 2879 1388 2935 entra
1410 2872 1585 2952 Basileam,
1606 2894 1640 2936 88
1664 2880 1810 2936 autorem
1829 2872 2048 2937 Institutionis
2070 2872 2222 2937 dissimu-

222 2984 316 3063 lasse,
339 2985 387 3048 ita
407 2995 445 3048 ut
465 3006 566 3066 quum
590 3005 675 3047 anno
696 2985 844 3065 proximo
866 2983 982 3067 (1536)
1005 2983 1176 3048 Genavam
1197 2984 1341 3049 venisset
1362 2984 1511 3049 celeriter
1532 2984 1740 3063 transiturus,
1763 3004 1859 3047 nemo
1881 2984 1940 3048 sub
1963 2983 2019 3048 illo
2039 2983 2221 3067 peregrino,

223 3096 304 3159 falso
325 3097 456 3159 nomine
478 3116 579 3159 unum
602 3106 698 3176 atque
721 3095 861 3159 alterum
883 3093 1031 3172 adeunte,
1055 3093 1149 3158 illum
1161 3093 1332 3160 Calvinum
1357 3080 1459 3159 latere
1482 3097 1700 3178 suspicaretur
1723 3096 1814 3160 cuius
1835 3093 1948 3160 laudes
1970 3096 2037 3159 iam
2058 3096 2093 3159 in
2115 3096 2222 3160 homi·

223 3229 304 3271 num
331 3228 387 3270 ore
414 3220 521 3283 erant,
549 3204 650 3269 donec
678 3228 762 3271 unus
784 3206 930 3289 quidam,
964 3206 1027 3288 ipsi
1048 3206 1173 3287 pridem
1196 3206 1380 3286 familiaris,
1409 3209 1545 3272 caeteris
1572 3215 1605 3271 et
1632 3208 1775 3271 maximo
1802 3206 1934 3270 Farello
1960 3206 1996 3270 id
2024 3208 2221 3289 patefecerit

223 3318 315 3383 Adeo
337 3317 454 3385 omnia
467 3317 589 3399 optime
611 3319 800 3398 conspirant
820 3327 857 3381 ut
878 3319 990 3394 euivis,
1011 3318 1074 3381 nisi
1098 3318 1338 3396 8888181118111,
1362 3317 1404 3382 ad
1425 3318 1535 3383 oeulos
1555 3317 1808 3395 demonstretur,
1837 3339 1904 3382 non
1924 3318 2044 3383 librum
2067 3318 2223 3398 ἀνώνυμον

222 3431 258 3494 in
277 3429 444 3513 publicum
466 3429 599 3506 exiisse,
629 3428 686 3492 sed
708 3438 869 3506 autorem,
904 3450 981 3493 vero
1010 3450 1068 3493 suo
1090 3429 1220 3492 nomine
1247 3431 1336 3511 operi
1357 3431 1491 3494 minime
1525 3431 1698 3513 denegato,
1731 3429 1923 3514 ψευδώνυμον
1955 3431 2041 3495 inter
2074 3431 2223 3496 homines

223 3562 293 3606 esse
314 3549 501 3619 1818811111,
530 3548 627 3623 atque
652 3540 810 3605 hactenus
837 3540 1039 3623 incognitum
1066 3528 1239 3619 mansisse,
1273 3563 1375 3623 usque
1407 3542 1486 3605 dum
1519 3543 1559 3607 ab
1593 3541 1700 3624 aliquo
1726 3542 1875 3625 proditus
1894 3543 2000 3621 1118111,
2034 3545 2089 3625 qui
2111 3550 2224 3625 postea

223 3653 312 3733 turpi
340 3652 516 3717 defectione
549 3652 589 3717 ad
623 3653 768 3734 papistas
795 3673 946 3716 reversus
984 3673 1086 3733 prava
1123 3653 1230 3733 potius
1258 3673 1356 3735 quam
1392 3652 1568 3718 laudabilia
1602 3653 1709 3718 studia
1737 3675 1797 3719 sua
1824 3655 1860 3716 in
1898 3675 1968 3718 rem
1999 3654 2224 3738 evangelicam

224 3762 323 3826 fuisse
355 3764 504 3829 ostendit.
549 3764 647 3829 (lerte
679 3765 748 3829 loco
778 3785 877 3846 supra
905 3763 1043 3847 allegato
1072 3764 1229 3829 Calvinus
1257 3763 1296 3827 de
1328 3785 1366 3828 eo
1392 3766 1438 3830 818
1472 3766 1572 3831 verba
1593 3765 1685 3841 facit,
1718 3772 1756 3828 ut
1787 3766 1881 3831 facile
1914 3764 2024 3830 videas
2056 3767 2119 3848 ipsi
2152 3787 2224 3832 rem

224 3873 358 3937 minime
389 3885 460 3939 turn
489 3883 616 3958 gratam
643 3878 750 3941 fuisse.
794 3877 906 3941 Etiam
938 3885 1123 3959 temporum
1154 3877 1295 3940 rationes
1323 3876 1406 3940 bene
1438 3876 1608 3959 quadrant.
1653 3876 1785 3941 Basilea
1816 3878 1949 3942 Italiam
1976 3878 2082 3959 petiit,
2111 3877 2223 3942 Rene·

224 3991 293 4050 tam
321 3983 411 4050 ducis
437 3986 640 4052 ferrariensis
668 4010 805 4052 uxorem
826 3990 956 4054 visurus
985 3988 1128 4071 aliosque
1154 3988 1295 4071 purioris
1323 3986 1487 4052 doetrinae
1515 3989 1643 4053 amieos.
1688 3987 1770 4052 Inde
1796 4011 1916 4072 paucos
1942 3997 2015 4072 post
2036 4002 2165 4055 menses
2186 3990 2223 4053 in

223 4095 368 4162 Galliam
394 4095 528 4159 rediisse
554 4097 673 4160 dicitur
699 4098 795 4163 rebus
823 4100 892 4164 suis
913 4100 1100 4164 Novioduni
1126 4108 1368 4181 prospecturus,
1397 4100 1514 4181 quibus
1541 4099 1699 4165 ordinatis
1721 4102 1977 4184 Argentoratum
2007 4080 2042 4166 s'e
2069 4101 2222 4182 contulit;

223 4208 280 4274 sed
302 4207 378 4272 belli
399 4206 502 4270 turbis
524 4206 585 4271 hoc
606 4208 722 4271 itinere
743 4210 932 4290 praeclusus
954 4233 1074 4294 magno
1095 4211 1233 4276 circuitu
1253 4212 1338 4275 facto
1356 4210 1526 4276 Genavam
1546 4212 1687 4276 transire
1708 4213 1846 4291 volebat,
1869 4213 1926 4278 ubi
1942 4233 2054 4277 11181188
2071 4214 2223 4297 Augusto

223 4319 302 4384 anni
327 4322 424 4397 1536,
447 4317 535 4382 Beaa
556 4325 653 4396 teste,
676 4341 715 4384 ea
736 4329 918 4385 evenerunt
939 4342 1021 4403 quae
1044 4321 1138 4386 modo
1161 4323 1201 4388 ab
1223 4322 1292 4404 ipso
1314 4321 1452 4388 Calvino
1473 4331 1607 4387 narrata
1627 4323 1775 4407 legimus.
1821 4322 1858 4390 Si
1881 4325 1933 4390 his
1953 4325 2125 4390 itineribus
2146 4345 2223 4389 eum

223 4438 293 4496 octo
327 4439 385 4495 aut
412 4450 530 4495 novem
557 4451 686 4496 menses
713 4432 910 4514 impendisse
939 4434 1070 4509 statuis,
1098 4455 1164 4498 nou
1191 4435 1293 4499 multo
1322 4448 1395 4518 post
1416 4435 1660 4500 Institutionem
1688 4435 1892 4521 typographo
1914 4436 2069 4501 traditam
2090 4436 2223 4502 Basilea

222 4544 386 4625 profectus
408 4563 479 4607 esse
501 4541 639 4607 videtur.

376 4654 441 4719 His
462 4653 557 4718 modo
580 4653 673 4719 dictis
693 4674 824 4719 omnem
846 4654 1072 4720 difficultatem
1093 4659 1269 4743 removisse
1291 4658 1454 4737 videmur,
1477 4666 1637 4742 quantum
1660 4658 1701 4723 ad
1723 4666 1872 4723 nostrum
1894 4659 2061 4741 exemplar
2082 4658 2223 4723 latinum

224 4765 349 4828 attinet.
394 4765 521 4830 Verum
543 4765 605 4843 illi,
635 4774 796 4847 quatenus
818 4766 972 4849 gallicum
995 4774 1144 4832 statuunt
1165 4778 1262 4834 antea
1283 4770 1348 4834 iam
1371 4770 1509 4850 editum,
1537 4772 1595 4836 tali
1618 4771 1836 4853 disputatione
1858 4790 1928 4835 rem
1949 4771 2129 4837 confectam
2151 4790 2223 4835 esse

223 4884 353 4959 negant,
376 4876 441 4941 imo
464 4877 544 4942 alias
566 4878 665 4942 etiam
687 4877 829 4942 rationes
851 4878 993 4942 afferunt
1013 4880 1130 4961 quibus
1152 4902 1244 4944 suam
1269 4882 1454 4964 opinionem
1476 4882 1652 4947 stabiliant.
1688 4880 1826 4946 Oonstat
1846 4882 2020 4947 editionem
2042 4902 2141 4964 quam
2161 4902 2222 4946 nos

223 4987 403 5069 prinoipem
425 5009 495 5054 8888
518 4990 729 5068 affirmamus,
750 5010 868 5072 nempe
890 4990 1040 5055 Basileae
1060 5012 1121 5072 per
1140 4992 1324 5057 Platterum
1344 5015 1430 5058 anno
1456 4998 1536 5057 1136
1556 4995 1757 5077 impressam,
1780 4993 2049 5076 subscriptionem
2067 4993 2222 5058 exhibere

223 5097 378 5179 epistolae
400 5099 440 5162 ad
462 5101 589 5184 Regem
617 5102 823 5167 subiunctam
847 5101 946 5166 hane:
980 5101 1131 5168 Basileus
1156 5103 1199 5168 Χ.
1227 5103 1381 5170 0818111181
1412 5102 1612 5187 Septembres,
1646 5126 1732 5169 anno
1758 5126 1825 5170 non
1852 5113 1979 5185 notato,
2007 5105 2044 5168 in
2071 5105 2223 5171 omnibus

224 5229 301 5274 vero
328 5208 598 5292 subsequentibus
623 5213 816 5279 editionibus
848 5212 958 5278 latinis
984 5213 1090 5279 eidem
1120 5217 1274 5298 epistolae
1301 5217 1386 5283 hanc
1414 5216 1503 5282 addi:
1537 5215 1687 5281 Basileus
1716 5215 1781 5282 Gal.
1810 5216 1893 5301 Aug.
1920 5200 2127 5283 8111181536.
2178 5217 2221 5283 In
