4770 6030
155 363 216 425 sss
321 383 324 392 =
728 352 995 422 memma
1018 355 1122 421 ΗΕΒ.
1145 354 1327 422 onmem.
1354 359 1584 420 mse-1554.
1913 351 1917 358 ·
2100 353 2163 421 ees
2245 327 2248 337 '

20 579 29 591 .
153 548 297 632 lipentiae
323 551 351 612 et
378 546 549 625 doctrinae,
579 565 617 610 ec
644 561 739 625 aequo
766 564 869 608 annes
893 543 1044 626 polteam;
1076 542 1131 609 sed
1181 563 1299 609 necesse
1327 544 1386 609 erit
1412 549 1447 608 nt
1472 562 1542 607 acm
1567 493 1749 628 &apianis
1777 455 2163 626 assuaubblllelfcebbb

152 636 230 715 auia
256 631 477 697 eoncedendum
503 651 564 695 nore
592 635 637 695 est
658 630 853 694 aduersariis
876 628 1010 708 Christi,
1032 634 1068 692 ut
1088 629 1131 693 ad
1182 649 1247 694 esse
1272 628 1412 709 fidetium
1439 629 1593 693 iustitiam
1618 630 1654 694 in
1680 629 1738 694 lac
1764 633 1846 709 cita,
1874 650 1945 696 cum
1968 627 2114 696 camus
2135 637 2163 697 et

152 719 357 801 defensionem
375 718 477 782 malae
503 737 617 782 causae
638 716 828 798 scripturam
850 716 885 778 in
906 715 1044 779 alimum
1064 735 1131 779 sem
1182 714 1360 781 Donatistis
1382 714 1501 779 numm
1521 716 1557 779 in
1578 715 1702 781 ecclesio
1725 716 1935 798 infirmitatem
1954 717 2104 798 fuemus.

152 825 223 870 sum
248 804 451 885 detorqueant.
504 801 631 881 Verum,
654 801 708 866 loe
728 802 856 879 omisso,
878 801 1060 882 simpliciter
1081 801 1131 882 fa·
1272 804 1341 865 149.
1393 801 1517 885 ¹)Alter
1537 801 1621 866 lomes
1641 821 1778 883 prorsus
1798 802 1897 866 atium
1919 802 2008 867 labet
2028 822 2161 882 sensum,

152 895 227 969 teor,
255 890 291 954 id
318 889 399 970 quad
419 909 470 953 res
490 888 593 967 babet,
620 888 794 953 Dominum
815 892 965 969 perpetuo
986 887 1056 950 suis
1077 886 1131 950 ad-
1182 906 1277 967 quam
1298 887 1467 952 intendunt.
1519 886 1579 953 Ubi
1600 888 1682 951 enim
1706 887 1897 952 Timotheum
1918 890 2055 953 instituit
2078 888 2163 954 Pau-

152 995 230 1055 esse,
261 979 289 1039 et
316 995 367 1040 eos
394 976 510 1056 spiritu
537 995 594 1039 sua
621 995 730 1057 repere.
775 973 870 1037 Hunc
896 972 1044 1053 spiritum
1071 992 1132 1036 narr
1183 973 1248 1050 lus,
1276 972 1367 1036 etad
1389 993 1496 1037 naum
1522 974 1657 1055 episcopi
1682 973 1819 1055 officium
1845 974 2008 1055 formauit,
2035 974 2110 1040 dreit
2129 996 2163 1040 se

152 1082 217 1212 ld
226 1059 1133 1227 ababttttaabtttattttldb
1183 1057 1392 1207 ttttbt
1417 1058 2162 1229 inmansuetudine

153 1254 212 1315 quo
231 1253 294 1297 nan
319 1232 475 1313 fallaciter
495 1233 631 1310 discant,
660 1252 739 1314 quae
760 1230 822 1295 sibi
841 1231 956 1295 donata
977 1231 1055 1308 sint,
1078 1229 1133 1294 bac
1183 1249 1249 1293 rem
1270 1229 1405 1293 intentus
1426 1236 1515 1309 esset,
1543 1230 1702 1313 subiunpit
1722 1231 1879 1296 emlesiam
1904 1233 2009 1313 ipsam
2030 1252 2094 1297 esse
2115 1252 2161 1296 ca

154 1323 206 1397 est,
229 1339 307 1399 quae
327 1319 370 1381 sit
390 1338 461 1398 spes
481 1319 647 1382 amationis
670 1338 754 1396 snae,
777 1323 805 1381 et
826 1336 905 1397 quae
925 1317 1054 1380 diuitiae
1069 1316 1132 1398 plo
1184 1314 1322 1378 lumnam
1344 1335 1380 1379 ac
1401 1316 1640 1381 stabilimentum
1662 1318 1809 1381 nudatis.
1846 1317 1929 1397 Quid
1950 1323 2053 1382 auam
2073 1318 2162 1382 alind

153 1406 222 1469 riae
241 1404 440 1469 laamlitatis
461 1403 526 1468 Dei
547 1405 720 1468 insanitis
741 1403 842 1486 (Eph.
865 1406 891 1479 l,
913 1402 977 1486 18).
1018 1402 1132 1467 Verum
1183 1399 1245 1465 sibi
1276 1400 1380 1463 uolunt
1412 1400 1486 1466 baec
1511 1401 1616 1481 uerba,
1650 1423 1745 1484 quam
1772 1404 1807 1466 in
1836 1403 1961 1468 ccclesia
1987 1404 2162 1468 conseruari

153 1509 250 1572 quum
274 1490 455 1571 primitias,
488 1495 515 1553 ει
543 1490 706 1571 quemdam
734 1490 887 1553 duntaxat
911 1493 1036 1571 andum
1064 1489 1131 1551 eius
1183 1485 1248 1550 Dei
1265 1487 1431 1563 ceritatem,
1443 1488 1688 1568 praedicationis
1704 1488 1819 1553 scilieet
1834 1489 2030 1554 ministerio?
2055 1489 2162 1570 Quan-

153 1576 287 1658 spiritus
301 1576 481 1657 percipriant
501 1576 536 1639 in
562 1575 620 1640 lac
641 1595 732 1640 earne
751 1574 870 1656 fideles,
892 1575 985 1638 etiam
1006 1575 1061 1655 qui
1082 1594 1132 1637 erc-
1184 1572 1350 1636 aduradum
1364 1572 1453 1636 alibi
1477 1571 1703 1657 (Eph.4,11)
1731 1574 1828 1639 docet:
1856 1573 2015 1640 Christum
2042 1575 2162 1640 dedisse

154 1661 374 1726 collectionibus
392 1662 508 1744 pretiis
524 1682 606 1742 prae
628 1661 704 1725 aliis
724 1661 829 1725 donati
849 1665 937 1739 sunt,
964 1659 1045 1723 nibil
1066 1658 1133 1723 illis
1184 1657 1349 1740 apostolos,
1372 1664 1515 1738 pastores
1537 1665 1627 1741 atque
1648 1660 1795 1738 doctores,
1817 1680 1855 1724 ne
1876 1661 2014 1742 arnplius
2033 1662 2162 1725 mourm-

148 1747 257 1830 potius
283 1751 391 1824 restat,
427 1767 522 1827 qnam
553 1746 770 1811 imbecillitatis
799 1765 875 1810 snae
901 1747 1035 1809 conscios
1067 1765 1131 1808 sese
1182 1743 1324 1824 feramur
1345 1744 1475 1824 quolibet
1495 1751 1580 1810 vento
1601 1746 1757 1810 doctrinm
1778 1751 1833 1810 ant
1854 1745 1894 1810 ab
1915 1746 2091 1811 bominibus
2111 1748 2162 1811 de

153 1834 239 1898 mma
260 1832 344 1896 verbi
365 1830 430 1896 Dei
457 1833 535 1912 fines
556 1832 683 1897 sollicite
704 1833 870 1909 continere,
897 1851 934 1894 ne
955 1832 985 1895 si
1000 1832 1131 1914 proprio
1183 1829 1349 1908 ludamur,·
1370 1831 1424 1894 sed
1440 1851 1514 1894 uera
1528 1831 1591 1912 filii
1607 1831 1670 1895 Dei
1688 1832 1853 1914 capnitione
1870 1833 2041 1897 dlrominati
2057 1853 2162 1898 annm

153 1938 247 1984 sensu
268 1918 390 1998 lampius
411 1923 583 2001 erepentur,
606 1940 627 1982 a
647 1923 729 1983 rasta
750 1919 803 1982 oia
817 1919 966 2000 protimus
983 1916 1130 1994 aberent,
1183 1915 1279 1979 simul
1307 1934 1505 1979 occurramus
1531 1917 1567 1980 in
1591 1918 1666 1998 fidei
1692 1918 1851 1981 undatem.
1898 1919 1985 1999 Quod
2010 1934 2079 2002 erpo
2098 1939 2161 1981 nou

153 2009 305 2086 qnatenus
325 2003 438 2068 scilicet
456 2005 573 2085 spiritu
589 2004 643 2067 illo
660 2003 760 2068 adbuc
781 2004 873 2067 omni
889 2007 969 2081 sunt,
991 2024 1051 2084 qno
1069 2002 1131 2067 solo
1183 2001 1390 2084 anstinpuitnr
1410 2003 1445 2064 iu
1466 2002 1580 2067 mundo
1601 2004 1716 2067 merdas
1736 2003 1791 2066 sed
1811 2003 1900 2068 salua
1916 2008 2046 2085 perstat,
2071 2005 2107 2068 id
2126 2004 2163 2085 fil

153 2090 272 2155 docente
298 2104 406 2152 oerum
426 2111 448 2153 a
473 2089 556 2170 falso
583 2090 778 2153 discernitur.
825 2089 938 2155 Omnes
958 2090 1041 2153 enim
1062 2109 1132 2152 acm
1183 2087 1264 2168 qnod
1290 2087 1388 2167 fidam
1416 2086 1503 2152 babet
1529 2089 1681 2154 custodem
1708 2089 1879 2168 ecclesiam,
1907 2091 2000 2154 cuius
2021 2095 2163 2171 operaet

158 2174 260 2240 Paulo
287 2173 389 2257 (Phil.
409 2178 437 2253 3,
460 2175 514 2259 12)
545 2175 695 2255 fatentur,
726 2194 759 2241 se
787 2175 924 2239 nondum
952 2176 994 2239 ad
1020 2179 1132 2239 rnetam
1182 2173 1355 2237 minuterio
1375 2175 1553 2237 sustinetur.
1592 2174 1692 2254 Atqui
1712 2175 1743 2238 si
1761 2173 1835 2239 lam
1855 2176 1994 2240 custodia
2013 2177 2049 2239 in
2069 2176 2162 2239 mini·

148 2261 322 2344 penitense.
373 2257 484 2342 Itaque
516 2262 559 2326 ad
585 2261 819 2341 quotidianum
825 2260 997 2342 profectum
1029 2262 1133 2344 mapis
1182 2259 1275 2322 sterio
1298 2257 1476 2339 prophetico
1497 2265 1526 2322 et
1552 2260 1715 2341 apostolico
1737 2260 1798 2324 sita
1820 2266 1878 2340 est,
1907 2263 2047 2342 sequitur
2068 2266 2161 2324 totam

154 2347 341 2425 contendunt,
363 2367 458 2428 quom
469 2346 655 2429 perfectione
673 2346 859 2429 ploriantur.
1182 2343 1254 2408 inde
1277 2344 1424 2424 pendere,
1454 2345 1484 2408 si
1511 2345 1635 2411 uerbum
1655 2345 1789 2411 Dmnini
1807 2347 1939 2427 fideliter
1959 2352 2159 2425 mnseroetm,

243 2435 312 2496 148.
360 2431 422 2496 Sed
449 2433 611 2513 excipient,
639 2433 791 2514 quidquid
813 2433 935 2514 partim
955 2436 1131 2496 sanctorum
1182 2449 1333 2509 suamque
1347 2430 1519 2511 puritatem
1536 2433 1672 2496 retineat.

153 2519 320 2600 unicuique
340 2518 496 2596 tribulem,
519 2519 554 2583 id
569 2520 697 2600 penitus
718 2524 746 2582 ct
764 2518 807 2582 ad
823 2519 952 2599 plenum
971 2522 1131 2599 competere
1272 2519 1340 2578 150.
1385 2514 1490 2596 Atque
1509 2522 1544 2580 ut
1564 2518 1675 2582 melius
1695 2517 1869 2600 intdlipant
1888 2517 2023 2598 udones,
2046 2520 2081 2582 in
2101 2537 2160 2598 auo

154 2605 190 2667 iu
210 2605 314 2685 ipsam
335 2604 498 2669 ecclesiam.
533 2604 600 2688 Hae
621 2605 742 2668 tametsi
762 2602 850 2668 labet
868 2603 1049 2667 nonnullam
1065 2605 1130 2668 neri
1178 2601 1379 2684 potissimum
1399 2603 1528 2666 cardine
1547 2608 1685 2668 oersetur
1701 2603 1774 2668 baec
1791 2605 1938 2684 quaestio,
1961 2605 2037 2686 quid
2051 2607 2159 2685 postu·

155 2691 293 2771 mouent,
315 2710 421 2754 uerum
442 2695 544 2753 tamen
564 2710 629 2754 osse
649 2709 731 2773 nepo.
778 2688 831 2754 Sic
851 2690 975 2770 quidem
996 2689 1131 2773 sinpulis
1182 2687 1241 2750 lent
1262 2688 1360 2750 madri
1381 2687 1565 2767 aduersarii,
1588 2691 1668 2753 etin
1689 2710 1748 2770 otro
1769 2690 1852 2770 ipsis
1868 2691 2058 2768 resistamus,
2076 2709 2159 2771 pau-

153 2775 299 2840 membris
324 2775 484 2840 distribuit
510 2774 600 2840 Deus
628 2775 710 2840 darm
741 2776 874 2857 spiritus
899 2773 953 2838 ini
981 2776 1022 2839 ad
1049 2796 1131 2840 men-
1182 2773 1228 2837 cis
1248 2792 1407 2853 erponem
1450 2775 1538 2854 Quod
1557 2775 1607 2839 illi
1628 2780 1740 2857 repant
1760 2795 1866 2840 errare
1882 2795 1975 2858 posse
1995 2775 2159 2853 omimium

153 2880 279 2939 suram,
314 2866 348 2924 ut
380 2861 499 2942 corpori
525 2863 669 2926 universo
700 2861 781 2926 nibil
806 2861 885 2926 desit
912 2862 1129 2940 mccssarium,
1183 2859 1242 2923 lua
1268 2861 1395 2940 spectat,
1423 2863 1513 2940 atque
1539 2861 1585 2925 ita
1610 2861 1866 2943 interpretantur:
1894 2862 2016 2943 quanm
2044 2861 2160 2942 spiritu

153 2944 209 3010 nbi
229 2947 311 3010 dana
330 2947 404 3027 ipsa
423 2947 458 3009 r'n
479 2967 634 3011 mmmm
661 2947 867 3028 conferuntur.
919 2946 1034 3012 Verum
1055 2947 1131 3012 tales
1182 2943 1247 3010 Dei
1271 2943 1475 3027 pubernatur,
1504 2950 1567 3010 tuto
1586 2947 1725 3012 incedere
1749 2947 1817 3011 sine
1842 2946 1931 3013 aerbo
1953 2966 2063 3030 passe,
2088 2967 2161 3028 oue

154 3036 227 3096 sunt
258 3051 377 3112 semper
408 3032 549 3097 ecclesim
581 3033 723 3112 diuitiae,
756 3038 791 3097 nt
821 3032 952 3099 multum
983 3033 1062 3099 desit
1088 3033 1131 3097 ad
1183 3050 1300 3111 cunque
1314 3035 1432 3114 perpet,
1454 3052 1516 3095 non
1531 3051 1625 3113 posse
1640 3035 1753 3098 sentire
1769 3038 1825 3096 aut
1841 3033 1933 3115 loqui,
1955 3034 2020 3097 uisi
2036 3051 2160 3112 oerum;

154 3137 310 3181 mmmam
337 3117 427 3180 illam
453 3119 682 3200 perfectionem,
712 3140 807 3201 quam
835 3119 1011 3185 adversarii
1032 3119 1131 3183 nostri
1178 3116 1312 3200 proinde
1339 3118 1370 3180 si
1391 3116 1468 3198 quid
1488 3122 1575 3182 entra
1596 3123 1652 3182 aut
1673 3123 1800 3201 praeter
1819 3117 1884 3184 Dei
1904 3118 2028 3183 uerbum
2050 3122 2161 3183 statue-

155 3203 279 3266 iactant.
331 3201 397 3266 Nec
422 3203 490 3268 tneo
516 3203 583 3268 ulla
613 3205 648 3267 in
675 3210 767 3287 parte
794 3206 971 3269 deditium
997 3204 1130 3283 ecclesia,
1182 3205 1233 3282 rit,
1255 3202 1290 3266 id
1311 3201 1483 3267 babendum
1504 3223 1574 3268 esse
1587 3224 1649 3268 nan
1671 3204 1734 3269 alm
1754 3203 1824 3282 loco,
1846 3225 1942 3286 quam
1962 3209 2078 3270 certum
2093 3203 2157 3269 Dei

154 3288 233 3370 quin
253 3308 372 3370 semper
392 3288 502 3353 babeat
522 3295 673 3370 quantum
693 3292 772 3354 satis
790 3292 847 3356 sit:
868 3292 952 3356 nouit
968 3292 1050 3355 enim
1066 3289 1132 3355 De
1184 3287 1350 3354 oraculum.
1401 3287 1469 3353 Nos
1500 3289 1530 3353 si
1551 3289 1658 3354 demus
1681 3290 1763 3354 illud
1782 3292 1939 3373 primum,
1970 3311 2076 3355 errare
2096 3309 2158 3355 non

154 3375 261 3438 minus
281 3374 359 3454 quid
379 3376 449 3440 eius
469 3376 633 3441 necessitas
658 3377 805 3457 requirat.
857 3375 986 3456 Verum,
1009 3382 1045 3440 ut
1063 3397 1133 3441 eum
1177 3395 1271 3458 passe
1284 3373 1442 3439 εεειειιεηι
1457 3376 1493 3438 in
1510 3374 1601 3439 rebus
1617 3376 1804 3441 adsalutem
1820 3377 2013 3456 necessariis,
2025 3376 2075 3440 bic
2090 3396 2157 3440 sen-

154 3459 212 3524 snb
240 3459 414 3526 lumditate
435 3465 463 3526 ει
484 3462 547 3544 pia
567 3462 716 3525 modestia
738 3465 899 3542 contineat,
928 3482 988 3527 non
1003 3462 1081 3544 plus
1104 3462 1133 3527 ei
1183 3482 1240 3525 sus
1257 3466 1358 3524 noster
1376 3466 1436 3524 est:
1462 3461 1530 3526 ideo
1551 3460 1605 3526 bos
1625 3481 1705 3539 esse,
1727 3462 1808 3543 quod
1828 3462 1971 3527 abduata
1993 3463 2077 3526 omni
2096 3482 2157 3526 sua

155 3545 291 3628 torpitur
311 3566 406 3627 auam
426 3549 510 3612 naoit
530 3547 680 3628 inpedire.
710 3546 780 3611 Scio
802 3549 879 3629 auid
897 3548 1133 3631 bicqmqueob
1183 3546 1352 3628 sapientia,
1379 3567 1401 3610 a
1425 3547 1542 3628 spiritu
1568 3552 1672 3612 sancto
1699 3548 1800 3613 doceri
1820 3567 1853 3614 se
1868 3569 1929 3631 per
1948 3548 2073 3612 verbum
2094 3547 2158 3612 Dei

154 3632 266 3696 iactare
286 3632 418 3696 soleant:
445 3633 601 3697 ecclesiam
620 3633 736 3698 seilicet
755 3634 936 3698 mundatam
956 3655 1021 3699 esse
1047 3635 1133 3700 luna·
1178 3633 1311 3715 patitur.
1355 3631 1423 3697 Hoc
1448 3633 1546 3716 ipitur
1566 3638 1612 3698 est
1631 3633 1815 3699 discrimen:
1840 3633 1890 3698 illi
1911 3634 2051 3699 εεειειιαε
2072 3638 2158 3698 outa

155 3736 206 3781 cro
227 3737 327 3797 aquae
346 3719 382 3781 in
402 3718 490 3783 uerbo
508 3720 596 3799 ortae,
618 3722 653 3781 ut
674 3723 751 3785 esset
771 3721 839 3786 sine
859 3741 939 3804 nepa
960 3725 988 3784 ει
1008 3721 1133 3786 macida
1183 3720 1305 3784 ritatem
1329 3724 1418 3784 entra
1449 3718 1574 3784 nubum
1600 3716 1664 3783 Dei
1684 3719 1843 3799 collacant;
1869 3739 1925 3785 nos
1950 3723 2053 3784 auton
2073 3717 2158 3783 uolu-

156 3800 257 3887 (Eph.
278 3807 307 3881 5,
326 3802 397 3886 26),
427 3809 455 3868 ct
475 3805 541 3870 ideo
563 3804 640 3869 alibi
661 3807 765 3871 uocari
785 3806 959 3872 columnam
979 3811 1006 3872 et
1025 3807 1133 3888 finna-
1183 3825 1254 3869 mus
1274 3804 1362 3869 aerbo
1384 3824 1546 3884 numnam
1568 3825 1621 3870 nec
1641 3804 1681 3869 ab
1702 3826 1735 3870 eo
1756 3806 1902 3888 separari
1916 3805 2069 3888 patimm.
2113 3803 2158 3869 Et

155 3891 292 3951 mentem
319 3889 666 3973 nudatis(lTim.3,
690 3891 752 3976 15).
804 3891 918 3956 Verum
940 3894 1050 3975 priore
1070 3893 1132 3957 loco
1184 3891 1260 3973 auid
1281 3890 1406 3968 mirum,
1429 3890 1460 3955 si
1479 3910 1594 3972 sponsa
1615 3910 1653 3956 ac
1673 3891 1829 3974 discipula
1852 3889 1968 3956 Obristi
1990 3909 2046 3955 suo
2068 3910 2159 3971 spon·

155 3973 258 4054 meeis
285 3973 408 4038 docetur
435 3977 512 4056 quid
532 3977 666 4058 quotidie
693 3983 832 4060 operetur
857 3979 894 4042 in
920 3999 957 4042 oo
980 3977 1132 4056 Obristm,
1183 3997 1218 4041 so
1238 3977 1409 4056 maritoque
1429 3975 1608 4056 subiicitur,
1633 3982 1668 4041 ut
1688 3977 1727 4042 ab
1749 3978 1817 4042 eius
1838 3996 1889 4041 ore
1907 3976 2035 4041 assidue
2055 3996 2094 4042 ac
2114 3996 2159 4040 se
2225 4049 2228 4055 ‚

156 4077 251 4139 mam
276 4059 353 4139 quid
381 4062 448 4124 iam
469 4063 640 4143 perfecerit.
691 4063 779 4128 Nam
811 4065 842 4128 si
867 4084 970 4129 omnes
996 4084 1071 4129 suos
1098 4065 1133 4128 in
1184 4062 1257 4126 dnlo
1274 4062 1430 4142 pendeat?
1472 4061 1560 4127 Haec
1580 4063 1661 4128 enim
1683 4068 1727 4128 ost
1755 4064 1865 4128 domus
1885 4061 1956 4128 bene
1976 4063 2160 4145 compositae

155 4143 224 4208 dies
250 4145 433 4226 sanctificat,
466 4153 643 4247 ecpnrpat,
662 4150 789 4232 expolit,
821 4150 954 4214 maculis
981 4150 1131 4233 absterpit,
1164 4149 1278 4227 -ratio,
1301 4153 1337 4211 ut
1355 4149 1466 4212 mariti
1487 4149 1617 4229 imperio
1637 4169 1718 4214 uuor
1737 4149 1928 4230 obtemperet,
1948 4147 2021 4213 laec
2042 4148 2161 4212 scltolae
2272 4143 2273 4146 '

155 4235 232 4295 certe
253 4230 355 4296 adbuc
380 4233 488 4297 naevis
509 4253 546 4297 oa
571 4255 661 4317 rupis
687 4236 875 4316 quibusdam
896 4256 1038 4317 aspersos
1059 4255 1132 4314 esse,
1185 4234 1256 4299 bene
1281 4239 1419 4299 moretm
1444 4234 1565 4317 reputa,
1596 4239 1631 4298 ut
1651 4235 1795 4318 mapistri
1816 4235 1914 4300 salius
1934 4233 2074 4299 doctrina
2095 4232 2160 4297 illic

155 4335 320 4398 carumque
340 4319 575 4398 sanctificationi
597 4321 700 4385 deesse
716 4322 859 4387 nonnihil
875 4327 998 4387 constat.
1031 4321 1133 4385 Eaele
1186 4321 1343 4405 audiatur.
1391 4319 1593 4401 Quianmbrem
1613 4341 1674 4386 non
1701 4342 1739 4386 ec
1760 4340 1793 4385 se
1814 4321 1921 4402 sapiat
1940 4318 2077 4398 eeclesia,
2099 4338 2160 4383 non

155 4402 239 4468 snm
269 4423 340 4467 oero
367 4408 505 4468 sanctam
532 4411 560 4470 ει
585 4407 820 4472 immaculatam
847 4409 914 4472 iam
941 4409 1069 4489 penitus
1097 4427 1134 4471 oc
1184 4428 1223 4471 aa
1242 4426 1276 4471 se
1297 4406 1402 4489 capitet
1422 4405 1609 4487 enumquam
1631 4407 1686 4472 sed
1705 4407 1878 4489 sapientiae
1898 4426 1974 4471 urae
1994 4406 2161 4470 uminum

155 4490 240 4552 omni
260 4509 297 4552 en
312 4494 405 4570 parte
426 4509 551 4569 censere,
575 4494 667 4556 cuius
687 4494 822 4559 menbra
848 4495 953 4558 omma
974 4491 1134 4557 maculosa
1184 4497 1313 4572 sidicat,
1342 4491 1398 4555 nbi
1419 4490 1563 4578 loquemli
1587 4493 1681 4574 finan
1701 4491 1754 4556 ille
1778 4492 1891 4574 fecerit.
1936 4491 1978 4555 In
1998 4491 2079 4556 lemn
2099 4510 2161 4554 mo·

156 4577 185 4637 et
203 4574 346 4639 nonnilil
361 4577 488 4657 irnpura
505 4578 577 4657 sint,
596 4599 690 4659 quam
707 4580 800 4643 irione
817 4599 854 4643 ac
873 4578 1049 4661 fabulosum
1065 4577 1133 4643 est?
1184 4579 1260 4644 dum
1279 4583 1307 4642 et
1326 4576 1467 4642 omnibus
1487 4579 1619 4642 rationis
1639 4599 1717 4644 suae
1735 4579 1868 4643 inuentis
1885 4577 2019 4659 diffide&
2041 4578 2077 4641 in
2093 4577 2161 4658 qui-

165 4659 279 4724 Verum
300 4665 344 4725 est
363 4662 469 4744 ipitnr,
490 4663 713 4745 sanctificatam
735 4683 799 4728 esse
819 4665 976 4730 ecclesiam
997 4685 1018 4728 a
1044 4661 1133 4728 Obri-
1183 4665 1240 4729 bns
1262 4669 1364 4729 numm
1386 4663 1472 4728 verbo
1493 4662 1557 4728 Dei
1578 4665 1699 4744 nititur,
1721 4664 1809 4729 nulla
1827 4663 2002 4746 diffidentia
2020 4667 2077 4728 aut
2092 4662 2161 4727 bae·

156 4750 216 4824 sto,
242 4750 276 4809 at
301 4747 370 4811 eius
394 4749 646 4830 sanctificationis
666 4750 793 4813 initium
815 4749 865 4814 lic
886 4749 1038 4814 duntaxat
1058 4751 1133 4815 aisi-
1184 4749 1326 4816 solatione
1357 4749 1528 4829 uacillabit,
1566 4751 1620 4815 sed
1650 4771 1766 4835 mapna
1798 4749 1980 4815 eetdudine
2010 4749 2162 4831 fimoque

156 4835 208 4896 tur
221 4854 230 4910 ,·
245 4833 321 4912 finis
336 4853 405 4898 aera
422 4838 449 4897 et
465 4835 600 4899 solidum
617 4834 865 4916 canoplementnm
881 4835 1018 4915 exstabit,
1036 4856 1133 4917 auum
1184 4836 1355 4901 coustumia
1378 4836 1570 4918 conquiescet.
1624 4835 1678 4902 Sic
1703 4838 1797 4902 etiam
1817 4856 1941 4914 aarum,
1966 4855 2047 4917 quas
2066 4832 2160 4911 babel,

156 4921 282 5015 sairdas
303 4923 478 4984 sanatorum
502 4919 645 4985 illudne
665 4940 726 4986 suo
747 4941 816 4986 eam
837 4923 996 4987 sanctitate
1016 4943 1084 4987 uere
1105 4926 1133 4985 et
1179 4923 1429 5005 prmnissianum
1455 4921 1660 5003 amplitudine
1680 4924 1808 5005 eandm,
1830 4921 1949 4986 babebit
1969 4921 2052 4986 unde
2069 4920 2163 5003 fidem

156 5022 192 5066 m
222 5002 390 5153 sm
389 5005 532 5087 implebit.
590 5005 705 5072 Vemnu
732 5014 777 5073 est
803 5008 896 5072 etiam
923 5008 1037 5073 deletas
1068 5027 1132 5072 esse
1739 5034 1742 5041 ⁴

159 5087 229 5152 eius
415 5097 443 5155 ει
463 5112 482 5154 r
524 5112 576 5171 as,
604 5093 725 5157 sedita
745 5098 780 5157 ut
825 5093 939 5158 uotidie
960 5094 1061 5158 adbuc
1082 5094 1133 5159 de·
1394 5149 1400 5158 .
2029 5144 2034 5155 ·

159 5173 296 5238 unun-
333 5175 424 5275 me
457 5112 523 5242 sil
540 5178 672 5243 ovem
702 5115 846 5278 camb
873 5180 1026 5279 armum
1045 5179 1133 5277 rm
1185 5215 1240 5267 ..a
1255 5143 2163 5295 tutatast-tbi?dissentientem

159 5258 257 5323 dmnn
276 5265 321 5326 est
342 5267 469 5342 penrtm
492 5263 625 5344 auferat.
671 5263 748 5330 Nise
773 5285 856 5330 enun
876 5265 930 5330 loe
956 5284 1132 5347 rmnpnmus,
1185 5281 1238 5336 364
1254 5298 1324 5352 seqq.
1343 5289 1477 5351 anaema
