4732 6030
183 363 246 424 343
366 327 369 334 ’
792 355 891 422 aar.
913 356 1009 422 xvi
1033 355 1108 441 (x.)
1151 356 1215 420 nn
1238 354 1577 422 snonnnmurrs.
2121 367 2183 428 950
2273 308 2276 313 ⁵

182 473 278 528 naar
292 490 299 541 ;
314 471 424 540 aios,
442 471 545 528 0404.

181 552 450 626 sacramentorum,
472 459 572 612 sicilt
597 569 681 613 nunc
705 566 862 614 mmmmm
883 550 926 611 est
948 544 1088 609 comibus
1109 544 1154 608 la·
1206 545 1424 621 coniunctione,
1443 545 1640 612 distinctione
1660 567 1739 628 opus
1760 568 1825 612 esse
1845 549 1994 628 annom,
2016 571 2055 614 ne
2075 551 2111 615 in
2133 572 2183 616 eu·

167 655 309 700 ‘morum
335 634 591 715 repuleraticnis;
618 636 673 700 sed
694 636 767 716 ipsa
786 633 904 717 pratia,
933 652 997 712 pua
1017 630 1154 694 menbra
1206 635 1290 694 terna
1311 631 1398 713 siena
1418 632 1515 695 mimis
1537 632 1729 698 haereamus.
1744 632 1768 718 ¹)
1809 633 1851 699 Ut
1873 635 1994 699 literam
2015 638 2113 716 sequi,
2135 638 2184 700 im-

184 719 302 786 Ohristi
322 739 392 783 cum
413 740 469 783 siro
491 722 589 800 capite
613 725 845 803 regenerentur,
866 737 927 781 non
948 716 1090 780 omnibuis
1111 720 1155 780 est
1205 717 1285 797 quit,
1314 722 1342 781 et
1365 718 1458 799 sipna
1472 738 1534 799 pro
1555 719 1647 783 rebus
1668 720 1820 800 accipere,
1843 721 1967 785 seruilis
1988 721 2183 802 infirmitatis

181 806 359 872 momnis.
416 804 543 869 Rursus
576 807 653 870 olibi
686 808 724 871 de
755 826 846 870 coeno
873 802 1022 866 Domini:
1040 800 1065 886 ¹)
1098 822 1154 866 nas
1206 807 1257 880 cst,
1278 802 1324 866 sic
1344 802 1497 866 inutiliter
1518 800 1610 886 sipna
1632 806 1843 886 interpretari,
1870 807 1950 870 male
1971 809 2127 888 papantis
2137 830 2183 871 er-

180 912 298 975 puopue
317 890 469 956 numilem
489 892 590 955 cibum
611 892 701 956 hodie
720 892 905 974 accipimus;
926 888 981 952 sed
1000 887 1091 959 aliud
1111 892 1154 950 est
1205 889 1289 952 raris
1321 893 1371 953 est.
1424 888 1496 953 Duo
1522 891 1614 969 ponit
1640 892 1731 969 nitio,
1763 911 1844 971 quae
1870 891 1921 956 hic
1947 894 2084 957 canenda
2109 894 2180 958 sint.

180 983 417 1055 samomentum,
438 977 528 1041 aliud
547 979 647 1041 virtus
667 977 862 1041 sacramenti.
906 974 989 1054 Quid
1010 978 1053 1037 cst
1074 973 1154 1053 quod
1205 973 1357 1053 Alterum,
1380 973 1457 1037 dum
1477 976 1524 1038 ita
1543 976 1715 1055 accipimus
1735 978 1836 1059 apua,
1858 998 1895 1042 ac
1916 979 1947 1042 si
1966 979 2090 1059 frustra
2106 979 2182 1044 data
2207 1051 2210 1057 ,

180 1064 272 1128 multi
298 1064 335 1132 de
354 1062 448 1127 altmi
470 1065 640 1144 occipiunt,
669 1068 697 1128 et
716 1065 908 1138 moriuntur,
930 1063 958 1123 et
979 1058 1153 1141 accipienda
1204 1065 1317 1138 essent,
1346 1064 1510 1141 nostraque
1530 1062 1722 1143 molipnitotc
1743 1082 1878 1127 arcanas
1899 1083 2004 1128 eorum
2026 1065 2182 1147 aprima

180 1149 379 1214 marturum?
423 1148 509 1212 Nam
536 1149 715 1213 etbnccello
741 1147 897 1213 dominica
923 1166 1071 1208 venermm
1091 1144 1154 1225 fuit
1204 1146 1302 1209 tiones
1322 1146 1464 1210 debendo
1485 1153 1542 1210 aul
1563 1148 1754 1212 entenrmrnlo
1775 1149 1936 1230 efficimus,
1957 1170 1997 1214 ne
2016 1170 2106 1231 quem
2128 1171 2182 1216 no-

182 1235 300 1300 Indac:
333 1254 394 1297 non
424 1235 500 1314 quio
532 1235 650 1298 malurn
681 1235 812 1315 accepit,·
847 1233 902 1296 scd
934 1231 1010 1311 quia
1040 1231 1153 1294 bonum
1204 1230 1252 1294 bis
1271 1231 1409 1312 fructum
1429 1233 1570 1313 afferant.
1614 1233 1776 1311 Alterum,
1798 1234 1875 1298 dum
1896 1229 2009 1300 mentes
2029 1237 2115 1300 ultra
2136 1239 2182 1301 oi·

180 1320 261 1386 male
281 1320 384 1384 malus
405 1321 526 1400 accepit.
574 1320 674 1384 Paulo
690 1325 778 1400 past:
799 1310 894 1381 limus
914 1317 961 1380 rei
978 1336 1153 1381 sacramen
1203 1317 1293 1382 sibile
1319 1319 1445 1399 sianum
1473 1338 1535 1382 non
1563 1320 1719 1400 erigendo,
1755 1321 1798 1384 ad
1827 1321 1933 1400 ipsum
1959 1323 2182 1402 transferimus

180 1413 259 1485 tum,
292 1407 327 1470 id
358 1411 415 1484 est,
449 1406 579 1470 unitatis
610 1407 748 1486 corporis
772 1409 800 1470 et
827 1403 995 1485 sanquinis
1026 1400 1150 1481 Glimdi,
1203 1423 1307 1467 eorum
1328 1404 1476 1468 mmmmm
1497 1403 1629 1482 auden,
1649 1425 1729 1484 quoe
1747 1425 1809 1469 non
1829 1407 1895 1470 nisi
1916 1407 1955 1470 ab
1976 1427 2039 1472 uno
2058 1406 2181 1472 Christo

180 1493 295 1559 alicubi
321 1491 470 1571 quotidie,
499 1491 613 1555 alicubi
643 1491 733 1555 certis
765 1491 887 1554 dierum
918 1488 1091 1552 irrteroollis
1117 1489 1152 1550 in
1203 1489 1290 1552 nohis
1317 1490 1532 1570 conferuntur;
1560 1489 1653 1571 idque
1674 1510 1736 1572 per
1761 1492 1910 1570 minutum
1938 1498 2094 1571 sanctum,
2123 1494 2180 1574 qni

180 1598 288 1643 niensa
315 1578 471 1642 dominica
494 1583 725 1658 praeparatum·
751 1581 779 1640 et
803 1577 842 1641 de
870 1595 907 1639 eo
928 1574 1063 1638 sumitur
1083 1574 1152 1654 qui·
1203 1593 1258 1638 nos
1278 1574 1355 1655 facit
1379 1574 1495 1639 Christi
1516 1576 1621 1656 ipsium
1638 1577 1819 1658 participes.

179 1665 310 1730 busdam
338 1664 380 1728 ad
402 1663 512 1741 eitam
540 1663 725 1744 quibusdam
752 1663 794 1726 ad
814 1662 951 1726 mihim.
996 1658 1060 1725 Res
1081 1679 1151 1723 aera
1292 1664 1339 1723 17.
1385 1659 1606 1741 Quamobrem
1628 1662 1731 1726 fixum
1755 1668 1896 1740 maneat,
1919 1685 1985 1727 non
2006 1684 2076 1728 esse
2099 1664 2178 1729 alias

179 1752 265 1832 ipso,
297 1749 386 1812 cuius
417 1753 445 1812 ct
471 1754 698 1813 sacramentum
725 1752 784 1824 est,
812 1747 956 1810 amnibrm
981 1746 1023 1810 od
1044 1746 1149 1822 uitam,
1203 1754 1480 1810 sacramentorum
1507 1767 1605 1827 quam
1632 1748 1724 1811 verbi
1751 1748 1815 1811 Dei
1843 1755 1967 1831 partes:
1996 1758 2179 1832 quaesunt

179 1836 261 1900 nudi
282 1836 325 1898 acl
346 1836 483 1911 erilium,
506 1835 678 1915 quicunque
699 1834 768 1898 eius
782 1834 943 1914 particeps
962 1831 1066 1912 sumit.
1107 1828 1152 1893 Et
1203 1832 1319 1895 offerre
1342 1832 1434 1897 nobis
1457 1853 1494 1897 ao
1515 1853 1696 1914 proponere
1718 1832 1904 1911 Christum,
1934 1843 1966 1898 ot
1987 1835 2024 1898 i'n
2045 1857 2083 1899 eo
2105 1857 2177 1900 eos-

180 1922 339 2002 aliquanto
366 1925 436 1983 ante
460 1920 596 1984 dixerat:
628 1940 688 1984 marc
709 1920 873 1998 morietur,
905 1918 961 1998 qui
983 1916 1152 1980 marnluca»
1201 1917 1292 1981 lestis
1314 1919 1438 2000 gratiae
1459 1918 1639 1982 thesauros.
1684 1918 1776 1982 Nihil
1800 1927 1909 1984 autem
1927 1921 2099 1984 eonferunt
2120 1928 2178 1985 ant

179 2009 273 2085 oerit,·
300 2007 354 2072 sed
380 2007 435 2086 qui
454 2007 589 2085 pertimet
614 1997 660 2069 ad
683 2006 826 2068 uirtutem
858 2005 1058 2081 socranccnti,
1089 2022 1151 2065 nou
1202 2011 1354 2084 prosunt,
1377 2004 1441 2068 nisi
1464 2004 1504 2068 iis
1527 2025 1547 2067 a
1567 2003 1683 2085 quibus
1705 2003 1769 2068 fido
1791 2007 2002 2087 accipiuntur.
2048 2006 2177 2072 (lavan-

180 2094 222 2158 ad
253 2093 374 2156 aisimle
405 2093 646 2169 sacromentum
679 2093 735 2172 qui
766 2091 933 2154 nmudncat
957 2091 1057 2167 imus,
1090 2109 1152 2150 reon
1204 2088 1281 2152 dum
1303 2096 1487 2171 praeterea,
1516 2110 1557 2152 ne
1584 2090 1619 2152 in
1641 2111 1784 2153 errorem
1814 2091 1930 2176 huio²)
1959 2093 2091 2156 affinem
2118 2114 2178 2157 nos

177 2179 274 2262 foris5
294 2179 350 2259 qui
369 2178 536 2241 munducat
557 2178 652 2254 corde,
674 2197 736 2240 non
757 2177 811 2256 qui
826 2177 944 2257 premit
959 2176 1055 2239 docte.
1088 2172 1152 2237 Hic
1204 2173 1380 2252 abducant,
1415 2196 1498 2257 quaa
1528 2174 1569 2238 ad
1602 2175 1865 2256 amplificandam
1899 2185 2178 2244 saoramantornm

179 2264 290 2345 umque
312 2264 412 2341 audis,
435 2269 662 2327 sacramentum
683 2263 729 2326 sic
746 2283 767 2326 a
788 2282 849 2324 sua
865 2263 992 2326 audate
1007 2260 1152 2341 separari
1203 2261 1397 2342 dignitatem
1416 2261 1513 2343 paulo
1533 2261 1796 2343 magnificantius
1823 2283 1843 2325 a
1869 2264 2034 2328 veteribus
2057 2266 2179 2345 scripta

179 2350 363 2432 indipnitate
389 2349 551 2427 sumentis,
579 2354 615 2413 ut
634 2348 714 2412 nihil
734 2352 859 2411 maneat
878 2352 1006 2427 praeter
1025 2347 1152 2410 imorem
1203 2353 1287 2412 sunt.
1333 2347 1380 2412 Ut
1401 2347 1524 2412 seilicet
1541 2346 1746 2423 arbitremur,
1769 2346 1925 2411 latentem
1945 2349 2088 2431 aliquam
2109 2351 2177 2415 vir-

181 2435 368 2501 etinutilem
392 2436 535 2517 pipnrani.
592 2433 633 2500 Ut
661 2438 763 2498 autem
791 2454 854 2498 non
880 2434 1006 2515 sipnum
1025 2433 1153 2496 cerdate
1202 2439 1305 2497 tutem
1327 2432 1540 2497 moramentis
1562 2430 1724 2496 adnexam
1746 2433 1942 2514 affixumque
1964 2456 2043 2512 esse,
2062 2456 2125 2516 quo
2142 2437 2178 2500 in

180 2542 320 2600 uacuum,
343 2521 397 2585 sed
417 2542 483 2585 rem
503 2540 572 2584 cum
592 2521 681 2601 signa
702 2519 823 2597 habeas,
846 2518 971 2582 cubum
990 2518 1071 2598 quod
1087 2517 1152 2580 illic
1202 2520 1281 2600 ipsis
1305 2517 1685 2599 distribuanturspiritus
1703 2518 1807 2582 saneti
1826 2519 1999 2602 gramnat)
2022 2521 2177 2602 quemad-

179 2608 335 2672 inclusum
363 2612 420 2685 est,
448 2606 510 2686 tide
530 2605 746 2688 apprehendas
765 2609 885 2687 opertet.
932 2603 985 2668 Sic
1003 2608 1153 2683 quonium
1203 2603 1337 2667 modum
1354 2604 1469 2668 vinum
1486 2603 1522 2666 in
1541 2611 1665 2668 cratero
1682 2605 1875 2685 propinatur
1881 2628 1889 2683 ;
1907 2625 2008 2685 quum
2025 2605 2087 2671 hoo
2104 2617 2177 2672 tan-

162 2695 215 2758 ·in
244 2692 362 2759 Christi
394 2692 663 2756 communicatione
691 2690 834 2772 merides
860 2710 931 2772 per·
948 2693 1151 2767 sacrameto,
1203 2698 1274 2753 tum
1295 2689 1331 2753 in
1347 2689 1530 2754 ministerio
1551 2688 1709 2766 habeant,
1735 2689 1903 2754 testificari
1924 2691 2018 2754 nobis
2040 2712 2077 2756 ae
2101 2714 2177 2756 oon-

180 2784 299 2845 tantum
320 2800 358 2843 er
378 2778 445 2842 illis
466 2779 569 2860 capies
589 2777 744 2842 utilitatis.
1202 2777 1334 2839 firmare
1355 2776 1419 2839 Dei
1441 2776 1476 2840 in
1497 2796 1557 2839 nos
1579 2774 1847 2853 benevolentiam,
1870 2797 1930 2841 nso
1947 2776 2084 2841 ulterius
2102 2798 2177 2858 pro-

270 2870 316 2928 16.
363 2864 405 2929 Id
430 2865 460 2927 si
480 2868 524 2928 est
543 2863 704 2928 obscurius
731 2867 859 2944 propter
877 2861 1061 2938 brccdamm
1078 2859 1152 2941 plu·
1202 2862 1329 2938 finiant,
1359 2861 1423 2926 nisi
1452 2862 1626 2926 accesserit
1646 2859 1780 2943 spiritus
1802 2869 1950 2938 sanctus,
1973 2863 2028 2944 qui
2049 2870 2177 2927 montes

179 2951 267 3015 ribus
291 2949 392 3014 nerlu
418 2970 578 3032 asponam.
624 2947 781 3013 Christum
807 2951 1070 3011 sacramentorum
1091 2965 1152 3010 orn·
1203 2968 1240 3012 aa
1272 2946 1371 3012 corda
1402 2954 1515 3011 nostra
1547 2948 1685 3028 aperiat,
1719 2967 1841 3028 nosque
1870 2947 1967 3012 huius
1999 2949 2177 3012 testimonii

179 3038 268 3101 nium
289 3037 462 3114 materiam,
485 3036 543 3114 ael,
567 3036 732 3112 simonis,
755 3033 960 3098 substantiam
981 3052 1047 3096 csse
1067 3032 1152 3096 dico:
1202 3054 1336 3115 capaces
1358 3030 1481 3097 reddat.
1520 3031 1582 3097 Ubi
1605 3033 1704 3096 etiarn
1724 3032 1836 3096 variae
1858 3031 2094 3115 distinctaeque
2111 3033 2177 3098 Dei

178 3124 304 3206 quondo
331 3124 366 3184 in
394 3123 463 3203 ipso
487 3127 580 3187 totam
609 3120 716 3184 hahent
742 3139 835 3183 suam
860 3119 1061 3195 soliditatem,
1097 3136 1152 3180 nec
1202 3119 1327 3202 gratiae
1355 3118 1538 3183 luculenter
1565 3118 1718 3182 eminent.
1771 3115 1985 3183 Sacramenta
2006 3119 2109 3196 enim,
2140 3127 2177 3184 ut

178 3209 351 3289 quidquam
379 3213 466 3271 estro
493 3208 599 3288 ipsum
621 3207 814 3287 promittunt.
868 3205 1027 3285 &mutum
1053 3204 1152 3286 ipitur
1201 3225 1301 3287 snpra
1322 3203 1504 3287 attigimus,
1533 3203 1567 3267 id
1594 3211 1672 3267 sunt
1692 3203 1785 3268 nobis
1807 3225 1827 3267 a
1848 3204 2004 3282 Domino,
2027 3204 2112 3287 quod
2135 3204 2176 3269 ab

180 3299 246 3356 tum
267 3294 309 3356 ad
329 3314 435 3357 omum
459 3290 576 3356 Christi
597 3291 865 3375 intellipentiamt)
887 3291 923 3353 in
944 3289 1031 3354 nolis
1050 3289 1151 3370 faven-
1201 3290 1388 3355 hominibus
1409 3310 1520 3353 rerum
1545 3289 1706 3353 laetarum
1732 3289 1848 3354 nuntii.
1894 3290 1941 3355 Ut
1962 3312 2045 3372 quae
2067 3311 2134 3355 non
2155 3313 2176 3356 a
2251 3338 2260 3347 -

180 3379 263 3456 darn,
285 3378 541 3459 confirmandam,
568 3378 758 3461 auperuiom,
783 3382 849 3440 tum
870 3376 913 3438 ad
933 3396 1004 3441 eum
1023 3374 1151 3455 plenius
1201 3397 1234 3440 se
1266 3375 1397 3458 quidem
1431 3375 1614 3458 largiantur
1641 3374 1763 3457 aliquid
1795 3376 1934 3458 gratiam
1968 3374 2026 3440 sed
2053 3397 2175 3440 renun-

175 3465 417 3546 passidendum,
442 3463 653 3545 fruendosque
678 3465 748 3528 eius
775 3463 918 3539 diuitias,
946 3461 1074 3526 illarum
1093 3462 1151 3524 mi·
1201 3463 1285 3525 tisnt
1307 3467 1340 3525 st
1361 3458 1547 3538 ostendant,
1571 3482 1653 3542 quae
1676 3461 1788 3526 divina
1810 3460 1961 3543 largitate
1983 3462 2076 3526 nobis
2099 3460 2176 3526 data

181 3550 309 3614 nisime
337 3551 540 3627 adiuvamur,
569 3555 689 3613 tantum
717 3549 804 3630 opud
831 3568 888 3612 nos
915 3546 1071 3628 efficaciae
1096 3546 1152 3609 ha·
1202 3554 1288 3612 sunt.
1345 3544 1489 3630 Spiritus
1516 3555 1662 3622 sanctus,
1697 3568 1792 3629 quem
1820 3568 1885 3610 non
1919 3547 2068 3611 omnibus
2100 3567 2176 3628 pro·

182 3635 255 3699 berit.
301 3635 342 3700 ld
363 3640 465 3698 autem
484 3635 532 3715 m,
564 3635 619 3698 ubi
639 3635 720 3714 quad
742 3634 806 3698 illic
827 3634 966 3714 offertur,
995 3653 1068 3697 uera
1088 3632 1151 3712 dde
1201 3633 1324 3698 miscus
1356 3642 1560 3697 sacramenta
1589 3632 1769 3710 advehunt,
1805 3630 1862 3695 sed
1889 3652 1986 3714 quem
2013 3632 2176 3698 Dominus

180 3722 379 3803 suscipimus.
423 3719 555 3802 Erpmm
577 3721 708 3800 inquies,
731 3720 766 3783 id
787 3719 924 3802 efficiunt
940 3739 1001 3782 suo
1021 3718 1150 3801 inprati-
1201 3718 1408 3801 peculiariter
1430 3718 1497 3783 suis
1519 3718 1657 3796 confert,
1681 3720 1709 3783 is
1731 3725 1793 3795 ast,
1816 3717 1873 3798 qui
1893 3717 1958 3782 Dei
1980 3719 2102 3801 gratias
2125 3740 2176 3783 so-

181 3809 288 3872 tudine
308 3806 415 3887 impii,
438 3810 474 3869 ut
494 3807 588 3871 irrita
607 3807 648 3869 sit
669 3805 733 3870 Dei
755 3805 921 3882 ordinatio,
955 3825 993 3868 oc
1014 3806 1048 3867 in
1068 3804 1150 3867 nihi
1202 3826 1276 3869 anm
1298 3805 1401 3881 affort,
1425 3805 1479 3886 qui
1504 3802 1560 3872 dat
1580 3803 1793 3869 saarnmentis
1814 3806 1850 3866 in
1871 3803 1964 3867 nobis
1982 3802 2097 3882 locum,
2121 3806 2177 3886 qui

106 3975 109 3980 Ι
180 3893 247 3957 lum
283 3894 391 3957 cedat?
440 3891 633 3974 Respondea,
661 3912 722 3955 nan
743 3893 788 3955 sic
814 3890 1046 3972 intellipendum
1068 3889 1150 3970 quod
1202 3891 1299 3954 cffieit
1326 3901 1365 3954 ut
1390 3889 1595 3955 fructificant.
1640 3888 1837 3972 Quanquam
1864 3896 1973 3953 autam
1995 3890 2176 3955 Dominum

180 3980 263 4057 diui,
292 3981 386 4060 qrcosi
407 3979 445 4042 ah
466 3979 550 4055 eius,
578 3979 634 4059 qui
654 3978 778 4058 recipit,
801 3977 970 4041 conditione
991 3981 1048 4039 aut
1067 3977 1150 4057 inpe-
1200 3975 1466 4058 praesentissima
1495 3975 1628 4056 spiritus
1656 3975 1708 4039 sui
1728 3975 1850 4039 virtute
1871 3995 1949 4039 suaa
1976 3975 2176 4040 institutioni

181 4065 234 4126 nio
259 4066 308 4127 eis
329 4071 357 4128 et
381 4065 496 4128 nudas
527 4064 712 4127 sacramenti
739 4064 880 4144 pendeat.
932 4062 1042 4126 Manet
1068 4061 1151 4125 enirn
1202 4056 1314 4126 adesse
1342 4083 1407 4125 non
1432 4061 1631 4138 inficiamur,
1659 4083 1701 4125 ne
1722 4062 1924 4125 infructuosa
1949 4061 1993 4125 sit
2013 4068 2046 4125 et
2066 4061 2175 4126 inanis

178 4151 307 4231 firmum
329 4151 410 4230 quod
427 4149 517 4213 Deus
534 4149 678 4228 instituit,
700 4154 905 4229 naturamque
920 4169 1014 4212 suam
1033 4149 1149 4225 retinet,
1202 4168 1300 4229 quam
1334 4147 1498 4211 ordinavit
1529 4155 1808 4212 sacramentorum
1840 4145 2091 4225 administratio,
2125 4148 2175 4210 in-

181 4239 334 4314 utcnnaue
354 4237 474 4299 varient
495 4235 648 4312 homincs;
670 4235 724 4299 sed
745 4255 843 4315 quum
863 4235 953 4298 aliud
973 4235 1016 4297 sit
1032 4234 1149 4314 affare,
1201 4233 1354 4298 tortorem
1376 4238 1487 4297 tamen
1507 4233 1640 4315 spiritus
1660 4233 1808 4316 gratiam,
1831 4239 1869 4295 nt
1892 4231 1932 4297 ab
1955 4241 2091 4296 externo
2113 4231 2175 4294 mi·

181 4321 271 4384 aliud
290 4322 430 4403 recipere,
451 4321 531 4385 nihil
548 4323 644 4386 obstat
659 4322 824 4401 quominus
840 4325 1047 4385 consecratum
1063 4318 1151 4383 umba
1201 4319 1336 4383 nisterio
1359 4318 1513 4384 distinata
1535 4326 1598 4395 ast,
1627 4338 1774 4383 seorsum
1795 4316 2012 4400 reputandam
2033 4322 2066 4380 et
2087 4317 2175 4400 eogi-

180 4406 313 4471 Domini
339 4406 508 4488 symbolum
535 4407 577 4470 sit
602 4427 636 4470 rc
662 4426 737 4470 uero
762 4406 844 4486 quad
870 4407 1000 4482 dicitur,
1029 4406 1152 4484 uimque
1201 4402 1336 4470 tandam
1365 4405 1525 4469 docemus.
1575 4401 1616 4467 Id
1642 4425 1743 4486 quum
1769 4402 1903 4469 doestur
1924 4400 1963 4466 da
1991 4421 2176 4466 sacraman-

180 4512 273 4556 suam
293 4502 453 4571 conseruet,
474 4492 564 4556 nulla
584 4497 686 4556 tomen
706 4493 779 4557 inde
800 4491 921 4556 utilitas
942 4492 984 4555 ad
1001 4490 1152 4555 homimm
1202 4491 1259 4569 tis,
1288 4498 1323 4555 at
1348 4512 1459 4556 sorum
1488 4489 1631 4573 dignitas
1662 4490 1828 4572 praeelare
1857 4485 2118 4564 commandatur,
2142 4495 2178 4552 at

180 4577 338 4642 scelestum
367 4598 403 4643 ac
428 4579 562 4660 impium
584 4579 754 4660 perueniat.
806 4576 867 4640 Sed
894 4577 974 4641 hane
999 4577 1152 4656 quaestio·
1201 4599 1280 4642 usus
1308 4584 1420 4659 aperta
1447 4576 1626 4655 indicatur,
1657 4584 1691 4641 at
1711 4576 1838 4640 utilitas
1859 4573 1987 4639 abunde
2009 4572 2175 4653 praediea-

180 4684 249 4727 nem
270 4666 386 4746 paucis
412 4666 513 4728 notu
539 4665 610 4728 benc
634 4664 724 4728 saluit
740 4662 963 4745 Aupustinus:
977 4661 1006 4746 ⁸)
1034 4664 1064 4726 si
1085 4682 1152 4726 car-
1203 4669 1267 4740 tur,
1290 4670 1324 4727 et
1344 4662 1460 4727 modus
1481 4663 1517 4726 in
1538 4663 1578 4727 iis
1600 4664 1752 4727 omnibus
1773 4662 1914 4743 optimus
1941 4658 2103 4722 retinetur
2110 4681 2118 4738 ;
2140 4663 2178 4722 ut

179 4750 300 4828 naliter,
322 4751 432 4830 inquit,
454 4752 579 4831 mpu,
603 4749 766 4832 spirituale
787 4769 851 4813 esse
872 4769 931 4812 non
948 4749 1077 4826 desinit·
1098 4746 1153 4811 sed
1204 4768 1308 4829 neque
1334 4747 1500 4813 deferatur
1530 4748 1595 4813 illis
1622 4748 1798 4830 quidquam
1824 4743 1910 4827 quod
1937 4764 2004 4806 non
2038 4750 2175 4827 oportet,

180 4836 236 4898 tibi
264 4858 324 4901 reon
350 4841 402 4900 cst.
455 4836 718 4917 Quemadmodum
743 4854 813 4898 aero
840 4838 1066 4898 sacromentum
1087 4853 1152 4897 rem
1204 4850 1312 4914 neque
1333 4855 1465 4898 rursum
1488 4832 1573 4916 qnod
1600 4834 1665 4897 illis
1694 4831 1845 4897 convenit
1872 4829 2075 4893 detrahatur.
2120 4830 2177 4893 In·

181 4941 245 4985 esse
267 4922 375 4999 nihili,
406 4924 476 4986 sia
505 4924 630 4986 cordate
652 4942 713 4986 sua
733 4925 914 5002 separatur,
942 4919 1154 5001 superioribus
1182 4920 1302 4983 'terim
1331 4918 1416 4983 illud
1446 4920 1574 4983 tollitur
1602 4921 1809 5002 figmentum,
1844 4936 1908 4998 quo
1936 4915 2177 4980 iustificationis

180 5005 254 5069 lacis
270 5009 417 5072 ostemld
443 5008 658 5090 Augustinus,
691 5008 737 5071 sic
764 5006 841 5073 alibi
872 5007 1008 5087 inipso
1035 5025 1154 5087 queam
1207 5059 1409 5066 ...-....

1275 5139 1305 5208 1)
1322 5140 1396 5194 Libr.
1415 5140 1439 5194 3.
1458 5142 1492 5195 de
1510 5128 1623 5194 doetriin
1643 5139 1734 5192 christ
1753 5155 1774 5190 c.
1793 5136 1818 5191 9.
1882 5136 1913 5204 2)
1930 5137 2008 5190 huius
2027 5135 2096 5191 1543
2107 5153 2177 5209 seqq.

251 5211 739 5278 1)1n10nnn.H0mi1.26,11.15.
790 5211 821 5281 2)
837 5212 964 5266 notitiem
981 5209 1056 5265 1⁵53.
1076 5209 1152 5265 1554„
1205 5207 1236 5276 3)
1262 5225 1316 5277 quo
1341 5210 1401 5279 ipsa
1426 5227 1476 5279 per
1500 5225 1529 5262 so
1551 5209 1663 5276 spiritns
1693 5207 1779 5260 sanati
1805 5207 1907 5277 gratias
1936 5207 2015 5260 nobis
2038 5207 2178 5275 conterant

180 5279 621 5348 3)H0mi1.inloann‚26.1.c.
1204 5276 1273 5332 1548
1290 5292 1360 5348 seqq.
1389 5315 1392 5322 ‚

1917 5357 1975 5413 60⁸
